1790 3090
107 107 192 152 290

840 113 894 146 IN
923 113 1140 147 PISONEM.

177 188 318 225 rantes
352 182 571 241 ingressus
603 190 715 238 tuos,
744 186 820 228 sed
851 186 955 229 totis
987 183 1325 228 volutationibus
1355 186 1545 242 corporis
1571 193 1614 230 et
1635 189 1753 232 cubi-

176 239 304 293 libus,
336 243 550 297 persecuti
571 257 732 284 sumus.

793 243 956 285 Notata
974 243 1000 284 a
1020 242 1144 284 nobis
1163 248 1262 283 sunt
1283 249 1325 285 et
1345 242 1482 299 prima
1503 244 1576 285 illa
1592 247 1755 288 scelera

131 300 157 339 5
177 295 220 338 in
265 298 464 348 adventu,
505 298 615 348 cum,
662 300 843 357 accepta
880 299 1063 356 pecunia
1097 298 1123 339 a
1158 298 1468 354 Dyrrhachinis
1507 301 1561 342 ob
1601 316 1751 344 necem

174 353 358 409 hospitis
383 354 443 395 tui
467 355 667 405 Platoris,
698 358 789 413 ejus
818 357 953 413 ipsius
987 357 1162 398 domum
1182 357 1384 408 evertisti,
1416 357 1562 413 acujus
1580 359 1755 413 sangui-

174 425 273 451 nem
295 410 543 462 addixeras3
575 427 773 469 eumque,
803 414 934 455 servis
964 412 1283 469 symphoniacis
1315 421 1358 454 et
1383 413 1477 455 aliis
1510 415 1754 457 muneribus

175 467 378 521 acceptis,
414 468 636 510 timentem
664 478 706 511 et
737 470 918 511 multum
949 470 1216 511 dubitantem
1246 470 1529 523 confirmasti,
1557 478 1600 512 et
1621 471 1754 513 Thes-

174 522 408 565 salonicam
424 525 508 566 fide
530 526 604 566 tua
622 526 964 582 venirejussisti3
999 541 1127 583 quem
1147 541 1200 567 ne
1220 527 1429 581 majorum
1450 528 1621 584 quidem
1637 543 1753 570 more

104 583 155 623 10
175 580 387 635 supplicio
420 581 617 634 affecisti,
650 583 747 624 cum
779 583 905 625 miser
932 583 1004 624 ille
1028 583 1249 624 securibus
1271 583 1452 640 hospitis
1475 584 1540 625 sui
1564 584 1753 626 cervices

174 636 383 692 subjicere
399 639 597 694 gestiret3
628 641 704 681 sed
722 640 759 680 ei
776 641 959 692 medico,
975 655 1103 696 quem
1116 646 1260 681 tecum
1277 640 1500 692 eduxeras,
1517 641 1751 698 imperasti,

172 700 221 733 ut
236 708 365 735 venas
387 695 570 737 hominis
592 697 818 738 incideret:
856 697 952 738 cum
971 697 1170 752 equidem
1187 696 1290 737 btibi
1308 696 1437 738 etiam
1457 698 1650 739 accessio
1672 698 1752 739 fuit

174 749 228 790 ad
249 765 398 791 necem
428 752 611 794 Platoris
642 754 866 795 Pleuratus
899 755 990 810 ejus
1023 768 1183 805 comes,
1216 768 1343 809 quem
1374 753 1539 795 necasti
1569 754 1754 796 verberi-

173 805 270 857 bus,
292 808 458 848 summii
478 817 698 851 senectute
721 811 980 852 confectum.
1023 810 1228 866 Idemque
1244 816 1291 850 tu
1309 810 1626 863 Rabocentum,
1649 811 1754 853 Bes-

103 865 153 906 15
174 862 274 903 sicae
298 864 439 918 gentis
461 866 712 921 principem,
744 867 839 908 cum
861 875 903 909 te
924 867 1126 908 trecentis
1148 867 1320 908 talentis
1342 867 1431 921 regi
1456 866 1587 909 Cotto
1608 867 1755 909 vendi-

173 918 328 970 disses,
362 921 499 961 securi
529 924 779 976 percussisti
811 923 927 975 (cum
955 923 1027 964 ille
1054 924 1107 963 ad
1139 930 1181 964 te
1202 924 1369 979 legatus
1392 924 1436 964 in
1457 932 1597 966 castra
1616 924 1754 965 venis-

173 982 251 1023 set,
274 982 318 1016 et
333 976 412 1017 tibi
431 991 586 1033 magna
606 979 805 1033 praesidia
821 986 864 1020 et
877 979 1033 1020 auxilia
1051 979 1076 1019 a
1093 979 1241 1020 Bessis
1258 980 1453 1034 peditum
1473 981 1753 1036 equitumque

171 1031 480 1086 polliceretur);
520 1049 657 1091 neque
680 1051 777 1076 eum
803 1035 955 1087 solum,
988 1035 1065 1076 sed
1094 1035 1224 1075 etiam
1253 1042 1431 1076 caeteros
1462 1038 1648 1092 legatos,
1678 1037 1752 1093 qui

173 1088 298 1129 simul
324 1097 551 1142 ve11eraut3
595 1107 775 1147 quorum
811 1092 1002 1133 omnium
1038 1091 1182 1147 capita
1221 1092 1311 1148 regi
1343 1091 1474 1133 Cotto
1505 1093 1752 1135 vendidisti.

97 1152 152 1193 20
173 1145 420 1187 Denseletis
441 1148 553 1202 (quae
570 1149 703 1200 natio,
726 1165 893 1205 semper
910 1148 1115 1190 obediens
1135 1148 1238 1189 huic
1257 1147 1452 1203 imperio,
1470 1148 1599 1190 etiam
1617 1149 1661 1191 in
1675 1149 1752 1191 illa

172 1203 362 1243 omnium
385 1204 660 1246 barbarorum
689 1206 933 1247 defectione
963 1204 1269 1256 Macedonica,
1303 1205 1352 1245 C.
1375 1205 1583 1247 Sentium.
1599 1213 1752 1262 praeto-

171 1274 259 1300 rem
280 1266 420 1301 tutata
442 1267 526 1314 est)
558 1262 769 1303 nefarium
790 1263 951 1303 bellum
972 1268 1014 1303 et
1038 1262 1209 1303 crudele
1241 1261 1444 1303 intulisti:
1478 1263 1624 1319 eisque
1653 1262 1752 1304 cum

170 1315 435 1358 fidelissimis
458 1318 587 1360 sociis
610 1319 671 1360 uti
693 1335 857 1376 posses,
879 1319 1075 1361 hostibus
1098 1319 1158 1359 uti
1180 1318 1395 1359 acerrimis
1418 1319 1623 1360 maluisti.
1684 1320 1752 1361 Ita

170 1379 398 1429 perpetuos
431 1375 678 1417 defensores
715 1376 1004 1428 Macedoniae,
1032 1382 1256 1417 vexatores
1293 1390 1343 1416 ac
1378 1376 1617 1431 perditores
1650 1378 1752 1419 effe-

94 1436 150 1476 25
170 1430 282 1471 c1sti.

342 1430 583 1487 Vectigalia
600 1439 747 1474 nostra
770 1433 1086 1489 perturbarunt,
1120 1433 1246 1473 urbes
1280 1440 1500 1487 ceperunt,
1531 1433 1753 1475 vastarunt

169 1501 309 1543 agros,
338 1489 480 1529 socios
501 1496 671 1531 nostros
694 1491 738 1531 in
760 1491 1007 1532 servitutem
1028 1490 1314 1540 abduxerunt,
1347 1489 1531 1530 familias
1556 1490 1750 1546 abripue-

168 1551 279 1595 runt,
315 1559 448 1600 pecus
468 1547 724 1602 abegerunt3
756 1546 1178 1597 Thessalonicenses,
1211 1545 1309 1587 cum
1338 1546 1496 1601 oppido
1524 1546 1750 1610 desperas-

168 1607 278 1651 sent,
310 1601 473 1643 munire
496 1618 637 1645 arcem
669 1604 917 1660 cocgerunt.

995 1604 1034 1644 A
1057 1610 1100 1644 te
1121 1603 1145 1644 J
1150 1602 1239 1644 ovis
1262 1601 1353 1642 Urii
1375 1602 1521 1643 fanum
1540 1603 1750 1660 antiquis-

167 1657 321 1700 simum
337 1659 610 1702 barbarorum
625 1661 1030 1718 sanctissimumque
1048 1660 1262 1716 direptum
1276 1665 1355 1702 est.
1399 1659 1491 1702 Tua
1511 1661 1675 1715 scelera
1689 1660 1748 1702 dii

661 1834 810 1886 aevjus
832 1834 1085 1874 vendideras
1107 1833 1250 1872 vitam.

364 1887 634 1941 badjmzoeisti
655 1892 711 1931 ad
730 1896 904 1932 mortem
924 1892 1115 1931 Platoris
1135 1894 1309 1931 mortem
1332 1889 1546 1930 Pleurati.

206 2061 238 2090 3.
265 2057 442 2100 cubilibus]
500 2060 624 2091 Cubilia
639 2061 783 2091 dicuntur
798 2060 850 2092 illa
866 2061 934 2092 loca

164 2101 217 2131 ubi
233 2101 424 2132 delitescunt
441 2103 562 2139 belluae,
582 2110 613 2134 ct
629 2105 716 2145 quasi
733 2105 935 2136 stabulantur.

206 2147 237 2175 5.
261 2145 505 2187 Dyrrhachinis]
567 2146 799 2188 Dyrrhachium
816 2149 886 2178 urbs
903 2148 935 2177 in

162 2188 356 2218 Macedonia
372 2190 411 2219 ad
430 2200 512 2220 mare
533 2189 741 2226 Adriaticum,
766 2192 851 2221 unde
875 2191 936 2221 sol-

161 2231 241 2261 vitur
270 2231 301 2261 in
326 2232 470 2263 Italiam:
503 2232 575 2263 olim
600 2233 780 2273 Epidamnus
804 2235 936 2265 vocaba-

163 2279 220 2309 tur,
258 2285 340 2305 nunc
373 2275 531 2313 Durazzo;
562 2277 613 2306 ubi
650 2277 760 2307 Cicero
794 2282 933 2318 tempore

161 2317 207 2346 sui
232 2317 330 2347 exsilii
353 2324 560 2349 commoratus
588 2325 646 2356 est,
672 2321 772 2350 donec
795 2319 934 2351 senatus-

161 2360 301 2390 consulto
318 2367 527 2392 revocaretur.

205 2405 234 2433 6.
258 2403 416 2444 Platoris]

158 2445 199 2475 de
216 2446 352 2487 Harusp.
369 2447 551 2488 Responsis.

202 2490 233 2519 7.
256 2489 349 2520 Servis
363 2491 598 2532 symphoniacis]

157 2538 285 2572 ceperat
301 2532 319 2562 ῑι
336 2533 470 2564 Platore.

203 2577 234 2606 8.
283 2575 535 2618 Thessalonicam]
601 2577 824 2609 Thessalonica
862 2579 933 2609 urbs

158 2618 370 2654 Macedoniae,
398 2619 470 2649 olim
488 2621 576 2650 sedes
594 2622 795 2660 proconsulis.

202 2664 255 2690 10.
301 2661 452 2692 securibus
489 2664 631 2703 hospitis]
679 2665 841 2705 Supplicia
866 2666 932 2696 haec

462 2405 513 2436 De
528 2406 587 2436 hoc
605 2406 722 2437 dictum
738 2405 830 2436 estin
847 2407 939 2437 Orat.

666 2492 775 2522 Servos
795 2492 863 2522 illos
885 2502 937 2523 ac-

1023 2064 1074 2091 11.
1100 2059 1139 2090 Εἰ
1161 2059 1295 2101 medica]
1342 2059 1504 2092 Medicum
1530 2069 1587 2100 pro
1608 2059 1749 2102 chirurgo

979 2104 1068 2135 dicit.

1024 2149 1076 2178 15.
1102 2146 1178 2188 Regi
1201 2146 1310 2186 Cotta]
1354 2145 1477 2183 Cottus,
1492 2150 1545 2177 aut
1560 2146 1671 2188 Cotys,
1694 2157 1750 2176 no-

981 2201 1051 2220 men
1067 2190 1127 2220 suit
1141 2201 1246 2229 regum
1262 2189 1414 2227 Thraciae,
1439 2195 1473 2219 ut
1492 2189 1624 2221 Arsaces
1640 2189 1750 2220 Persa-

978 2244 1056 2269 rum,
1081 2238 1159 2264 teste
1174 2233 1274 2263 Livio.

1022 2280 1076 2307 520.
1120 2275 1306 2314 Demadis]
1354 2275 1530 2311 Denseleti‚
1558 2273 1628 2306 cum
1659 2274 1748 2305 initio

979 2330 1090 2360 pacem
1105 2319 1224 2360 ingenti
1245 2318 1380 2360 pecnnia
1397 2319 1543 2349 emissent
1555 2318 1573 2348 a
1585 2318 1746 2354 Romanis,

977 2363 1058 2393 bello
1069 2362 1217 2397 lacessiti,
1241 2362 1386 2393 acerrime
1403 2373 1469 2392 sese
1485 2361 1540 2392 ulli
1556 2367 1639 2393 sunt.

1023 2408 1077 2437 21.
1099 2405 1324 2444 Barbarorum]
1382 2404 1461 2435 Cum
1476 2405 1611 2434 Thraces
1627 2404 1658 2434 in
1674 2403 1748 2434 Ma-

980 2449 1144 2480 cedoniam
1156 2449 1367 2486 incurrissent,
1384 2453 1478 2488 atque
1493 2458 1561 2477 eam
1578 2452 1682 2477 essent
1692 2458 1747 2488 po-

980 2492 1091 2532 pulati,
1115 2491 1269 2527 Sentium,
1294 2496 1327 2520 ut
1351 2490 1495 2531 Sigonius
1511 2489 1567 2528 ait,
1587 2500 1649 2519 non
1672 2490 1748 2520 Sex-

977 2535 1065 2573 tium,
1089 2534 1253 2565 Denselcti
1279 2533 1368 2564 tutati
1399 2538 1481 2568 sunt,
1512 2532 1530 2562 a
1560 2533 1673 2573 quibus
1696 2533 1748 2564 isti

978 2578 1096 2608 barbari
1111 2577 1248 2617 superati
1262 2581 1342 2606 sunt.

1019 2622 1074 2651 28.
1095 2620 1174 2650 Jovis
1192 2619 1284 2660 Urit]
1328 2619 1454 2659 Jupiter
1478 2618 1571 2649 Urius
1595 2618 1612 2648 ’ῖι
1637 2628 1746 2649 secun-

978 2666 1019 2695 do
1036 2670 1129 2694 vento
1152 2663 1251 2692 (lictus
1276 2666 1332 2697 cst,
1355 2662 1406 2692 cui
1430 2662 1462 2692 in
1486 2662 1628 2692 faucibus
1651 2661 1747 2692 Ponti

154 2710 306 2734 consueta
328 2706 412 2746 apud
431 2706 590 2737 Romanus
606 2706 705 2745 fuere,
728 2719 814 2750 crux,
841 2719 927 2740 secu·
972 2707 1085 2739 Euxini
1101 2706 1250 2746 templum
1267 2705 1402 2746 positum
1419 2705 1514 2735 fuisse
1539 2704 1644 2736 scribit
1666 2705 1744 2736 Tur-

154 2746 209 2784 ris,
232 2752 264 2778 et
278 2747 414 2788 dejectio
428 2750 468 2780 de
484 2760 572 2791 rupe.

975 2751 1086 2788 nebus,
1101 2749 1233 2781 Advers.
1247 2748 1302 2782 lib.
1318 2750 1371 2781 21.
1388 2759 1459 2791 cap.
1478 2750 1529 2780 15.
