1858 3095
651 133 703 178 m
725 131 986 169 curruum
1008 132 1076 166 111.

96 210 261 258 acervis
295 222 519 268 corporum
555 213 603 251 et
637 210 799 253 civium
835 211 1044 267 sanguine
1083 209 1350 255 redundavit.
1426 211 1655 269 superavit

96 268 250 325 postea
280 268 420 310 Cinna
447 280 545 309 cum
577 264 739 319 Mari03
778 275 868 309 tum
902 267 1017 318 vero,
1049 268 1295 310 clarissimis
1324 267 1424 310 viris
1456 269 1653 314 interfec-
1674 272 1726 314 15

96 323 168 375 tis,
187 325 349 367 lumina
368 322 554 366 civitatis
575 323 789 365 exstincta
808 330 923 367 sunt.
973 324 1101 366 Ultus
1122 332 1187 367 est
1206 325 1330 382 hujus
1348 325 1538 367 victoriae
1560 342 1654 369 cru-

97 380 318 424 delitatem
334 379 486 437 postea
503 379 644 436 Sylla;
675 395 755 422 nec
773 380 858 422 dici
878 381 1052 437 quidem
1068 396 1176 437 opus
1194 391 1274 433 est,
1291 383 1453 438 quanta
1470 382 1656 425 diminu-

98 437 215 480 tione
229 438 399 488 civium,
422 444 465 478 et
509 437 639 478 nautii
659 437 904 480 calamitate
923 438 1109 494 Reipub.
1152 438 1370 480 Dissensit
1388 439 1452 480 M.
1467 439 1654 495 Lepidus

101 493 127 535 32
149 494 383 536 clarissimo
406 501 450 534 et
500 493 714 535 ortissimo
735 494 840 547 viro,
863 494 916 543 Q.
935 495 1112 546 Catulo;
1143 495 1286 537 attulit
1304 509 1391 537 non
1412 503 1499 538 tarn
1519 496 1655 552 ipsius

98 549 295 592 interitus
326 549 510 606 Reipub.
535 550 713 603 luctum,
742 551 870 607 quam
899 558 1162 594 caeterorum.

98 606 241 650 siones
271 614 392 648 erant
421 606 682 663 hujusmodi,
723 608 928 659 Quirites,
968 622 1064 663 quae
1095 622 1181 648 non
1211 609 1265 650 ad
1297 609 1538 661 delendam,
1579 611 1657 652 sed

97 663 152 704 ad
183 663 544 716 commutandam,
575 663 787 720 Rempub.
818 665 1092 720 pertinerent.
1151 663 1252 705 Non
1281 665 1343 705 illi
1373 666 1536 707 nullam
1561 681 1657 708 esse

98 718 313 776 Rempub.
343 720 436 773 sed,
467 720 511 762 in
541 721 595 762 esi.
625 735 720 776 quae
753 727 883 772 esset,
915 735 961 762 se
993 735 1087 762 esse
1117 720 1354 776 principes;
1385 737 1524 779 neque
1544 723 1659 766 hanc

98 775 261 818 Urbem
281 777 559 833 conflagrare,
579 778 655 818 sed
677 791 723 818 se
744 777 787 818 in
808 776 894 819 haic
910 776 1025 818 Urbe
1038 776 1203 830 florere,
1223 779 1464 822 voluerunt.
1512 780 1657 836 Atque

96 832 179 874 illae
209 840 353 875 tamen
383 848 532 875 omnes
561 833 870 885 dissensiones,
901 848 1082 890 quarum
1111 835 1230 875 nulla
1259 835 1440 877 exitium
1470 835 1655 894 Reipub.
1674 838 1729 879 25

97 889 308 946 quaesivit,
331 889 544 947 ejusmodi
556 889 743 942 fuerunt,
758 897 817 942 ut,
833 905 921 932 non
937 890 1287 933 reconciliatione
1303 893 1559 946 concordiae,
1579 893 1658 936 sed

96 946 387 989 internecione
408 946 580 999 civium,
609 946 883 1003 adijudicatae
909 946 1009 989 sint.
1070 946 1122 988 In
1151 947 1236 989 hoc
1266 955 1411 991 autem
1439 965 1526 992 uno
1556 958 1657 1006 post

97 1003 321 1046 hominum
352 1003 602 1049 memoriam
630 1003 818 1046 maximo
852 1003 1235 1061 crudelissimoque
1256 1005 1369 1047 bello
1399 1007 1544 1062 (quale
1566 1008 1657 1048 bel-

97 1060 187 1102 lurn
206 1061 325 1102 nulla
344 1075 535 1117 unquam
560 1060 757 1102 barbaria
784 1075 883 1102 cum
913 1061 991 1102 sua
1020 1068 1147 1117 gente
1182 1062 1338 1117 gessit3
1369 1077 1454 1119 quo
1476 1062 1520 1104 in
1541 1063 1655 1105 bello

98 1117 169 1158 lex
190 1117 284 1159 haec
304 1117 388 1159 fuit
407 1116 433 1158 a
451 1118 646 1168 Lentulo,
675 1117 884 1169 Catilina,
904 1117 1071 1169 Cassio,
1095 1117 1305 1174 CethegO,
1326 1119 1578 1171 constituta,
1608 1126 1656 1162 ut
1673 1123 1728 1165 30

99 1188 248 1215 omnes
278 1174 351 1230 qui
380 1172 501 1215 salva
533 1173 650 1215 Urbe
689 1174 792 1215 salvi
826 1188 921 1215 esse
952 1181 1144 1231 possent,
1176 1176 1221 1215 in
1255 1176 1443 1218 hostium
1477 1191 1655 1218 numero

95 1230 397 1282 “ducerentum
427 1230 488 1271 ita
518 1245 586 1272 me
615 1229 747 1287 gessi,
778 1230 984 1283 Quirites,
1019 1238 1068 1272 ut
1089 1245 1238 1272 omnes
1259 1232 1363 1273 salvi
1388 1247 1657 1276 conservare-

97 1286 222 1340 mini;
259 1293 315 1335 et,
345 1286 444 1328 cum
465 1287 612 1328 hostes
632 1286 761 1328 vestri
779 1293 946 1328 tantum
976 1287 1134 1329 civium
1164 1288 1481 1343 superfuturum
1509 1290 1658 1345 putas-

97 1349 208 1396 sent,
243 1349 472 1399 cquantum
505 1343 684 1384 infinitae
713 1343 822 1385 caedi
854 1343 1102 1395 restitisset3
1143 1350 1312 1385 tantum
1337 1352 1481 1388 autem
1512 1347 1658 1399 Urbis,

97 1405 306 1456 quantum
320 1398 494 1440 flamma
513 1398 655 1441 dobire
671 1414 759 1441 non
779 1400 1012 1456 potuisset3
1045 1405 1088 1441 et
1100 1399 1263 1442 Urbem
1275 1407 1320 1442 et
1335 1401 1450 1444 cives
1466 1403 1656 1460 integros
1675 1408 1731 1450 35

97 1455 425 1513 incolumesque
458 1456 637 1499 servavi.
696 1455 866 1504 Quibus
892 1471 968 1512 pro
1003 1456 1137 1498 tantis
1169 1457 1311 1510 rebus,
1333 1458 1537 1513 Quirites,
1567 1461 1660 1502 nul-

96 1513 188 1555 lum
208 1527 291 1570 ego
311 1512 338 1554 ὲ
356 1512 478 1556 vobis
498 1512 721 1570 praemium
737 1513 920 1565 virtutis,
946 1513 1111 1567 nullum
1143 1513 1335 1570 einsigne
1355 1515 1547 1570 honoris,
1568 1518 1661 1559 nul-

97 1571 188 1615 lum
207 1570 518 1616 monimentum
535 1569 688 1622 laudis,
721 1570 910 1626 postu10,
943 1569 1230 1628 praeterquam
1249 1571 1320 1628 huj
1329 1587 1378 1614 us
1398 1573 1482 1615 diei
1503 1588 1662 1616 memo-

96 1627 203 1677 riam
222 1627 543 1685 sempiternam.
601 1626 654 1669 In
680 1626 836 1677 animis
862 1641 946 1685 ego
973 1627 1124 1670 vestris
1145 1642 1295 1672 omnes
1315 1629 1554 1688 triumphos
1575 1646 1662 1674 me-

154 1824 438 1866 ⁸terminatae.
543 1820 846 1866 bhaberentur.

947 1823 1375 1879 ‘reliquumfuissea
1411 1824 1528 1869 facta
1548 1826 1663 1870 caede

95 1878 283 1938 infinita.
401 1879 652 1934 “attingere

767 1880 964 1922 emonam
983 1882 1264 1937 triumphum.

144 2089 196 2121 16.
219 2087 375 2130 Lumim]
418 2087 582 2119 Interfecti
603 2093 676 2119 sunt
698 2088 740 2126 Q.
764 2088 861 2120 Catu·
903 2088 1046 2121 scindere
1061 2090 1243 2122 conabatur.

1644 136 1724 183 125

1222 552 1368 608 Atque
1389 552 1471 594 illae
1492 553 1655 596 dissen-
1672 556 1729 598 20

98 2132 159 2169 lus,
182 2132 318 2169 Merula,
348 2131 487 2168 Crassus,
509 2131 659 2168 Scaevola,
685 2131 735 2161 M.
761 2131 861 2162 Anto-

101 2177 183 2211 nius,
207 2180 239 2205 et
259 2174 297 2207 C.
315 2174 430 2209 Caesar,
453 2174 695 2215 praestantissimi
715 2179 861 2206 oratores.

102 2219 188 2249 Vide
202 2218 336 2254 Livium,
351 2218 407 2249 lib.
420 2219 475 2249 ¹79.

146 2264 199 2292 17.
224 2261 344 2295 Quanta
359 2261 693 2302 diminutiaroecivium]
737 2260 861 2302 Appia-

101 2315 159 2335 nus
186 2304 289 2339 refert,
318 2315 356 2335 ex
380 2304 518 2344 equestri
539 2304 650 2334 ordine
675 2305 738 2334 duo
764 2304 861 2334 millia

101 2353 134 2379 et
170 2351 343 2383 sexcentos,
377 2352 534 2377 senatores
570 2346 750 2387 nonaginta,
787 2357 861 2378 con-

49 2422 61 2432 ,
103 2391 218 2422 sulares
245 2389 437 2431 quindecim,
460 2389 634 2427 occidisse3
657 2395 690 2420 et
717 2390 780 2423 Tit.
806 2390 863 2420 Li-

103 2434 183 2470 vius,
204 2433 258 2464 lib.
278 2435 333 2464 88.
376 2432 501 2464 Italiam
524 2432 697 2464 universam
721 2433 860 2464 caedibus

102 2476 291 2518 replevisse,
318 2476 402 2506 unde
425 2475 444 2505 ’Σι
468 2476 590 2506 Fufidio
613 2476 790 2507 admonitus
813 2476 861 2506 di-

105 2520 183 2551 citur
209 2525 246 2550 ut
270 2518 391 2561 aliquos
416 2519 520 2550 vivere
546 2519 673 2557 sineret,
696 2524 730 2550 ut
757 2524 862 2551 essent

104 2563 214 2604 quibus
228 2563 405 2604 imperaret.

150 2607 203 2636 18.
223 2605 364 2637 Dissensit
385 2604 432 2635 M.
451 2603 601 2645 lepidus]
648 2605 808 2636 Dissensit
830 2604 863 2636 in

105 2658 143 2679 eo
165 2648 216 2680 Μ.
238 2648 390 2690 Lepidus,
420 2654 484 2680 tum
507 2648 582 2690 quia
606 2648 800 2690 impediebat
820 2658 861 2678 ne

105 2690 202 2732 Syllae
235 2691 388 2728 demortui
408 2702 519 2733 corpus
542 2691 574 2723 in
599 2691 720 2733 Campo
743 2691 861 2722 Martio

104 2733 295 2775 sepeliretur,
317 2734 371 2776 qui
392 2735 492 2765 honos
514 2734 607 2765 antea
628 2734 752 2769 ,tannim
780 2734 862 2774 regi-

106 2778 162 2810 bus
183 2786 349 2809 concessus
369 2777 439 2817 fuit,
461 2782 526 2810 tum
549 2777 625 2820 quia
646 2777 715 2820 ejus
729 2781 799 2811 aeta
812 2787 865 2810 re·

948 2134 1001 2165 19.
1027 2132 1064 2168 Q.
1084 2133 1216 2174 Catulo]
1254 2132 1315 2164 Hic
1331 2132 1462 2166 Catulus
1477 2133 1661 2167 Ciceronem

904 2180 1023 2216 patrem
1038 2176 1145 2217 patriae
1159 2176 1342 2209 nominavit.

948 2217 997 2248 lb.
1021 2218 1116 2258 Ipsius
1137 2220 1299 2260 interitus]
1345 2219 1501 2261 Pugnavit
1523 2221 1661 2262 Lepidus

902 2271 972 2291 cum
1002 2261 1115 2292 Catulo
1137 2263 1170 2292 in
1193 2262 1316 2303 Campo
1337 2263 1468 2302 Martio,
1490 2264 1542 2294 ubi
1566 2265 1663 2295 multi)¹

903 2314 1024 2335 suorum
1048 2305 1137 2336 clade
1160 2306 1271 2343 victus,
1302 2306 1383 2346 fugit
1413 2307 1445 2337 in
1476 2306 1662 2345 Sardiniam,

902 2347 1010 2387 ibique
1025 2349 1131 2378 morbo
1144 2349 1248 2388 periit.

946 2393 998 2420 20.
1024 2390 1225 2433 Caeterorum]
1286 2391 1383 2423 Multi
1410 2403 1482 2424 cum
1517 2404 1555 2425 eo
1589 2394 1662 2426 caesi

902 2438 983 2464 sunt.

947 2478 999 2507 23.
1022 2476 1124 2517 Neque
1149 2477 1224 2508 hanc
1247 2479 1346 2510 urbem
1373 2479 1582 2521 corfiagrare]
1632 2480 1662 2510 Ii

905 2529 1024 2556 omnes,
1049 2520 1090 2551 de
1106 2521 1218 2561 quibus
1229 2521 1319 2560 dixit,
1342 2522 1490 2552 volebant
1511 2528 1564 2553 aut
1578 2534 1663 2554 coru-

905 2567 1025 2594 mutare
1051 2563 1191 2605 Reipub.
1215 2569 1341 2602 statum,
1371 2571 1425 2596 aut
1449 2566 1482 2595 in
1504 2565 1542 2595 ea
1564 2566 1663 2596 domi·

906 2606 976 2635 nari
994 2605 1137 2645 tantum3
1164 2607 1219 2637 sed
1246 2607 1382 2639 Catilina
1405 2607 1546 2638 funditus
1574 2608 1663 2639 flam-

904 2648 961 2678 mis
975 2648 1060 2680 illam
1076 2649 1180 2681 delere
1193 2651 1302 2682 voluit.

948 2692 1001 2722 37.
1036 2691 1162 2723 Nullum
1187 2693 1417 2734 mmzimentum]
1475 2693 1665 2726 Hominibus

906 2733 947 2764 de
959 2734 1060 2775 patria
1072 2736 1151 2770 bene
1165 2737 1281 2769 meritis
1292 2742 1401 2768 statuae
1415 2736 1449 2769 in
1464 2735 1586 2770 Rostris
1601 2738 1666 2772 col·
1680 2755 1683 2759 Δ

904 2776 1100 2813 locabantur.

1716 1486 1727 1510 ι’
1748 1476 1762 1514 1⁸¹
