1790 3090
0 2711 79 2768 IX,

67 143 148 186 138
718 144 771 176 IN
795 143 1052 178 CATILINAM
1078 144 1142 178 1v.

70 223 126 264 65
146 221 386 275 consecuti,
404 222 518 263 hanc
538 220 635 263 vere
656 236 778 265 suam
799 224 981 280 patiiam
1002 238 1096 266 esse
1112 222 1332 281 judicant;
1364 237 1492 281 quam
1513 224 1703 281 quidam,

145 279 246 321 hinc
267 281 373 331 nati,
391 286 434 321 et
454 292 622 320 summo
640 280 730 321 nati
750 282 861 331 loco,
880 297 967 323 non
986 281 1168 338 patriam
1191 296 1325 333 suam,
1340 281 1416 322 sed
1434 281 1594 323 Uibem
1608 282 1707 324 hos-

144 336 267 388 tium,
288 335 712 402 essejudicaverunt.
776 337 864 379 Sed
885 338 990 394 quid
1018 353 1098 394 ego
1121 339 1299 394 hujusce
1322 338 1483 379 ordinis
1511 338 1707 380 homines

147 407 492 444 commemorem,
534 407 644 448 quos
682 393 858 449 privatae
897 396 1094 443 fmtunae,
1135 409 1243 450 quos
1283 395 1523 437 communis
1563 410 1710 451 respu-

146 450 278 512 blica,
301 465 409 505 quos
431 448 618 504 denique
648 449 825 491 libertas
847 465 912 502 ea,
932 466 1027 505 quae
1058 451 1308 493 dulcissima
1338 460 1418 504 est,
1441 452 1496 493 ad
1527 452 1710 493 salutem

75 508 131 549 70
149 507 296 569 patriae
318 506 635 548 defendendam
656 505 892 548 excitavit?
925 506 1082 548 Servus
1102 514 1169 548 est
1198 521 1338 558 nemo,
1360 509 1433 572 qui
1454 507 1584 550 modo
1607 509 1711 549 tole-

149 563 272 604 rabili
294 563 542 604 conditione
563 563 620 604 sit
640 562 872 614 servitutis,
893 563 967 618 qui
987 577 1075 603 non
1096 564 1322 610 audaciam
1344 580 1502 606 civium
1522 564 1713 621 perdito-

123 634 243 661 rum
281 620 604 675 perhorrescat;
636 620 710 676 qui
750 635 838 662 non
878 621 1048 661 obstare
1089 620 1257 676 cupiat3
1289 622 1361 677 qui
1400 636 1488 663 non
1527 628 1711 673 tantum,

150 683 359 732 quantum
381 676 526 727 audet,
547 683 591 717 et
614 684 823 733 quantum
852 683 1011 732 potest,
1034 677 1228 718 conferat
1257 678 1311 718 ad
1344 692 1616 719 communem
1648 692 1713 719 sa-

148 734 298 783 lutem,
322 733 571 774 voluntatis.
632 733 791 784 Quare,
813 733 849 774 si
872 747 1000 789 quem
1020 735 1208 774 vestrum
1225 733 1335 775 forte
1352 741 1596 776 commovet
1614 735 1712 785 hoc,

78 793 133 834 75
153 790 270 845 quod
291 790 486 831 auditum
507 796 586 841 est,
608 790 810 831 lenonem
830 791 1059 845 quemdam
1083 790 1251 831 Lentuli
1274 805 1529 832 concursare
1551 791 1715 832 circum

150 847 366 898 tabernas,
379 846 516 902 pretio
531 854 773 910 speiantem
788 846 1009 888 sollicitari
1025 862 1153 903 posse
1167 848 1334 888 animos
1352 847 1571 905 egentium
1584 856 1715 910 atque

152 903 470 958 impolitorum3
504 910 571 944 est
600 903 644 944 id
665 902 840 958 quidem
856 910 1049 974 coeptum
1081 911 1209 960 atque
1229 911 1467 946 tentatum:
1499 904 1577 946 sed
1607 903 1714 946 nulli

153 965 255 1000 sunt
287 959 451 999 inventi
483 966 573 1000 tam
604 967 679 1000 aut
706 959 880 1000 fortuna
911 970 1166 1012 miser1‚·tut
1195 961 1416 1003 voluntate
1448 961 1620 1017 perditi,
1642 961 1716 1017 qui

153 1030 242 1057 non
262 1015 405 1072 ipsum
424 1016 543 1056 illum
566 1016 682 1056 sellae
703 1022 832 1072 atque
855 1017 995 1073 operis
1018 1024 1061 1057 et
1084 1017 1271 1080 quaestus
1294 1019 1535 1073 quotidiani
1556 1019 1716 1068 locum,

82 1077 137 1118 80
156 1072 229 1128 qui
261 1086 345 1113 non
377 1071 519 1114 cubile
557 1087 609 1113 ac
648 1073 857 1114 lectulum
895 1088 1035 1124 suum,
1068 1088 1141 1135 qui
1182 1073 1367 1128 denique
1406 1089 1494 1115 non
1525 1081 1719 1115 gcursum

154 1130 271 1170 hunc
292 1129 476 1169 otiosum
497 1128 594 1169 vitae
625 1144 713 1170 suae
745 1130 905 1170 salvum
929 1144 1023 1170 esse
1043 1129 1190 1171 velint.
1252 1129 1395 1171 Multo
1417 1132 1515 1172 vero
1537 1131 1720 1171 maxima

155 1200 253 1241 pars
275 1199 422 1226 eorum
442 1185 516 1241 qui
547 1185 592 1226 in
622 1186 812 1227 tabernis
845 1194 959 1238 sunt,
980 1186 1111 1226 immo
1132 1188 1230 1227 vero
1251 1185 1314 1238 (id
1336 1186 1448 1228 enim
1478 1186 1622 1243 potius
1654 1194 1721 1228 est

156 1242 406 1293 dicendum)
426 1256 561 1297 genus
580 1242 664 1283 hoc
683 1243 926 1285 univeisum
947 1242 1290 1284 amantissimum
1311 1250 1378 1284 est
1397 1243 1515 1286 11οῐίἰ.
1547 1243 1720 1285 Etenim

157 1313 282 1340 omne
305 1313 453 1340 eorum
484 1298 830 1351 instrumentum,
853 1299 993 1342 omnis
1015 1315 1143 1363 opera
1172 1314 1224 1341 ac
1245 1307 1452 1356 quaestus,
1469 1301 1735 1364 ‘frequentia

86 1360 139 1402 85
158 1356 318 1419 civiuni
332 1355 717 1408 sustinetur,alitur
730 1358 838 1398 otio:
861 1372 1041 1420 quorum
1054 1372 1089 1397 s1
1106 1363 1311 1413 quaestuS,
1317 1357 1503 1400 occlusis
1517 1358 1721 1410 tabernis,

158 1412 294 1455 minui
314 1414 438 1466 solet,
460 1412 565 1469 quid
584 1413 790 1455 tandem
780 1429 970 1456 lncenffls
990 1414 1105 1455 futui
1109 1428 1178 1456 um
1198 1415 1293 1457 est?

387 1578 523 1619 ‘hanc
543 1577 788 1620 brevitatem
808 1579 912 1620 vitae
927 1581 1142 1632 pacatam.
1334 1577 1353 1601 ¹¹
1355 1579 1489 1631 pacis.

204 1737 257 1767 66.
281 1734 362 1766 Hinc
376 1733 468 1775 walt]
515 1734 680 1768 Lentulum
699 1742 730 1768 et
746 1737 868 1778 Cetheg
853 1749 922 1768 rrum
967 1737 1069 1768 conati
1092 1742 1175 1777 sunt,
1191 1742 1225 1768 ut
1241 1737 1272 1768 vi
1289 1748 1360 1768 eum
1385 1748 1422 1768 ex
1446 1747 1569 1768 carcere
1585 1737 1726 1768 extrahe-

159 1778 316 1819 intelligit.
334 1779 480 1819 qui‚11ati
504 1778 629 1818 Romae,
651 1791 733 1816 eam,
758 1781 844 1822 quasi
865 1782 923 1811 U-r
967 1787 1046 1812 rent.

161 1820 240 1852 bem
249 1821 396 1857 hostium,
408 1822 487 1852 ferro
499 1822 687 1864 fiammaque
701 1824 804 1855 delere
817 1824 923 1854 volue-
1010 1827 1027 1853 ¹7
1035 1826 1063 1856 9.
1087 1824 1166 1854 Selloe
1181 1830 1266 1865 atque
1281 1824 1402 1864 operis.]
1439 1823 1522 1854 Sella
1534 1833 1588 1853 seu
1603 1823 1726 1853 officina

161 1870 243 1895 runt.
966 1868 1052 1897 locus
1067 1873 1124 1903 est,
1142 1867 1193 1896 ubi
1215 1868 1342 1908 opilices
1365 1877 1434 1898 suas
1458 1876 1570 1907 operas
1594 1867 1724 1898 faciunt.

207 1909 262 1938 70.
300 1907 454 1938 Tolerabili
497 1909 685 1951 conditione]
756 1909 926 1940 Tolerabili
968 1910 998 1941 A
1017 1910 1093 1940 sella
1110 1909 1180 1939 vero
1200 1911 1352 1941 Sellularii
1368 1910 1411 1940 illi
1429 1909 1504 1939 dicti
1521 1914 1605 1939 sunt.

163 1950 343 1981 conditione
360 1961 465 1981 servus
481 1962 550 1982 esse
566 1952 689 1988 dicitur,
706 1952 759 1994 qui
782 1953 925 1984 dominos
1014 1955 1066 1983 80.
1093 1954 1193 1983 Cubile
1215 1964 1249 1982 ac
1273 1952 1436 1993 lectulum]
1484 1952 1658 1992 Utrumque
1683 1951 1727 1982 vi-

163 1993 305 2024 crudeles
321 1998 353 2024 et
368 1994 459 2024 duros
473 1995 655 2027 nonhabet.
969 1996 1059 2026 detur
1085 1997 1275 2035 distinguere
1301 1996 1430 2031 Cicero;
1462 1994 1540 2024 forte
1564 1995 1654 2025 vilius
1668 1994 1728 2024 fuit

207 2037 262 2068 72.
288 2036 405 2066 obstare
426 2038 553 2078 cupiat]
600 2038 727 2069 Illorum
751 2041 926 2077 conjurato·
970 2039 1071 2069 cubile
1081 2039 1175 2079 quain
1187 2040 1294 2075 lectus,
1307 2038 1379 2074 esini
1390 2037 1466 2068 illud
1481 2037 1572 2078 talpis
1585 2043 1617 2068 et
1627 2038 1726 2070 corvis

162 2089 231 2108 rum
257 2078 371 2109 civium
399 2079 537 2111 audaciae
561 2091 653 2111 nemo
680 2092 744 2112 non
781 2082 922 2112 resistere
965 2082 984 2112 εἰ
998 2082 1143 2122 Virgilio,
1159 2081 1211 2111 lib.
1230 2082 1346 2122 Georg.
1362 2085 1391 2112 1.
1408 2080 1589 2121 assignetur.

164 2121 242 2153 vult.
1011 2127 1064 2155 852.
1086 2124 1126 2155 Ιη
1150 2125 1276 2160 tabernis
1300 2124 1396 2163 suut]
1454 2123 1493 2153 In
1518 2123 1654 2154 tabernis
1678 2134 1726 2154 res

208 2165 263 2195 75.
288 2164 476 2196 concursare.
480 2164 494 2205 ]
544 2165 705 2197 Sallustius
719 2167 823 2203 refert,
840 2166 925 2208 quOd
968 2168 1145 2198 vendendae
1161 2173 1376 2208 proponuntur
1392 2167 1411 2197 a
1425 2165 1574 2208 propolis.
1627 2167 1729 2197 Sumi-

163 2206 292 2238 Lentuli
307 2208 439 2238 clientes
455 2214 487 2238 et
501 2208 520 2238 l'
524 2208 603 2240 berti
621 2210 748 2240 diversis
763 2210 925 2240 itineribus
971 2216 1019 2240 tur
1034 2211 1130 2241 etiarn
1146 2212 1264 2241 taberna
1286 2222 1341 2254 pro
1357 2210 1501 2251 cauponli,
1516 2209 1569 2241 ubi
1592 2209 1725 2252 pretium

164 2261 222 2291 per
248 2251 367 2283 Urbem
394 2250 523 2293 opifices
555 2257 587 2283 et
615 2254 742 2285 servitia
770 2253 926 2286 concitare
970 2254 1097 2295 hospitii
1113 2254 1253 2286 solvitur.

810 2409 1086 2443 PERORATIO.

219 2542 281 2582 In
311 2542 391 2583 Ῐιᾶο
419 2547 693 2598 peroratione
718 2549 928 2600 postulat,
961 2553 1002 2589 et
1028 2549 1229 2589 hortatur
1252 2551 1466 2596 senatum,
1496 2549 1549 2588 ut
1579 2546 1728 2589 Silani

164 2602 424 2641 sententiam
443 2608 666 2655 sequatur,
689 2607 760 2645 cui
780 2620 823 2647 se
842 2606 1235 2659 obtemperaturum
1248 2606 1492 2661 profitetur.

220 2710 277 2755 V.
309 2711 416 2761 Quae
431 2729 532 2757 cum
550 2715 610 2757 ita
627 2716 726 2770 sint,
745 2717 797 2760 P.
810 2718 862 2761 C.
875 2718 998 2761 vobis
1015 2718 1160 2776 populi
1181 2718 1309 2760 Rom
1324 2716 1529 2775 praesidia
1548 2731 1634 2759 non
1651 2715 1723 2758 de-

161 2774 283 2813 sunt:
313 2784 390 2823 vos
422 2786 476 2816 1e
497 2774 659 2832 populo
681 2774 810 2821 Rom.
837 2776 988 2821 deesse
1008 2775 1254 2831 videamini,
1284 2775 1523 2833 providete.
1581 2773 1723 2819 Habe-
