1790 3090
86 185 142 228 94

742 179 793 212 IN
817 178 1074 212 CATILINAM
1098 178 1127 210 1.
1147 190 1154 194 -

158 264 288 329 atque
301 264 349 300 ut
366 258 424 310 id,
434 257 547 314 quod
561 262 675 298 esset
691 256 717 297 a
729 262 771 298 te
785 254 992 299 scelerati:=
1006 259 1269 312 susceptum,
1281 252 1553 295 latrocinium
1565 253 1708 311 potius
1725 267 1728 270 ·

87 320 143 361 70
160 331 290 372 quam
312 316 469 357 bellum
490 314 790 356 nominaretur.

217 373 270 413 V.
294 372 435 422 Nunc,
457 377 504 411 ut
525 369 550 411 a
570 385 652 421 me,
675 371 724 413 P.
747 371 798 412 C.
819 370 1052 427 quamdam
1073 368 1204 426 prope
1219 370 1383 426 justam
1403 367 1550 424 patriae
1572 369 1708 424 queri-

158 429 349 471 moniam
369 429 556 468 detester
576 443 627 468 ac
647 428 899 483 adeprecer3
931 427 1135 483 percipite
1152 430 1335 482 (quaeso)
1352 425 1593 481 diligenter,
1611 440 1708 481 quae

159 487 316 537 dicam,
330 492 373 525 et
385 499 435 525 ea
446 484 616 540 penitus
633 483 786 524 animis
800 483 951 524 vestris
964 483 1263 538 mentibusque
1277 482 1490 524 mandate.
1521 481 1708 534 Etenim,

159 543 196 583 si
227 556 395 583 mecum
424 541 574 597 patria,
593 555 688 595 quae
719 540 821 581 mihi
844 539 932 580 vita
961 539 1059 580 mest
1089 539 1225 579 multo
1247 546 1314 580 est
1343 539 1492 590 carior,
1514 538 1551 579 si
1582 553 1710 580 cunc-

115 605 142 644 5
160 606 205 639 ta
227 598 365 649 Italia,
388 597 423 638 si
446 597 584 638 onmis
605 596 800 652 Respub.
821 596 1048 651 loquatur:
1081 594 1148 635 M.
1167 594 1291 645 Tulli,
1313 595 1418 651 quid
1441 595 1563 650 agis?
1589 601 1710 636 tu-ne

161 670 270 706 eum,
295 669 420 712 quem
453 669 546 695 esse
577 653 746 694 hostem
777 651 1038 708 comperisti,
1060 666 1187 708 quem
1217 651 1371 693 ducem
1399 652 1502 693 belli
1521 652 1712 693 futurum

159 712 297 763 vides,
320 726 448 767 quem
478 710 717 767 exspectari
748 710 1048 766 imperatorem
1080 709 1125 749 in
1156 707 1308 749 castris
1337 707 1527 750 hostiurn
1561 709 1710 757 sentis,

161 776 381 810 auctorem
415 768 605 818 sceleris,
640 767 878 823 principem
909 764 1230 822 conjurationis,
1265 772 1534 806 evocatorem
1570 780 1712 806 servo-

160 839 255 866 rum
288 833 331 867 et
363 824 521 866 civium
550 824 824 880 perditorum,
854 822 967 864 exire
998 821 1189 878 patieris,
1210 831 1257 863 ut
1287 822 1365 862 abs
1397 827 1439 862 te
1467 836 1555 862 non
1584 822 1712 862 emis-

91 886 144 928 lO
162 896 235 923 sus
271 897 323 923 ex
362 881 477 930 urbe,
514 881 590 922 sed
630 879 846 921 immissus
887 879 931 920 in

160 938 277 979 hunc
308 938 352 978 in
383 937 556 978 vincula
586 937 701 988 duci,
732 951 819 977 non
855 936 910 977 ad

964 879 1127 930 urbem,
1163 893 1258 919 esse
1292 877 1518 920 videatur?
1549 892 1711 919 non-ne

947 943 1127 976 mortem
1161 935 1264 990 rapi,
1294 949 1381 976 non
1413 949 1580 976 summo
1613 950 1710 991 sup-

160 994 290 1050 plicio
329 994 522 1044 mactari,
562 993 823 1048 imperabis?
855 992 972 1040 Quid
1007 992 1183 1034 tandem
1216 991 1397 1047 impedit
1431 991 1502 1032 te?
1540 1006 1710 1034 mos-ne

159 1050 400 1106 majorum?
432 1056 477 1090 at
505 1049 698 1105 persaepe
728 1049 855 1089 ctiam
882 1048 1035 1104 privati
1067 1048 1111 1089 in
1140 1047 1227 1089 hae
1251 1048 1422 1103 Repub.
1446 1047 1712 1103 perniciosos

161 1107 276 1148 cives
313 1113 449 1148 morte
483 1105 741 1147 multarunt:
773 1120 827 1145 an
861 1105 993 1161 leges,
1025 1119 1122 1160 quae
1155 1104 1208 1145 de
1244 1104 1401 1144 civium
1420 1104 1713 1146 Romanorum

91 1170 143 1212 15
161 1163 372 1219 supplicio
393 1170 553 1218 rogatoe
572 1163 703 1202 sunt?
734 1168 778 1202 at
808 1175 1026 1216 nunquam
1049 1161 1093 1200 in
1114 1160 1195 1201 hac
1214 1161 1319 1200 urbe
1339 1159 1385 1211 ii,
1405 1160 1478 1215 qui
1501 1159 1527 1200 a
1541 1159 1710 1216 Repub.

160 1220 423 1270 defecerunt,
437 1219 593 1260 civium
600 1219 697 1274 jura
709 1224 951 1259 tenuerunt.
984 1217 1054 1257 An
1067 1216 1271 1258 invidiam
1284 1216 1549 1272 posteritatis
1562 1216 1710 1259 times?

159 1277 405 1333 praeclaram
428 1274 526 1316 vero
539 1276 696 1331 populo
717 1274 843 1316 Rom.
859 1274 989 1315 refers
1007 1273 1203 1329 gratiam,
1223 1275 1295 1329 qui
1316 1280 1375 1325 tc,
1402 1273 1618 1315 hominem
1638 1290 1713 1330 per

159 1341 203 1375 te
221 1333 455 1389 cognitum,
472 1332 589 1373 null-21
606 1331 974 1373 commendatione
996 1331 1219 1387 majorum,
1236 1337 1322 1370 tam
1341 1328 1504 1370 mature
1520 1330 1575 1371 ad
1597 1345 1713 1372 sum-

160 1405 278 1431 mum
297 1390 522 1445 imperium
542 1404 618 1445 per
638 1403 786 1429 omnes
807 1388 1016 1429 honorum
1035 1387 1192 1442 gradus
1214 1386 1379 1437 extulit,
1395 1386 1446 1438 si,
1461 1394 1633 1443 propter
1649 1388 1712 1429 in-

159 1503 258 1560 figis
276 1504 284 1545 ε

86 1455 142 1496 20
160 1446 334 1500 vidiam‚
355 1453 429 1487 aut
447 1446 629 1502 alicujus
648 1444 823 1502 periculi
845 1451 1020 1495 metum,
1041 1445 1222 1485 salutem
1242 1444 1398 1484 civium
1418 1451 1587 1484 tuorum
1607 1459 1715 1500 neg-

347 1502 448 1556 Sed,
467 1503 502 1545 si
525 1502 622 1560 quis
642 1509 708 1545 est
727 1501 897 1544 invidiae
913 1507 1070 1554 metus,
1086 1516 1188 1543 num
1204 1507 1270 1543 est
1282 1499 1576 1543 vehementius
1593 1515 1711 1543 seve-

814 1666 1057 1721 adepellam.

201 1828 254 1858 69.
301 1825 502 1857 Latrocinium
536 1824 631 1865 potiris
656 1824 742 1865 qmim
776 1823 910 1864 bellum]
931 1821 934 1823 ’

159 1869 301 1900 Pertinet
317 1870 356 1899 ad
374 1870 567 1909 magistratus
584 1867 698 1898 bellum
715 1868 910 1908 denuntiare,

156 1923 219 1942 non
247 1913 285 1942 ad
312 1914 488 1953 privatum;
510 1912 604 1952 quare
627 1911 779 1941 nominari
802 1912 910 1952 debet,

157 1954 228 1985 cum
242 1955 260 1985 a
278 1956 396 1995 privato
411 1955 596 1989 declaratur,
610 1953 802 1984 latrocinium
818 1965 826 1991 ;
841 1955 916 1995 quia

158 1998 279 2028 invadit
294 1998 325 2028 in
341 2002 528 2039 potestatem
552 1997 782 2038 magistratuum
806 1999 916 2038 populi

160 2040 259 2072 Rom.

201 2085 234 2114 3.
256 2085 386 2118 Etenim,
416 2085 440 2113 si
469 2093 578 2113 mecum
604 2083 732 2123 patria]
779 2082 915 2124 Elegans

158 2127 266 2166 patriae
281 2126 515 2167 prosopopoe'i‘a,
536 2137 605 2156 cum
621 2126 870 2166 frequentatione
886 2133 918 2157 et

161 2169 425 2209 agnominatione.

205 2215 235 2242 8.
261 2211 474 2253 Evocatorem]
519 2211 552 2242 Is
568 2211 680 2242 dicitur
693 2216 850 2249 evocatur,
863 2213 918 2254 qui

161 2255 200 2285 ad
215 2255 354 2285 militiam
365 2265 419 2296 per
428 2255 651 2295 conquisitores
659 2266 759 2285 servos
772 2256 918 2293 advocat,

161 2299 276 2338 apertis
289 2298 461 2338 ergastulis,
479 2305 511 2328 ut
533 2298 568 2328 iis
584 2304 690 2328 contra
703 2299 833 2338 patriam
849 2305 916 2330 uta-

161 2346 222 2377 tur,
238 2352 314 2382 quos
329 2341 443 2371 idcirco
460 2341 541 2381 pileo
566 2352 620 2371 sen
641 2341 781 2371 libertate
798 2342 893 2372 donat
908 2353 916 2380 ς

163 2385 247 2424 quod
261 2383 380 2414 tantum
398 2384 563 2424 Spartiatis
578 2389 610 2414 et
626 2384 780 2414 seditiosis
797 2385 915 2416 civibus

163 2426 309 2456 usitatum
324 2427 445 2468 legitur.

209 2472 238 2500 9.
261 2468 329 2499 Non
347 2471 472 2505 emissus,
485 2471 533 2501 secl
555 2470 720 2510 immissus]
765 2469 916 2501 Annomi-

162 2512 260 2547 natio,
285 2523 353 2552 quae
380 2514 415 2543 fit
436 2513 484 2544 vel
505 2514 600 2544 literae
625 2513 841 2550 diminutione,
865 2514 916 2544 vel

165 2555 415 2596 transpositione.

209 2601 262 2628 12.
285 2597 441 2638 Μαρίαν-ἰ]
486 2598 628 2629 Mactare
649 2600 774 2630 verbum
797 2604 845 2630 est
867 2609 917 2629 sa-

165 2641 360 2676 crificiorum,
377 2640 447 2670 cum
466 2641 652 2671 sacrificatur
669 2652 724 2682 pro
741 2643 916 2673 avertendis

166 2684 277 2720 malis‚·
307 2683 460 2723 significat
497 2693 570 2723 ergo
606 2695 725 2715 sacrum
761 2686 917 2716 hominem

167 2726 346 2763 Catilinam,
358 2726 390 2756 id
401 2731 459 2763 est,
469 2727 700 2765 exsecrabilem,
712 2728 744 2757 in
758 2738 852 2769 quern
868 2734 914 2759 to·

166 2769 226 2799 tius
242 2770 326 2799 urbis
341 2769 507 2800 maledicta
520 2768 633 2810 conjici
648 2771 775 2801 debent.

210 2812 260 2844 Ib.
284 2811 399 2846 Mos-ne
427 2813 596 2856 majorum]
654 2813 693 2846 M
696 2813 792 2856 ajores
827 2813 915 2847 nole-

956 1823 1031 1854 bant
1046 1823 1145 1856 civem
1160 1824 1291 1856 interfici
1306 1823 1471 1866 sinejussu
1486 1835 1563 1867 pop.
1578 1823 1675 1855 Rom.

1000 1869 1050 1899 13.
1074 1867 1173 1898 Etiam
1203 1870 1339 1910 privam]
1397 1868 1486 1909 Saepe
1524 1868 1635 1909 privati
1671 1867 1712 1898 de

957 1910 1043 1940 malis
1053 1911 1172 1941 civibus
1182 1911 1349 1942 vindictam
1359 1911 1533 1952 sumpsere:
1547 1912 1590 1942 sic
1602 1911 1638 1941 P.
1646 1911 1713 1941 Sci-

959 1953 1013 1993 pio
1029 1952 1145 1983 Nasica
1166 1954 1342 1985 Gracchum
1365 1955 1451 1985 novis
1474 1955 1566 1985 rebus
1585 1954 1713 1985 studen-

958 2001 1021 2026 tem
1037 1995 1204 2029 interfecit.

1006 2039 1054 2070 14.
1079 2040 1127 2069 An
1149 2042 1232 2080 leges,
1249 2040 1325 2081 δια]
1371 2040 1436 2071 Lex.
1460 2041 1641 2082 Sempronia
1665 2045 1714 2070 tu-

959 2081 1004 2118 lit,
1020 2093 1058 2112 ne
1074 2082 1114 2112 de
1131 2082 1204 2112 civis
1228 2084 1331 2123 capite
1354 2084 1474 2124 injussu
1498 2084 1609 2125 populi
1626 2084 1713 2123 judi-

961 2130 1102 2155 caretur:
1126 2126 1179 2166 qui
1204 2126 1322 2156 indicta
1345 2126 1438 2157 causa
1456 2127 1487 2156 in
1503 2126 1600 2157 civem
1618 2127 1714 2158 Rom.

960 2168 1239 2205 animadvertisset,
1254 2170 1294 2200 de
1310 2180 1347 2200 eo
1362 2169 1473 2211 populi
1494 2171 1624 2211 quaestio
1640 2182 1714 2202 con-

960 2211 1146 2242 stitueretur.

1005 2257 1057 2287 17.
1080 2254 1232 2285 Hominem
1250 2266 1303 2295 per
1327 2262 1353 2286 te
1371 2255 1546 2296 cognitum]
1591 2256 1630 2287 Id
1654 2263 1712 2293 est,

960 2308 1079 2328 novum
1104 2299 1273 2335 hominem,
1287 2299 1340 2340 qui
1369 2298 1499 2339 majores
1529 2307 1598 2329 tuos
1627 2300 1713 2331 illus-

961 2340 1063 2379 trfisti;
1088 2341 1120 2371 in
1133 2352 1194 2381 quo
1207 2341 1304 2382 majus
1317 2342 1412 2372 eluxit
1425 2353 1498 2383 pop.
1511 2341 1606 2373 Rom.
1618 2342 1713 2373 bene-

961 2384 1063 2414 ficium
1077 2384 1110 2414 in
1127 2385 1321 2421 Ciceronem,
1337 2396 1392 2426 pro
1409 2395 1470 2426 quo
1480 2384 1547 2425 jam
1563 2385 1712 2417 iuvidiam

959 2426 1168 2467 improborum
1183 2428 1297 2458 civium
1311 2428 1418 2459 timere
1429 2439 1491 2458 non
1506 2427 1614 2459 debet.

1004 2472 1055 2500 18.
1081 2472 1151 2501 Tam
1165 2471 1306 2511 matura]
1337 2471 1458 2501 Eodem
1471 2481 1564 2508 anno,
1580 2482 1642 2512 quo
1659 2483 1714 2512 per

960 2516 1082 2543 aetatem
1091 2513 1207 2544 licitum
1217 2519 1284 2544 erat
1294 2514 1486 2545 consulatum
1494 2524 1612 2554 gerere,
1629 2515 1712 2545 hunc

960 2555 1114 2594 obtinuitg
1139 2557 1223 2598 quod
1241 2567 1321 2588 novo
1336 2557 1452 2588 homini
1468 2568 1626 2598 nunquam
1639 2558 1710 2589 ante

958 2599 1140 2639 contigerat.

1004 2643 1052 2672 19.
1078 2642 1136 2672 Per
1160 2653 1251 2673 omnes
1283 2643 1421 2673 honorum
1450 2643 1589 2684 gradus]
1649 2643 1713 2674 Per

961 2691 1156 2725 quaesturam‚
1191 2686 1386 2726 aedifitatem,
1426 2691 1604 2727 praeturam,
1634 2697 1712 2728 quos

958 2738 1064 2759 omnes
1092 2729 1286 2769 magistratus
1316 2729 1427 2760 Cicero
1464 2735 1601 2770 gesserat
1638 2741 1709 2761 cum

956 2770 1061 2807 laude,
1077 2773 1116 2802 ad
1130 2772 1321 2802 consulatum
1341 2774 1495 2813 pervenit.

1001 2818 1054 2851 21.
1100 2814 1223 2848 Invidia:
1251 2816 1369 2858 metus]
1427 2816 1467 2850 In
1509 2820 1542 2851 4.
1584 2816 1723 2852 Tuscu1.·
