1858 3095
601 161 694 195 PRO
717 160 907 200 ARCHIA,
930 162 1086 195 POETA.

76 237 293 280 scriberet.
350 235 436 287 Qui
467 233 770 278 ¹’sedulitatem
802 236 903 277 mali
938 236 1076 292 poet-«u
1108 234 1276 277 duxerit
1311 232 1452 290 aliquo
1483 238 1625 275 tamen

78 295 253 351 praemio
288 294 477 350 dignam,
506 293 632 347 hujus
673 293 891 348 ingenium
932 299 975 333 et
1011 293 1205 333 virtutem
1246 290 1628 353 iri-scr·ibenclo,-et
1644 296 1699 335 20

78 351 265 413 copiam,
299 365 385 392 non
422 348 682 412 expetisset?
743 349 888 397 Quid?
922 348 945 389 2⁸1
975 349 1029 396 Q.
1054 349 1232 390 Metello
1265 347 1360 399 Pro,
1392 347 1630 388 familiaris-

82 422 190 449 srmo
236 422 328 458 suo,
359 405 432 462 qui
477 405 649 447 civitate
692 407 850 447 multos

895 405 1084 455 donavit,
1115 420 1253 461 neque
1298 419 1372 460 per·
1402 419 1447 444 se
1491 417 1630 465 neque

81 478 156 518 per
178 463 374 504 Lucullos
410 462 722 518 impetravisset
737 463 752 503 ’ἲ
785 462 858 519 qui
894 462 1124 518 praesertim
1157 476 1292 517 usque
1313 460 1363 501 eo
1385 460 1437 501 de
1460 474 1548 501 suls
1569 473 1633 500 re-

82 520 163 561 bus
184 519 312 561 scribi
336 526 527 575 cuperet,
548 527 596 559 ut
617 520 745 560 etiam
769 519 982 560 Cordubae
1015 518 1126 559 natis
1154 518 1308 573 poetis,
1330 516 1488 572 pingue
1510 515 1633 571 quid-

84 576 183 617 dam
212 576 464 617 sonantibus
495 583 622 631 atque
655 576 938 632 peregrinum,
965 582 1108 615 tamen
1139 589 1260 615 aures
1292 587 1389 613 suas
1419 573 1633 613 cdederet.
1651 576 1706 616 25

84 632 236 688 Neque
255 631 368 674 enim
391 639 456 673 est
476 632 557 673 hoc
590 631 960 681 dissimulandum,
982 631 1097 686 quod
1129 629 1345 671 obscurari
1370 643 1455 670 non
1477 634 1636 684 potest,

84 688 160 729 sed
182 703 268 744 prae
287 688 412 730 nobis
433 688 679 730 ferendum:
710 687 914 728 trahimur
942 701 1088 727 onmes
1124 686 1259 727 laudis
1295 685 1462 733 studim
1499 692 1542 726 et
1561 699 1638 740 op-

82 743 214 785 timus
238 744 420 801 quisque
442 744 625 785 maxime
648 743 786 799 gloria
805 743 986 784 ducitur.
1046 742 1116 784 Illi
1132 742 1214 798 ipsi
1235 741 1495 798 philosophi,
1510 741 1639 782 etiam

84 800 129 840 in
167 800 253 842 illis
288 801 444 842 libellis
484 814 590 856 quos
631 800 684 841 de
726 798 1043 841 contemnenda
1078 798 1216 854 gloria
1246 798 1452 849 scribunt,
1482 812 1639 839 nomen

84 870 207 897 suum
236 856 474 898 inscribunt
492 873 500 898 :
532 856 575 897 in
597 870 646 897 eo
667 856 776 912 ipso,
797 857 840 897 in
863 871 948 912 quo
970 855 1318 911 praedicationem
1350 854 1639 896 nobilitatem-
1657 858 1713 899 30

85 927 169 967 que
190 912 449 970 despiciunt,
469 913 691 969 praedicari
711 928 757 954 se
780 927 832 954 ac
860 912 1066 954 nominari
1100 912 1262 953 volunt.
1322 910 1528 953 Decimus
1551 911 1640 967 qui-

87 970 186 1010 dem
220 971 392 1021 Brutus,
412 984 602 1011 summus
631 969 702 1011 ille
732 969 794 1010 vir
814 976 858 1011 et
877 969 1119 1025 imperator,
1141 968 1265 1018 Attii,
1288 968 1537 1010 amicissimi
1559 967 1641 1019 sui,

90 1025 351 1067 carminibus
372 1027 630 1082 templorum
660 1040 712 1068 ac
741 1026 1101 1067 monimentorum
1131 1025 1272 1066 aditus
1306 1024 1527 1066 exornavit
1547 1038 1647 1065 suo-

91 1096 197 1123 rum.
255 1082 352 1124 Jam
372 1082 470 1123 vero
486 1083 572 1133 ille,
593 1082 666 1138 qui
687 1097 786 1123 cum
803 1082 976 1134 AEtolis‚
993 1081 1134 1122 Ennio
1156 1081 1326 1130 comite,
1342 1081 1531 1128 bellavit,
1548 1080 1646 1122 Ful-

92 1138 201 1190 vius,
221 1153 308 1180 non
329 1138 542 1180 dubitavit
561 1139 577 1163 ‘¹
592 1139 748 1180 Martis
769 1139 992 1180 manubias
1015 1138 1157 1179 Musis
1178 1152 1441 1180 consecrare.
1488 1136 1647 1189 Quare,
1663 1141 1717 1182 35

91 1194 134 1235 in
156 1195 243 1252 qua
262 1196 363 1238 urbe
382 1195 658 1251 imperatores
679 1194 812 1252 prope
833 1196 982 1237 armati
1013 1195 1235 1251 poetarum
1255 1209 1411 1237 nomen
1439 1201 1482 1236 et
1502 1195 1648 1236 Musa-

94 1265 183 1294 rum
200 1252 378 1294 delubra
393 1252 631 1305 coluerunt,
643 1252 687 1293 in
705 1252 757 1294 ea
772 1267 859 1295 non
875 1251 1034 1293 debent
1048 1251 1183 1307 togati
1199 1252 1371 1307 judices
1388 1251 1413 1293 a
1426 1251 1651 1294 Musarum

322 1494 339 1519 ὓ
353 1495 635 1550 diligentiam.

146 1723 198 1753 25.
244 1721 306 1756 Qui
326 1722 512 1764 praeserfim]

102 1764 240 1813 potuisse
264 1765 402 1796 obtinere
424 1766 583 1797 civitatem
599 1766 618 1796 ’ἃ
633 1766 778 1802 Metello,
794 1767 858 1808 qui,

779 1503 794 1521 ⁴²
806 1496 1146 1538 accommodaret.

1290 1494 1306 1520 ‘³
1319 1496 1430 1537 belli.

557 1721 685 1759 Probat,
714 1721 857 1754 Archiam
901 1724 1002 1754 dictus
1018 1728 1076 1754 est.
1104 1722 1188 1754 Vide
1205 1722 1403 1754 Paterculum
1417 1726 1449 1754 et
1464 1723 1659 1755 Strabonem.

945 1769 999 1797 32.
1037 1767 1140 1806 Attia]
1168 1765 1283 1806 Attius,
1298 1767 1363 1797 sive
1387 1767 1514 1803 Accius,
1530 1767 1660 1808 scriptor

105 1817 175 1837 cum
190 1807 310 1838 summit
333 1808 433 1839 laudis
459 1809 633 1850 cupiditate
655 1809 798 1849 flagraret
812 1809 859 1839 in·
902 1810 1119 1849 tragoediarum
1137 1809 1206 1845 suit,
1220 1809 1307 1850 cujus
1334 1810 1474 1840 meminit
1497 1810 1660 1847 Horatius,

105 1849 205 1881 cultos
233 1856 340 1891 poetas
367 1852 407 1882 ad
432 1862 479 1882 res
502 1862 571 1882 suas
594 1851 796 1883 celebrandas
812 1863 860 1883 as-

106 1893 246 1934 sumpsit.

152 1938 204 1966 24.
220 1935 358 1967 Corduboe
372 1936 476 1977 uatis-J
499 1936 645 1968 Corduba
662 1937 732 1968 urbs
743 1937 775 1968 in
790 1937 863 1969 His-

109 1977 205 2018 pania
220 1978 348 2015 Baetica,
369 1979 402 2009 in
425 1980 487 2020 qua
513 1980 579 2010 nati
593 1985 664 2010 sunt
677 1980 780 2020 plures
796 1991 866 2011 eru·

111 2020 231 2050 ditione
259 2021 420 2052 clarissimi
448 2022 516 2058 viri,
536 2022 617 2053 inter
642 2033 719 2063 quos
743 2023 867 2063 potissi-

112 2062 197 2093 minn
211 2064 274 2093 duo
289 2063 418 2096 Senecae
434 2069 466 2094 et
482 2064 625 2095 Lucanus
647 2066 867 2096 commendan-

114 2110 172 2136 tur.

157 2148 204 2180 lb.
260 2147 379 2190 Pingue
411 2149 551 2188 quiddam
585 2150 752 2180 sonantibus
785 2156 871 2190 atque

109 2192 325 2233 peregrinum]
368 2190 560 2232 Imperitiani
573 2192 693 2222 illorum
711 2193 869 2233 poetarum

117 2234 230 2273 carpit,
245 2244 374 2274 quorum
396 2234 496 2276 stylus
510 2234 667 2272 indoctus,
683 2241 726 2271 ct,
743 2241 777 2265 ut
804 2236 872 2266 vul·

117 2276 155 2318 go
171 2277 294 2312 dicitur,
318 2277 429 2317 pingui
447 2277 593 2308 Minerva
615 2278 800 2314 elaboratus,
815 2289 872 2310 ne-

118 2330 180 2361 que
195 2319 324 2349 Latinus
346 2319 420 2349 satis
445 2325 503 2355 est,
524 2321 598 2361 quia
611 2320 641 2350 in
658 2331 696 2351 co
711 2321 872 2361 peregrina

119 2363 260 2403 quaedam
270 2372 379 2393 vocum
391 2362 546 2402 expressio
556 2363 718 2404 reperitur,
726 2374 796 2405 quae
809 2363 871 2393 Ro-

121 2415 220 2435 manae
244 2405 357 2445 lingua-2
378 2406 543 2445 puritatem
558 2416 620 2436 non
644 2407 734 2446 sapit.
781 2406 873 2437 Certe

121 2447 152 2478 in
167 2447 204 2478 iis
227 2447 321 2488 supra
341 2449 516 2479 memoraris
546 2449 721 2479 auctoribus
745 2449 872 2490 quidam

126 2489 212 2521 stilus
227 2496 275 2521 est
303 2489 454 2530 turgidus,
469 2496 502 2521 et
523 2490 659 2529 inflatus,
675 2501 767 2532 quem
787 2491 878 2522 facile

122 2533 195 2562 hinc
210 2538 258 2562 est
279 2533 440 2563 observare
466 2532 484 2563 ῖι
507 2534 695 2575 temporibus
719 2533 878 2565 Ciceronis

125 2575 165 2604 ad
181 2579 304 2606 aetatem
330 2585 428 2616 usque
451 2576 639 2608 Senecarum
655 2582 687 2607 et
701 2576 831 2614 Lucani,
846 2577 878 2607 in

124 2616 376 2649 Cordubensibus
389 2618 533 2659 viguisse.

169 2661 223 2690 31.
246 2659 286 2690 D.
304 2659 446 2701 Brutus-'J
495 2661 539 2692 D.
551 2661 666 2692 Brutus
688 2661 796 2693 consul
819 2661 880 2692 fuit

128 2712 198 2732 cum
213 2701 357 2743 Scipione
370 2714 451 2735 anno
464 2703 505 2736 U.
518 2705 556 2736 C.
570 2706 644 2736 616.
660 2710 703 2742 et,
716 2705 748 2735 in
764 2704 879 2742 Hispa-

128 2744 212 2775 niam
224 2755 294 2775 cum
308 2744 438 2786 imperio
453 2747 620 2788 profectus,
630 2748 789 2788 sexaginta
805 2747 881 2777 Gal-

130 2787 283 2820 taeciorum
299 2786 394 2822 millia
407 2790 572 2831 oppressit.
604 2790 698 2823 Unde
712 2789 880 2824 Gallaecius

905 1853 1004 1882 Serm.
1021 1857 1050 1883 1.
1068 1853 1132 1882 Sat.
1152 1855 1202 1883 10.

951 1894 1004 1925 Nil
1018 1896 1102 1925 comis
1112 1896 1218 1935 tragici
1232 1901 1326 1925 mutat
1340 1895 1473 1926 Lucilius
1486 1895 1574 1925 Atti?

950 1940 1004 1970 34.
1028 1937 1152 1968 Bellavit
1165 1937 1314 1978 Fulvius]
1363 1938 1441 1969 Cum
1455 1939 1582 1969 Fulvius
1594 1938 1662 1968 No-

907 1980 998 2011 bilior
1013 1981 1126 2011 belluni
1147 1981 1285 2012 illaturus
1299 1982 1331 2010 in
1343 1981 1494 2012 „Etoliaru
1508 1982 1663 2022 profectus

911 2024 1073 2059 est‚dnxit
1101 2033 1206 2054 secum
1233 2023 1388 2061 Ennium3
1414 2025 1511 2064 quod.
1538 2029 1663 2054 auctore

912 2065 1077 2101 Cicerone,
1093 2065 1146 2095 lib.
1171 2070 1201 2096 1.
1214 2065 1339 2096 Tuscul.
1356 2066 1474 2102 Quaest.
1499 2067 1517 2096 a
1543 2066 1664 2096 Catone

912 2108 1022 2138 Fulvio
1037 2114 1193 2148 tamquam
1210 2110 1352 2148 probrum
1369 2109 1526 2147 objectum
1541 2114 1599 2139 est.

956 2152 1010 2181 35.
1044 2150 1230 2189 manubias]
1281 2151 1442 2181 BIanubiae
1469 2152 1666 2193 appellantur

913 2193 1256 2234 peeuniaeaquaestore
1282 2204 1319 2224 ex
1349 2194 1526 2225 venditione
1554 2196 1667 2236 przedae

911 2237 1058 2266 redactae.
1198 2235 1203 2246 ¹

959 2278 1008 2308 lb.
1033 2279 1143 2313 Quare.
1158 2280 1192 2309 in
1213 2279 1268 2319 qud
1297 2280 1373 2316 urbe,
1389 2279 1457 2321 δῖα]
1502 2280 1669 2311 Conclusio

916 2320 935 2350 a
963 2321 1091 2361 majore,
1110 2323 1152 2352 sic
1177 2322 1348 2362 profertur:
1373 2322 1444 2353 cum
1471 2323 1670 2363 imperatores

916 2363 1035 2395 bellicis
1051 2364 1205 2395 laboribus
1221 2364 1363 2405 impediti
1385 2366 1494 2406 poetas
1509 2366 1552 2396 ita
1567 2366 1671 2397 colue-

916 2406 988 2443 rint,
1012 2411 1046 2436 ut
1078 2418 1182 2438 eorum
1207 2407 1259 2438 alii
1291 2409 1474 2449 templorum
1505 2419 1542 2439 ac
1572 2409 1671 2439 moni-

918 2455 1090 2480 mentorum
1120 2461 1242 2481 suorum
1272 2451 1372 2481 aditus
1405 2451 1594 2482 carminibus
1621 2463 1673 2483 ex-

923 2493 1069 2529 ornarint,
1093 2493 1145 2522 alii
1170 2504 1274 2524 secum
1298 2494 1426 2524 comites
1453 2495 1608 2530 duxerint,
1636 2504 1673 2524 ac

921 2535 1102 2566 Musisbelli
1116 2536 1276 2566 manubias
1287 2536 1513 2574 consectarium
1536 2547 1591 2567 nos
1607 2546 1673 2567 cer-

922 2577 964 2613 te,
977 2579 1029 2619 qui
1045 2579 1144 2618 togati
1166 2589 1280 2615 sumus,
1297 2584 1328 2608 et
1351 2581 1382 2609 in
1408 2580 1470 2609 otio
1486 2589 1555 2610 cum
1571 2579 1675 2620 digni-

922 2624 986 2651 tate
1001 2620 1147 2659 vivimus,
1162 2626 1193 2651 ct
1209 2623 1248 2651 ad
1273 2623 1339 2651 haec
1362 2623 1465 2652 studia
1489 2620 1675 2660 excolenda,

923 2668 955 2692 et
965 2664 1005 2693 ad
1019 2663 1215 2694 honorandos
1231 2667 1349 2705 poetas,
1363 2674 1478 2704 eosque
1492 2673 1676 2694 conservan-

923 2706 991 2741 dos,
1014 2706 1185 2737 invitamur.
1231 2707 1323 2737 Certe
1348 2706 1460 2736 Brutus
1487 2705 1677 2738 monimenta

923 2758 978 2779 sua
1007 2747 1083 2779 Attii
1119 2749 1304 2780 carminibus
1334 2749 1507 2781 exornavit:
1542 2748 1676 2782 Ennium

926 2789 1050 2824 Fulvius
1065 2791 1161 2823 voluit
1176 2792 1288 2823 habere
1307 2791 1462 2824 comitem.

1613 159 1694 205 207
