1790 3090
85 169 143 211 60
703 167 795 200 PRO
818 165 935 200 LEGE
957 166 1170 199 MANILIA.

85 241 142 281 55
155 236 282 279 cum
265 250 358 294 Jam
378 250 456 280 suo
471 238 568 294 jure
588 237 773 294 populus
795 238 1042 280 Romanus*
1033 254 1077 280 m
1097 237 1183 280 hoc
1202 236 1376 279 homine
1395 250 1515 279 suam
1535 238 1716 280 auctori

153 301 287 337 tatem
304 296 372 337 vel
393 303 541 336 contla
557 309 705 336 omnes
723 296 796 352 qui
814 296 1073 338 dissentiunt
1091 294 1229 352 possit
1243 295 1498 347 defendere3
1530 302 1716 351 propter-

152 351 206 393 ea
215 352 346 408 quod,
363 352 456 392 istis
468 352 813 404 reclamantibus,
829 368 904 395 vos
921 368 1053 394 unum
1066 352 1186 393 illum
1201 366 1253 393 ex
1270 351 1468 393 omnibus
1479 328 1715 422 delegistis,

151 424 280 465 quem
301 409 412 449 bello
436 408 684 463 praedonum
705 409 1024 471 praeponeretis.
1084 409 1181 450 Hoc
1202 409 1239 450 si
1255 424 1331 450 vos
1353 408 1513 450 temere
1534 408 1712 458 fecistis,

151 472 195 506 et
214 464 459 521 reipublicae
479 464 626 520 parum
646 465 940 517 consuluistis,
962 464 1077 506 reete
1098 465 1172 506 isti
1189 465 1334 507 studia
1349 473 1491 507 vestra
1511 465 1598 506 suis
1616 479 1715 506 con-

83 522 137 564 60
149 521 258 563 siliis
279 535 424 584 regere
446 528 670 562 conantur.
702 521 776 562 Sin
800 528 943 563 autem
956 536 1033 562 vos
1056 520 1150 576 plus
1167 527 1259 562 tum
1275 522 1318 562 in
1339 537 1382 563 re
1399 521 1572 585 publica
1586 521 1716 562 vidis-

147 577 314 630 tis,vos‚
325 578 391 618 his
403 577 738 641 repugnantibus
743 592 834 641 ,per
842 577 1136 640 vosmetipsos
1147 576 1530 632 d1orn1tatemhu1c
1520 578 1714 641 imperio,

147 636 329 676 salutem
351 634 441 675 orbi
463 642 679 683 terrarum,
700 634 934 676 attulistis·
925 667 934 685 ,
968 616 1218 698 aliquando:
1228 633 1300 675 isti
1320 635 1550 691 principes,
1573 642 1616 676 et
1632 634 1713 676 sibi

145 698 190 732 et
210 691 391 770 caeteiis,
412 690 559 748 populi
584 690 771 732 Romani
792 691 978 732 universi
1001 691 1248 733 auctmitati
1254 692 1506 753 parendum
1529 707 1637 742 esse,
1656 691 1717 732 fa-

143 754 326 789 teantur.
356 748 585 804 Atque,
574 763 619 788 1n
639 748 723 789 hoc
744 748 858 789 bello
887 748 1084 790 Asiatico
1111 755 1154 789 et
1174 747 1307 804 legio,
1328 762 1414 789 non
1442 748 1581 789 solum
1608 747 1716 789 mili-

77 804 132 847 65
144 805 245 846 taris
261 804 336 845 illa
355 805 505 856 virtus,
528 820 623 861 quae
645 812 711 846 est
727 804 771 845 in
792 804 873 846 Cn.
891 804 1104 861 Pompeio
1126 804 1370 861 singulaiis,
1395 806 1472 845 sed
1490 804 1586 846 aliae
1607 819 1711 867 quo-

143 877 242 928 que
247 861 426 903 virtutes
448 861 578 903 animi
600 863 747 903 multae
764 868 807 903 et
825 876 1005 924 magnae,
1028 862 1314 918 requiruntur.
1377 861 1567 903 Difficile
1590 867 1712 902 estin

143 917 264 970 Α313,
283 917 452 969 Cilicia,
471 918 617 974 Lycia,
633 917 773 975 Syria,
790 933 1019 974 regnisque
1033 919 1284 960 interiorum
1296 918 1533 969 nationum,
1549 917 1611 959 ita
1622 932 1711 959 ver-

142 974 226 1015 sari
243 980 431 1016 vestrum
446 975 762 1030 imperatorem,
781 982 829 1016 ut
841 975 947 1015 nihil
964 975 1079 1016 aliud
1094 990 1226 1031 quam
1242 976 1295 1016 de
1309 975 1432 1017 hoste
1449 990 1500 1016 ac
1517 975 1570 1016 de
1584 975 1711 1015 laude

142 1031 334 1094 cogitet:
373 1031 544 1082 deinde,
567 1031 698 1072 etiam
720 1032 833 1088 Siqui
848 1042 949 1073 sunt
965 1033 1129 1095 pudore
1150 1047 1201 1073 ac
1214 1032 1498 1095 temperantia
1519 1032 1711 1072 modera-

76 1090 131 1131 70
142 1087 287 1151 tiores,
307 1094 451 1129 tamen
472 1103 546 1129 eos
569 1103 663 1129 esse
684 1089 793 1129 tales
815 1095 988 1144 propter
1008 1088 1331 1129 multitudinem
1351 1088 1604 1143 cupidorum
1633 1087 1712 1150 ho-

140 1144 305 1185 minum
325 1159 451 1185 nemo
473 1144 715 1185 arbitratur.
776 1144 968 1185 Difficile
997 1152 1064 1185 est
1094 1144 1227 1194 dictu,
1250 1144 1456 1195 Quirites,
1480 1150 1641 1200 quanto
1665 1143 1710 1185 in

140 1201 242 1242 odio
265 1201 397 1242 simus
414 1201 530 1256 apud
546 1207 712 1242 exteras
734 1201 946 1264 nationes,
967 1207 1142 1265 propter
1162 1215 1323 1252 eorum,
1341 1215 1451 1256 quos
1468 1201 1522 1242 ad
1540 1215 1612 1242 eas
1634 1215 1711 1256 per

139 1257 219 1299 hos
253 1272 389 1299 3111103
425 1272 524 1298 011111
553 1257 736 1320 imperio
769 1257 979 1310 misimus,
1013 1273 1070 1320 inJ
1079 1272 1190 1299 urias
1225 1272 1276 1299 30
1305 1257 1519 1299 libidines.
1580 1257 1710 1305 Quod

140 1314 254 1355 enim
268 1314 412 1355 fanum
425 1314 602 1370 putatis,
619 1329 660 1355 in
676 1314 763 1356 illis
776 1315 915 1366 terris,
933 1315 1090 1356 nostris
1104 1313 1429 1377 magistratibus
1446 1313 1708 1377 religiosum,

71 1375 126 1415 75
138 1386 269 1427 quam
301 1371 519 1413 civitatem
541 1377 748 1419 sanctam,
770 1386 899 1427 quam
931 1371 1107 1412 domum
1133 1371 1238 1412 satis
1270 1371 1465 1412 clausam
1491 1385 1543 1412 30
1570 1385 1709 1412 muni-

138 1435 241 1480 tam,
262 1427 425 1469 fuisse?
457 1428 630 1469 Urbes
613 1442 705 1484 Jam
725 1428 965 1491 locupletes
993 1443 1044 1469 30
1064 1428 1254 1484 copiosae
1276 1428 1589 1483 ¹¹·1equiruntur,
1611 1428 1707 1483 qui-

136 1485 217 1526 bus
233 1499 363 1526 031133
374 1484 490 1533 belli,
507 1492 680 1541 propter
694 1484 922 1541 diripiendi
940 1485 1237 1540 cupiditatem,
1253 1484 1473 1525 inferatur.
1505 1484 1707 1525 Libenter

135 1542 229 1583 haec
244 1556 329 1583 cor·
322 1556 390 1582 im
412 1557 511 1583 011111
532 1542 586 1590 Ω.
605 1541 761 1582 Catulo
782 1548 825 1582 et
843 1541 897 1589 Ω.
914 1541 1147 1582 Hortensio
1165 1541 1441 1596 disputarem,
1463 1539 1639 1581 summis
1661 1547 1706 1581 et

137 1598 385 1639 clarissimis
401 1598 527 1649 viris3
558 1604 769 1638 noverunt
789 1597 902 1638 enim
922 1597 1138 1640 sociorum
1157 1598 1355 1648 vulnera3
1386 1597 1536 1639 vident
1557 1612 1704 1638 eorum

71 1660 124 1701 80
137 1655 428 1696 calamitates·
419 1687 430 1706 ,
473 1654 760 1718 querimonias
783 1654 975 1697 audiunt.
1037 1654 1121 1695 Pro
1140 1654 1269 1696 sociis
1290 1669 1368 1695 vos
1390 1660 1540 1696 contra
1552 1654 1702 1696 hostes

137 1711 374 1753 exeicitum
387 1711 555 1753 mittere
568 1711 742 1774 putatis,
754 1726 822 1762 311,
830 1711 1018 1753 hostium
1028 1711 1312 1763 simulatione,
1324 1717 1474 1753 contra
1487 1710 1628 1752 socios
1639 1717 1703 1752 at-

136 1784 220 1824 que
240 1768 427 1810 amicos.
415 1769 432 1797 Ἴ
492 1768 599 1816 Quae
620 1768 771 1809 civitas
789 1774 855 1809 est
875 1769 919 1809 in
943 1768 1068 1820 Asia,
1089 1783 1185 1831 quae
1204 1782 1292 1809 non
1310 1766 1439 1808 modo
1466 1767 1591 1808 unius
1621 1767 1702 1809 im-

134 1824 341 1881 peiatoris
362 1832 436 1867 aut
435 1825 600 1907 legati,
625 1825 702 1866 sed
721 1824 846 1866 unius
867 1825 1026 1866 tribuni
1046 1825 1244 1876 militum,
1266 1825 1432 1866 animos
1454 1838 1505 1865 30
1527 1823 1699 1887 spiritus

136 1889 307 1938 ¹capere
327 1881 499 1945 possit?
553 1878 717 1933 Quane,
740 1882 868 1923 etiam
888 1882 1055 1938 siquem
1076 1881 1259 1932 habetis,
1281 1881 1371 1938 qui,
1391 1881 1588 1922 kcollatis
1611 1895 1698 1944 Sig-

69 1944 123 1985 85
135 1939 217 1991 nis,
249 1939 459 1980 exercitus
495 1933 637 1994 iegios
674 1953 872 2001 superare
904 1953 1033 1995 posse
1060 1938 1281 1989 videatur·
1312 1943 1471 1989 tamen,
1500 1937 1586 1978 nisi
1620 1937 1700 1980 erit

132 1995 262 2047 idem,
290 1995 363 2052 qui
394 2010 440 2037 se
485 2011 511 2036 a
530 2010 725 2052 pecuinis
755 2009 985 2048 soeiorum,
1014 1994 1088 2052 qui
1109 1996 1163 2037 ab
1184 2008 1331 2037 eorum
1354 1993 1610 2051 conjugibus
1647 2008 1699 2035 30

224 2168 552 2222 hiozquirmztur.
672 2166 908 2209 icontinere
927 2171 968 2208 et
987 2168 1159 2209 satiare.
1282 2165 1466 2221 kpugmi
1486 2167 1600 2208 data.

133 2337 370 2379 impl-obiissent,
407 2343 473 2368 rata
510 2346 572 2367 non
600 2336 792 2368 habebantur
806 2347 813 2368 :
845 2338 891 2369 sin
935 2337 1070 2378 Tigrane
1085 2335 1200 2368 bellum
1213 2337 1325 2379 regium
1337 2336 1486 2378 appellat.

133 2387 238 2411 autem
253 2381 352 2418 aliter,
365 2381 616 2412 admittebantur.
978 2383 1030 2411 72.
1071 2381 1148 2415 Quos
1161 2380 1199 2410 ad
1212 2391 1269 2413 eas.
1273 2380 1288 2421 ]
1320 2379 1411 2410 Forte
1427 2378 1627 2411 Glabrionem
1637 2379 1694 2411 de-

176 2425 228 2455 57.
274 2424 342 2454 Istis
362 2423 609 2463 reclamantibus]
671 2422 763 2458 cum,
791 2421 890 2452 invito
935 2423 1046 2464 signat,
1061 2424 1115 2464 qui
1132 2423 1261 2453 Lucullo
1276 2424 1435 2454 successit.

133 2473 254 2502 senatu,
270 2467 340 2507 lege
357 2466 493 2498 Gabinia
508 2466 671 2506 imperium
694 2466 769 2496 belli
784 2470 891 2495 contra
977 2468 1029 2497 75.
1054 2466 1216 2507 Sanctam]
1241 2466 1364 2497 Sanctae
1379 2477 1426 2497 res
1439 2466 1523 2507 apud
1538 2465 1693 2506 juriscon-

131 2511 294 2551 praedones
306 2510 457 2550 Pompeio
471 2510 609 2540 delatum
622 2514 680 2546 est,
694 2508 888 2544 Hortensius,
933 2508 1028 2539 sultos
1055 2509 1198 2539 dicuntur
1234 2519 1304 2550 quae
1337 2509 1393 2539 rite
1435 2519 1492 2550 per
1529 2509 1692 2548 pontifices

133 2553 273 2588 Catulus,
290 2552 416 2593 aliique,
429 2553 646 2584 reclamarunt.
932 2551 1004 2582 Deo
1026 2557 1213 2583 consecratae
1243 2558 1325 2591 sunt,
1349 2551 1446 2582 veluti
1471 2551 1553 2582 aedes
1583 2562 1690 2590 sacrae,

175 2598 229 2627 59.
252 2595 318 2626 Suis
328 2596 478 2636 consiliis]
502 2596 522 2626 J
527 2607 559 2626 us
577 2594 714 2635 suffragii
729 2598 887 2625 senatores
931 2595 1060 2625 donaria
1081 2594 1202 2636 templis
1217 2595 1332 2630 dicata,
1356 2594 1433 2625 muri
1454 2600 1486 2625 et
1507 2599 1605 2635 portae
1617 2595 1692 2626 civi-

131 2649 194 2669 non
205 2639 382 2678 habebant3
406 2639 461 2669 sed
475 2638 594 2669 tantuin
609 2639 763 2668 orationes
779 2639 818 2668 ad
833 2648 888 2678 po·
931 2638 1015 2668 tatis.

129 2682 238 2722 pulum
260 2682 374 2712 habere
391 2687 545 2722 poterant,
560 2688 595 2712 ut
617 2681 734 2721 aliquid
756 2681 806 2711 vel
819 2691 888 2711 sua·
973 2683 1026 2712 76.
1063 2679 1150 2711 Urbes
1159 2682 1229 2719 jam
1243 2680 1418 2720 locupletes]
1451 2679 1554 2711 Urbes
1566 2680 1605 2711 ab
1615 2690 1695 2711 ava-

129 2725 251 2764 derent,
268 2724 318 2754 vel
337 2724 576 2763 dissuaderent3
601 2724 695 2764 quare
711 2724 815 2754 studia
830 2734 887 2764 po·
930 2723 970 2754 ris
1003 2723 1231 2764 magistratibus
1269 2723 1516 2765 inquirebantur,
1554 2728 1589 2753 ut
1616 2723 1692 2754 belli

127 2767 196 2808 puli
207 2768 268 2798 suis
283 2768 418 2799 consiliis
433 2768 594 2808 regebant.
930 2768 1125 2798 occasionem
1152 2767 1316 2806 haberent,
1333 2771 1367 2798 et
1388 2776 1442 2798 eas
1466 2765 1619 2798 hostiliter
1641 2766 1692 2797 di-

170 2812 223 2843 64.
246 2811 366 2852 Regia]
412 2810 544 2843 Gestum
569 2820 638 2844 cum
652 2809 838 2842 Mithridate
854 2815 887 2842 et
930 2810 1078 2852 riperent.
