1858 3095
610 155 658 186 IN
685 154 935 192 CAEClLlUM,
959 155 1090 187 DlVlN
1099 150 1215 188 A'rlo.

111 228 156 269 in
169 242 234 270 me
253 229 495 285 praesidium
513 229 602 270 suis
624 230 805 271 fortunis
827 231 1110 272 constitutum
1131 247 1224 274 esse
1243 231 1563 274 arbitrarentur:
1587 232 1662 290 qui
1681 231 1728 273 ll

110 299 240 336 nunc,
257 286 447 344 populati
460 292 587 342 atque
600 287 756 338 vexati,
770 287 915 328 cuncti
935 290 988 328 ad
1010 302 1076 328 me
1090 288 1106 311 ¹³
1121 287 1289 344 publice
1309 287 1422 345 saepe
1445 297 1661 341 venerunt,

111 349 160 383 ut
185 352 354 384 suarum
383 343 643 384 fortunarum
673 343 860 384 omnium
882 359 1055 384 causam
1075 345 1452 401 defensionemque
1474 345 1663 401 suscipe-

110 412 220 449 rem;
239 414 302 440 me
324 398 437 450 saepe
454 414 547 440 esse
569 400 823 456 pollicitum,
840 400 955 456 saepc
978 401 1232 450 ostendisse,
1249 402 1466 450 dicebant,
1487 401 1523 442 si
1544 402 1659 457 quod

110 461 278 511 tempus
293 456 628 511 accidisset,quo
639 464 828 512 tempore
839 457 1002 513 aliquid
1024 457 1046 498 ἔι
1061 473 1124 498 me
1139 458 1660 514 requirerent,commodis
1677 456 1727 497 15

110 526 254 552 eorum
286 527 353 553 me
384 527 470 554 nou
491 513 748 554 defuturum.

811 513 990 555 Venisse
1014 520 1181 569 tempus
1214 514 1384 555 aiebant
1404 529 1489 555 non
1503 515 1595 570 jam
1617 521 1663 555 ut

111 568 335 609 commoda
351 584 442 620 sua,
465 572 541 610 sed
564 577 610 610 ut
637 570 767 611 vitum
794 571 1062 626 salutemque
1094 571 1224 611 totius
1248 570 1493 626 provinciae,
1517 571 1662 611 defen—

109 623 272 665 derem:
294 640 386 666 sese
401 626 492 681 jam
515 641 566 667 ne
592 626 710 667 Deos
730 627 904 681 quidem
919 626 961 666 in
985 626 1072 667 suis
1087 627 1278 678 urbibus,
1311 627 1365 668 ad
1387 642 1494 682 quos
1511 627 1663 668 confu-

109 688 272 736 gerent,
293 681 470 732 habere3
492 681 606 738 quod
620 697 765 725 eorum
780 683 1006 724 simulacra
1021 683 1294 724 sanctissima
1305 683 1512 724 C.Verres
1527 698 1579 724 ex
1590 683 1664 724 cle-

108 736 242 778 lubris
258 738 589 794 religiosissimis
613 739 882 780 sustulisset:
901 753 1008 794 quas
1023 754 1088 780 res
1101 739 1286 780 luxuries
1305 739 1348 779 in
1366 739 1662 794 flagitiis,cru-
1674 740 1729 780 20

107 792 261 835 delitas
281 794 325 835 in
346 795 585 851 suppliciiS,
619 795 795 836 avaritia
819 796 861 836 in
882 795 1056 851 rapinis,
1085 796 1286 851 superbia
1307 796 1349 836 in
1372 796 1663 847 contumeliis,

108 849 274 892 efficere
302 852 527 906 potuisset,
557 867 628 893 eas
655 867 803 893 omnes
829 867 923 893 sese
936 852 1020 892 hoc
1038 867 1122 893 uno
1141 860 1317 907 praetore
1347 867 1420 908 per
1436 852 1664 893 triennium

107 907 354 968 pertulisse:
377 922 523 964 rogare
541 917 584 950 et
597 924 729 960 orare,
748 924 799 950 ne
811 909 905 950 illos
923 908 1138 964 supplices
1153 909 1443 964 adspernarer‚
1456 923 1578 964 quos,
1598 924 1664 950 me

108 964 314 1005 mcolumi
331 965 491 1005 nemini
507 965 721 1022 supplices
735 981 829 1006 esse
842 973 1071 1021 oporteret.

1130 965 1227 1006 Tuli
1242 966 1424 1021 graviter
1441 973 1483 1005 et
1495 965 1663 1016 acerbe,

101 1019 290 1074 judices,
306 1021 350 1062 in
367 1035 464 1062 eum
485 1037 551 1063 me
566 1023 710 1063 locum
735 1023 983 1073 adductum,
1005 1029 1051 1062 ut
1078 1029 1151 1062 aut
1168 1037 1242 1063 eos
1258 1016 1572 1078 homines'spes
1588 1022 1665 1062 fal·
1676 1022 1731 1062 25

108 1075 229 1127 leret,
245 1077 318 1133 qui
338 1092 464 1133 opem
483 1077 509 1118 ἑὶ
529 1093 595 1120 me
612 1086 740 1135 atque
759 1079 961 1120 auxilium
978 1077 1200 1134 petissent,
1218 1085 1292 1119 aut
1309 1092 1405 1133 ego,
1426 1078 1500 1133 qui
1524 1092 1589 1119 me
1611 1079 1666 1119 ad

108 1131 401 1175 defendendos
417 1135 611 1176 homines
632 1137 686 1176 ab
706 1136 879 1176 ineunte
904 1135 1198 1176 adolescenti-21
1219 1134 1451 1185 dedissem,
1473 1142 1666 1191 tempore

108 1196 237 1244 atque
259 1190 399 1231 officio
420 1199 597 1232 coactus
626 1192 680 1232 acl
708 1192 998 1232 accusandum
1020 1191 1275 1232 traducerer.

1337 1191 1560 1238 Dicebam,
1593 1191 1668 1232 ha-

109 1245 208 1286 bere
230 1261 304 1287 eos
325 1254 514 1288 actorem
536 1248 589 1295 Q.
613 1247 851 1298 Caecilium,
884 1248 958 1303 qui
987 1248 1224 1302 praesertim
1245 1254 1431 1302 quaestor
1451 1247 1492 1287 in
1513 1247 1668 1288 eadem

107 1301 330 1357 provincia
364 1310 465 1358 post
504 1318 570 1343 me
601 1311 859 1358 quaestorem
900 1303 1066 1343 fuisset.

109 1358 332 1412 sperabam
353 1358 465 1399 hanc
485 1357 511 1398 ‘21
528 1373 594 1400 me
613 1359 850 1400 molestiam
866 1373 992 1414 posse
1009 1359 1231 1408 dimoveri,
1259 1358 1301 1398 id
1330 1358 1433 1398 mihi
1451 1365 1542 1400 erat
1571 1359 1669 1401 dad-

107 1413 340 1455 versarium
360 1413 568 1456 maxime:
591 1429 689 1456 nam
710 1415 770 1455 illi
792 1416 926 1456 multo
943 1414 1048 1455 mihi
1068 1414 1154 1455 hoc
1173 1413 1339 1454 facilius
1359 1420 1373 1437 ‘³
1389 1414 1671 1467 remisissent,

110 1469 146 1511 si
165 1470 296 1512 istum
316 1485 403 1512 non
422 1472 617 1524 nossent,
639 1478 713 1512 aut
729 1471 771 1512 si>
784 1471 866 1513 iste
887 1471 1002 1527 apud
1024 1485 1098 1512 eos
1119 1476 1307 1526 quaestor
1329 1484 1416 1512 non
1435 1470 1604 1512 fuisset.

110 1594 127 1618 '³
136 1597 308 1650 publico
326 1596 522 1638 consilio.
587 1600 893 1639 ceoeeusatione.
929 1612 932 1614 ·
952 1596 969 1620 ‘¹
982 1598 1262 1638 eontrarium.

165 1725 217 1752 10.
242 1721 281 1752 In
294 1723 433 1754 veteribus
453 1724 611 1765 patronis]
655 1723 752 1755 Siculi
777 1728 863 1754 vete·

122 1775 170 1795 res
186 1771 331 1804 patronos
360 1767 529 1802 habebant,
552 1767 751 1802 Marcellum,
775 1767 828 1807 qui
845 1767 862 1796 εἶ

121 1808 220 1848 primo
233 1808 285 1838 illo
299 1808 450 1840 Marcello
466 1815 556 1839 natus
568 1816 615 1840 est
629 1809 682 1850 qui
695 1809 862 1851 Syracusas

120 1850 231 1889 cepit;
251 1851 426 1892 Scipiones,
447 1860 573 1893 propter
589 1853 767 1893 Scipionem
781 1851 865 1882 Afri-

120 1903 245 1931 canum,
275 1894 341 1934 qui,
385 1895 488 1926 excisa
529 1895 729 1935 Cartbagine,
774 1901 863 1935 rapta

121 1937 314 1976 quondam&
330 1937 435 1969 Poenis
461 1937 574 1968 Siciliae
600 1948 656 1968 sua
685 1944 863 1968 ornamenta

121 1979 226 2009 retulit
240 1990 247 2016 ;
264 1980 422 2016 Metellos,
438 1981 489 2022 qui
508 1980 663 2021 Lepidum
679 1985 862 2021 quaestorem

119 2021 153 2052 in
169 2022 221 2052 illa
237 2023 397 2063 provincia
413 2024 605 2054 accusarunt.

166 2068 220 2096 12.
254 2066 397 2104 Populati
425 2072 510 2106 atque
545 2066 664 2106 vexata]

122 2107 229 2138 Venis
239 2113 270 2138 et
283 2108 468 2138 crudelitate
485 2119 546 2139 non
559 2107 754 2139 mediocriter
769 2108 866 2138 Siculi

122 2151 225 2181 vexati
251 2155 332 2186 sunt,
364 2156 397 2180 ut
412 2151 532 2191 patebit
547 2162 584 2181 ex
600 2151 671 2187 hac,
701 2156 733 2180 et
749 2150 815 2180 aliis
832 2150 864 2180 in

122 2203 193 2223 enm
206 2193 407 2223 orationibus.

165 2235 215 2266 Ib.
238 2235 287 2265 Aa
297 2246 344 2266 me
353 2237 491 2277 publica]
538 2235 679 2268 Oratorie
692 2245 798 2266 omnes
811 2246 864 2266 ve-

121 2278 202 2309 nisse
218 2278 308 2316 dicit3
335 2289 406 2308 nam
430 2289 534 2320 neque
559 2279 741 2309 Mamertini
770 2289 864 2309 vene-

121 2326 201 2357 rant,
215 2331 318 2362 neque
335 2322 533 2363 Syracusani.

169 2367 220 2395 18.
238 2363 284 2394 Ne
303 2363 378 2394 Deos
402 2364 542 2404 quidemn]
590 2363 652 2394 Per
679 2374 863 2404 oxymoron,

123 2406 230 2437 odium
245 2407 276 2436 in
304 2407 433 2438 Verrem
461 2407 586 2442 excitat,
610 2405 662 2445 qui
686 2406 730 2436 ita
760 2406 864 2436 omnia

123 2450 332 2491 depopulatus
344 2455 402 2487 est,
425 2456 460 2480 ut
471 2450 520 2481 vel
533 2450 602 2490 ipsa
617 2448 757 2479 Deorum
769 2449 864 2480 simu-

121 2491 203 2523 lacra
216 2492 385 2523 abstulerit.

169 2537 221 2567 19.
246 2534 289 2565 Er
302 2535 454 2576 delubris]

123 2577 176 2617 pla
204 2578 357 2609 Asconius
382 2578 414 2609 id
444 2578 533 2618 ponit
556 2577 752 2613 discriminis,
778 2576 862 2618 quod

122 2620 230 2660 templa
253 2627 322 2651 sunt
353 2622 534 2662 singulorum
571 2621 628 2650 diis
655 2621 863 2650 attributorum

125 2662 266 2693 locorum:
289 2665 407 2694 delubra
421 2665 583 2694 multarum
604 2664 709 2693 aedinm
733 2663 783 2693 sub
806 2673 863 2692 uno

125 2710 207 2740 tecto,
222 2705 241 2735 ὰ
254 2707 365 2737 diluvio
375 2708 483 2746 pluviae
498 2707 690 2737 munitarum.

169 2750 224 2779 22.
246 2748 305 2779 Per
330 2751 491 2780 triennium
503 2750 680 2790 perculisse]
727 2748 789 2779 Per
804 2753 862 2778 tres

127 2801 224 2822 annos
236 2791 331 2823 Siculi
347 2791 468 2824 Arrium
497 2793 664 2834 quemdam
680 2791 772 2823 verri
795 2801 863 2822 suc-

724 2065 864 2096 Avaritia

498 2535 585 2565 Inter
599 2534 730 2565 delubra
741 2539 771 2564 et
786 2539 864 2564 tenx-

1339 1601 1354 1618 θ
1363 1598 1678 1638 concessissent.

922 1731 1074 1752 cessorem
1090 1721 1308 1761 expectabant.
1353 1720 1440 1750 Nota
1455 1724 1559 1750 autem
1585 1730 1665 1761 prae-

923 1764 1015 1794 torias
1031 1764 1202 1804 provincias
1217 1773 1334 1794 annuas
1349 1763 1477 1804 quidem
1486 1762 1592 1799 fuisse,
1607 1764 1665 1794 sed

923 1807 960 1842 si,
975 1817 1077 1847 neque
1104 1807 1200 1847 primo
1223 1816 1326 1847 neque
1348 1807 1486 1836 secundo
1510 1815 1592 1836 anno
1616 1815 1666 1836 re-

922 1856 1105 1880 vocarentur
1129 1855 1285 1891 praetores,
1311 1849 1473 1880 triennium
1489 1858 1542 1878 eas
1566 1848 1666 1879 admi-

922 1892 1080 1924 nisti-iisse.

967 1937 1019 1966 23.
1043 1936 1159 1976 Rogare
1172 1941 1200 1964 et
1214 1935 1324 1976 orara]
1359 1934 1518 1975 Rogantur
1531 1933 1665 1969 homines,

923 1985 1048 2009 orantur
1060 1979 1127 2014 Dii,
1143 1978 1244 2017 inquit
1260 1978 1429 2008 Pedianus.

967 2023 1020 2053 24.
1065 2020 1214 2060 Nemini]
1266 2021 1381 2051 Omisit
1409 2020 1506 2054 alteri,
1529 2029 1568 2049 ne
1597 2019 1665 2049 haee

923 2063 990 2094 iaus
1033 2063 1091 2094 sibi
1115 2068 1259 2104 usurpata
1296 2062 1513 2104 superbissima
1545 2061 1666 2092 videre·

924 2112 984 2137 tur.
1126 2104 1152 2114 '‘'

967 2149 1016 2180 lb.
1063 2148 1202 2179 Graviter
1214 2154 1241 2179 et
1255 2148 1380 2189 acerba]
1427 2147 1566 2179 Graviter
1594 2145 1666 2176 tulit

925 2191 1047 2226 Cicero,
1058 2191 1156 2232 quod,
1170 2197 1280 2232 praeter
1294 2191 1553 2222 consuetudinem
1565 2199 1665 2225 suam,

924 2244 1067 2265 accusare
1094 2240 1278 2275 cogeretur:
1301 2234 1409 2269 acerbe,
1432 2232 1516 2274 quod
1546 2231 1666 2262 Siculo-

924 2288 989 2307 rum
1005 2277 1163 2308 calamitas
1178 2288 1248 2307 eum
1263 2282 1410 2312 moveret,
1433 2275 1486 2318 qui
1501 2273 1632 2316 pessime
1645 2274 1665 2304 5.

924 2319 1022 2350 Verre
1036 2321 1255 2352 tractabantur.

966 2365 1019 2393 28.
1040 2362 1149 2393 Habere
1173 2363 1242 2403 eos]
1287 2361 1414 2392 Iudicat
1440 2359 1524 2402 quod
1554 2369 1665 2390 munus

923 2405 1090 2436 accusandi
1106 2406 1235 2436 Verrem
1250 2405 1269 2435 a
1284 2415 1317 2435 se
1331 2403 1482 2445 rejecerit.

966 2450 1018 2479 30.
1042 2448 1110 2479 Post
1125 2449 1193 2490 me.]
1240 2448 1271 2478 N
1275 2459 1315 2478 on
1328 2447 1476 2488 proxime,
1492 2458 1563 2479 nam
1578 2449 1663 2479 Sext.

923 2490 1081 2522 Peducaeo
1097 2497 1237 2533 praetore,
1283 2495 1417 2531 quaestor
1450 2491 1568 2522 tantum
1606 2492 1666 2522 suit

924 2533 1048 2570 Cicero,
1073 2540 1104 2564 at
1128 2533 1273 2565 Caecilius
1288 2533 1397 2564 Verre.
1456 2532 1542 2565 Inter
1561 2534 1665 2565 Pedu-

923 2587 1021 2607 caeum
1035 2582 1140 2608 autem
1155 2582 1187 2607 et
1201 2577 1345 2613 Verrem,
1369 2579 1480 2617 praetor
1504 2576 1537 2606 in
1553 2575 1591 2606 ea
1607 2576 1667 2608 fuit

923 2618 1087 2650 Sacerdos.

965 2664 1018 2692 33.
1043 2661 1110 2692 Non
1123 2661 1260 2703 ndssent]
1306 2661 1467 2692 Noveram
1486 2661 1582 2692 Siculi
1595 2661 1666 2692 Cae-

923 2704 1040 2741 cilium,
1055 2704 1125 2735 cum
1139 2715 1252 2745 genere
1269 2704 1391 2734 Siculus
1407 2707 1486 2733 esset
1500 2713 1507 2732 ε
1532 2708 1575 2740 et,
1591 2704 1665 2746 quia

923 2753 1075 2778 noverant
1096 2758 1167 2778 eum
1184 2747 1328 2787 ,ignarum
1352 2750 1384 2778 et
1419 2746 1605 2786 improbum,
1634 2746 1664 2778 ei

926 2800 1050 2822 causam
1066 2801 1152 2822 suam
1164 2791 1320 2822 confidere
1337 2788 1404 2823 ausi
1420 2796 1482 2820 non
1495 2795 1576 2821 sunt.

1242 2845 1264 2871 D

1142 1304 1239 1351 Quo
1273 1318 1354 1358 ego
1394 1304 1667 1358 ‘adjumento
1680 1305 1736 1346 30
