1838 3017
675 169 937 204 PHILIPPICA
961 171 1010 202 11.
1621 167 1707 210 435

313 338 430 386 Quid
445 339 577 391 egerit
599 339 817 381 Antonius
838 339 886 379 in
908 339 1152 392 magisterio
1171 340 1376 391 equitum.

252 429 260 437 ,
304 422 309 435 ‚

126 448 181 490 X.
214 439 426 503 A'ccessit,
441 457 501 506 ut,
518 451 686 493 Caesare
705 451 867 508 ignaro,
882 452 998 507 (cum
1020 458 1134 494 esset
1156 451 1226 491 ille
1241 449 1532 501 Alexandriae)
1548 450 1622 492 be-

68 505 223 548 neficio
241 506 470 548 amicorum
493 509 599 564 ejus,
623 511 824 563 magister
841 510 1032 565 equiturn
1050 507 1403 550 constitueretur:
1436 514 1522 547 tum
1548 521 1621 548 ex·
1656 555 1658 558 v
1717 553 1721 560 Δ

67 561 273 604 istimavit
293 578 337 604 se
359 565 543 620 suojure
566 580 663 606 cum
686 565 849 628 Hippi-:1
870 566 1024 616 vivere,
1057 571 1100 606 et
1121 577 1251 620 equos
1273 563 1507 619 vectigales
1526 563 1620 604 Ser.
1646 565 1683 597 “11

13 627 19 633 '
62 617 137 674 gio
160 619 289 660 mimo
310 620 491 662 tradere.
549 621 656 662 Tum
679 622 759 663 sib1
781 637 866 663 non
887 622 1013 673 hanc,
1045 635 1174 676 quam
1195 633 1309 660 nunc
1332 617 1442 671 male
1463 625 1620 670 tuetur,

65 675 142 716 sed
163 674 228 717 M.
251 675 422 717 Pisonis
446 678 636 729 domum,
671 678 743 719 ubi
766 678 988 726 habitaret,
1021 678 1196 733 legerat.
1256 674 1371 723 Quid
1394 689 1476 731 ego
1496 675 1619 717 istius
1637 678 1664 718 5

3 778 6 781 ¹
62 730 253 784 decreta,
277 733 380 788 quid
402 735 587 790 rapinas,
608 735 713 790 quid
730 734 1029 774 haereditatum
1044 732 1340 804 possessiones
1358 732 1496 784 datas,
1517 731 1621 787 quid

2 820 7 825 .
65 796 247 844 ereptas,
268 789 502 844 pro-feram?
535 790 732 847 Cogebat
753 797 945 846 egestas:
980 805 1065 846 quo
1095 803 1140 830 se
1161 794 1357 840 verteret,
1389 802 1474 829 non
1493 789 1622 830 habe-

63 844 163 885 bat:
195 846 385 886 nondum
408 846 446 886 ei
476 853 593 887 tauta
617 847 642 887 ῖι
666 847 709 887 L.
729 846 908 896 Rubrio,
929 861 1014 887 non
1038 846 1063 887 a
1087 846 1129 886 L.
1154 845 1361 897 Turselio,
1392 845 1620 886 haereditas

61 908 257 942 venerat:
292 902 482 943 nondum
503 903 547 943 iu
570 902 650 944 Cn.
673 903 869 958 Pompeii
900 904 1058 954 locum,
1090 902 1406 958 multorumque
1440 902 1621 942 aliorum

61 957 133 1012 qui
155 957 345 1008 aberant,
377 959 624 1014 repentinus
646 960 782 1001 haeres
816 967 1104 1001 successerat:
1138 966 1227 999 erat
1249 958 1286 999 ei
1311 958 1538 999 vivendum
1559 959 1620 1000 la-
1642 960 1693 1002 10

60 1020 232 1055 tronum
251 1014 348 1065 ritu,
381 1022 428 1056 ut
448 1023 614 1057 tantum
634 1016 824 1067 haberet,
847 1024 1055 1072 quantum
1077 1030 1221 1071 rapere
1242 1015 1468 1070 potuisset.
1532 1014 1621 1057 Sed

58 1069 168 1121 haec,
200 1086 296 1126 quae
330 1071 581 1114 robustioris
621 1073 909 1128 improbitatis
941 1080 1054 1121 suut,
1089 1072 1360 1114 omittamus:
1393 1072 1621 1128 loquamur
1746 1118 1748 1123 ,

58 1126 203 1183 potius
223 1127 276 1168 de
296 1128 561 1184 nequissimo
581 1144 734 1184 genere
752 1130 937 1170 levitatis
998 1129 1077 1180 Tu,
1102 1129 1196 1170 istis
1216 1128 1428 1180 faucibuS‚
1451 1128 1545 1169 istis
1562 1128 1621 1169 la·
1638 1133 1656 1185 j

59 1183 236 1233 teribus,
268 1184 351 1225 ist&
372 1178 778 1240 gladiatorisrt'totius
810 1186 999 1242 corporis
1029 1185 1241 1236 firmitate,
1274 1192 1441 1226 tantum
1468 1184 1555 1225 vini
1576 1184 1620 1225 in

61 1239 234 1296 Hippiae
253 1241 413 1296 nuptiis
436 1242 708 1294 exhauseras,
740 1249 788 1283 ut
815 1242 894 1283 tibi
924 1257 1102 1284 necesse
1124 1249 1238 1283 esset
1259 1241 1303 1282 in
1323 1241 1470 1297 populi
1490 1240 1620 1283 Rom.
1642 1238 1712 1295 15³·
1731 1224 1782 1312 κ
1800 1229 1838 1302 s

60 1304 300 1353 conspectu
318 1311 489 1339 vomere
509 1298 729 1353 postridie.
791 1297 829 1339 Ο
852 1313 941 1340 rem
961 1313 1048 1340 non
1066 1297 1196 1339 modo
1218 1299 1313 1338 visu
1334 1298 1509 1349 foedam,
1542 1298 1621 1340 sed
1714 1298 1718 1304 '

59 1353 190 1395 etiam
203 1352 372 1394 auditu!
424 1353 483 1403 Si,
500 1355 611 1396 inter
631 1369 814 1406 coenam,
845 1354 890 1396 in
911 1355 1015 1411 ipsis
1034 1354 1119 1396 tuis
1138 1354 1418 1396 aimmanibus
1439 1354 1525 1395 illis
1545 1369 1620 1411 po-

60 1409 185 1461 culis,
215 1409 301 1451 hoc
322 1410 401 1452 tibi
423 1411 667 1463 accidisset,
699 1411 797 1468 quis
819 1426 907 1453 non
927 1419 1048 1468 turpe
1070 1410 1275 1453 duceret?
1304 1410 1350 1452 in
1379 1421 1499 1453 coetu
1518 1410 1619 1453 vero

57 1466 208 1524 populi
237 1465 423 1519 Romani
454 1468 674 1523 negotium
708 1468 929 1525 publicum
960 1483 1126 1525 gerens,
1167 1467 1373 1524 magister
1407 1467 1618 1524 equitum,

59 1524 130 1565 cui
147 1526 313 1564 ructare
327 1529 394 1574 tur
427 1538 449 1565 e
468 1531 597 1576 esset,
620 1525 672 1576 is,
694 1539 887 1576 vomens,
907 1525 1053 1567 frustis
1067 1524 1316 1576 esculentis,
1331 1523 1478 1566 vinum
1494 1525 1617 1566 redo-

57 1579 265 1631 lentibus,
311 1578 356 1636 g'
379 1582 386 1591 '
432 1581 518 1622 ium
568 1596 693 1623 suum
737 1589 780 1623 et
827 1588 967 1636 ῐοζμῐη
1012 1581 1198 1622 tribunal
1243 1580 1453 1636 implevit.
1530 1581 1619 1623 Sed
1634 1527 1838 1665 Q

57 1638 144 1679 hoc
174 1636 268 1692 ipse
300 1637 456 1679 fatetur
493 1652 587 1678 esse
619 1638 663 1679 in
690 1638 778 1680 suis
804 1635 1023 1680 sordibus:
1057 1638 1277 1679 veniamus
1299 1637 1354 1678 ad
1375 1637 1618 1693 splendida.

59 1694 205 1735 Caesar
232 1692 495 1735 Alexandria
529 1709 574 1735 se
609 1695 784 1752 recepit,
817 1695 935 1746 felix,
966 1701 1015 1736 ut
1043 1694 1123 1736 sibi
1156 1693 1329 1749 quidem
1368 1694 1618 1745 videbatur3

57 1751 151 1794 mea
173 1755 316 1794 autem
338 1751 567 1804 sententia,
587 1752 663 1811 qui
679 1752 926 1810 reipublicae
943 1751 1002 1794 sit
1017 1751 1180 1802 infelix,
1202 1750 1302 1793 felix
1324 1765 1418 1793 esse
1439 1765 1527 1793 non
1541 1765 1618 1810 po-

695 1930 710 1948 ²
718 1925 983 1978 ingentibus.

102 2124 132 2152 1.
179 2119 288 2151 Caesare
314 2121 448 2162 ignara]
502 2120 582 2152 Cum
609 2120 818 2153 Pharsalicam
908 2124 960 2152 10.
991 2120 1170 2162 Repentinus
1184 2120 1301 2163 haeres.]
1343 2119 1544 2162 Repentinus
1557 2121 1621 2152 hae-

59 2162 218 2193 victoriam
235 2164 339 2194 Caesar
362 2164 526 2200 retulisset,
550 2164 589 2195 ad
614 2175 728 2195 annum
752 2165 820 2196 dic·
863 2174 912 2195 res
924 2164 1048 2202 dicitur,
1072 2165 1125 2206 qui
1141 2165 1249 2195 fraude
1265 2174 1370 2195 verum
1391 2165 1546 2194 haeredem
1562 2164 1621 2194 cir-

60 2211 140 2237 tator
154 2211 275 2237 creatus
291 2213 348 2243 est,
364 2213 396 2238 et
405 2207 560 2237 Antonius
572 2208 716 2247 magister
732 2208 819 2248 equi·
864 2208 1068 2248 cumscripsit,
1089 2213 1120 2238 et
1135 2208 1165 2238 vi
1181 2213 1212 2238 et
1225 2208 1334 2238 fraude
1351 2207 1391 2238 ad
1407 2207 1621 2238 haereditatcm

60 2250 144 2287 turu;'
169 2260 231 2280 non
255 2255 359 2280 tamen
384 2251 490 2290 ignaro
508 2250 641 2285 Caesare,
661 2255 695 2279 ut
708 2251 751 2280 ait
765 2250 820 2282 Ci-
864 2250 921 2281 sibi
937 2261 997 2282 non
1015 2251 1151 2281 debitam
1167 2250 1318 2291 pervenit.

60 2302 142 2328 cero,
158 2293 212 2322 sed
230 2293 298 2333 ipso
314 2304 385 2324 cum
401 2293 563 2334 seligente,
586 2299 621 2323 ut
637 2293 819 2325 Plutarchus
909 2295 961 2324 13.
1005 2295 1060 2329 Tu,
1094 2295 1155 2323 istis
1177 2292 1349 2334 saucibus]
1406 2292 1621 2324 Ratiocinatio

59 2335 177 2366 indicat
192 2335 224 2366 in
239 2335 390 2366 Antonio.
865 2337 1007 2378 egregia:
1040 2336 1154 2367 habere
1176 2346 1303 2377 magnas
1326 2336 1433 2366 fauces
1457 2341 1489 2365 et
1518 2335 1622 2377 ampla

105 2381 134 2408 2.
181 2378 327 2420 Magister
339 2379 496 2420 equitum]
542 2378 711 2420 Nunquam
736 2389 821 2410 crea·
865 2379 973 2416 latera,
997 2385 1135 2410 ventrem
1152 2389 1296 2420 magnum
1312 2379 1365 2419 qui
1379 2378 1508 2408 multum
1524 2378 1623 2419 possit

60 2421 153 2452 batur
169 2421 313 2458 dictator,
328 2422 402 2463 quin
413 2423 441 2452 ei
456 2421 601 2462 magister
613 2422 753 2463 equitum
765 2423 822 2452 ad·
865 2433 990 2463 capere,
1007 2427 1038 2452 et
1053 2429 1116 2453 tum
1129 2422 1172 2451 ita
1182 2422 1342 2458 inebriari,
1358 2427 1391 2452 ut
1405 2421 1474 2462 quis
1487 2427 1623 2458 evomat,

62 2465 199 2503 deretur,
222 2465 276 2506 qui
299 2476 450 2496 summum
473 2466 506 2496 in
522 2464 633 2496 milites
649 2476 756 2496 ornnes
766 2465 820 2506 jus
863 2465 995 2496 hominis
1009 2470 1058 2496 est
1071 2465 1316 2506 intemperantis.

62 2507 210 2538 habebat.
909 2510 960 2538 14.
1006 2507 1045 2538 In
1058 2508 1174 2549 Hippiae
1185 2507 1320 2548 nuptiis.]
1365 2506 1486 2548 Hippia
1501 2505 1625 2546 reliquit

106 2552 137 2581 3.
173 2549 312 2592 Hippia]
354 2551 503 2582 Matrona
518 2551 577 2582 suit
592 2551 748 2591 Romana,
765 2551 820 2583 sed
866 2552 998 2593 primum
1014 2562 1102 2582 suum
1120 2551 1259 2581 maritum
1275 2554 1462 2585 senatorem,
1475 2549 1624 2588 etSergio

66 2592 130 2623 suis
142 2592 320 2624 libidinibus
333 2593 468 2625 infamis.
868 2594 962 2624 mimo
986 2594 1108 2635 nupsit:
1133 2598 1252 2624 tantum
1274 2597 1379 2624 autem
1402 2592 1432 2622 in
1449 2591 1493 2622 eis
1509 2591 1627 2631 nuptiis

109 2634 160 2667 lb.
186 2634 280 2676 Equos
309 2638 486 2679 vectigales]
547 2637 629 2679 Equi
656 2638 826 2680 vectigales
869 2637 931 2666 vini
949 2636 1090 2667 exhausit
1110 2636 1277 2673 Antonius,
1298 2641 1334 2666 ut
1356 2634 1449 2664 firmis
1472 2633 1534 2664 suis
1549 2634 1628 2664 late-

66 2685 165 2714 erant‚
189 2678 244 2718 qui
258 2679 365 2709 tributi
379 2675 505 2711 nomine
521 2681 730 2712 mittebantur.
871 2680 966 2715 ribus,
988 2684 1021 2709 ct
1043 2679 1226 2720 gladiatori&
1243 2677 1378 2719 corporis
1399 2675 1553 2713 firmitate,
1575 2686 1628 2708 co-

111 2724 143 2752 4.
188 2719 256 2751 Non
278 2721 378 2763 hauet]
423 2723 577 2765 Intelligit
592 2725 718 2755 domum
735 2724 828 2755 Pom·
872 2732 967 2764 quere
984 2721 1060 2752 illud
1076 2732 1137 2752 non
1154 2721 1298 2762 potuerit.
1642 2743 1679 2763 .,
1693 2746 1705 2760 ,,

69 2763 136 2805 peii
150 2774 243 2804 quam
258 2764 424 2804 invaserat,
441 2771 474 2798 et
484 2777 577 2810 quam
593 2767 674 2801 filius
688 2767 756 2809 ejus
772 2766 829 2798 sibi
917 2767 968 2796 20.
983 2764 1171 2806 Esculentis]
1194 2763 1396 2795 Esculeutum
1406 2760 1530 2800 dicitur,
1545 2761 1633 2806 quod

71 2808 245 2849 repetebat.
876 2807 942 2840 esui
956 2813 1064 2853 aptum
1079 2813 1137 2840 est.
1581 2811 1584 2814 “

1208 2848 1291 2894 211

1555 2935 1625 2953 κμγ-
