1790 3090
102 163 185 206 258

95 1029 151 1072 40
169 1028 440 1084 paratiorem,
463 1030 551 1069 fore
582 1036 765 1083 putaret.

803 166 855 198 IN
879 166 1095 201 PISONEM.

178 242 240 285 cit
259 241 345 285 ulla
366 241 410 284 in
433 241 614 297 Scythia
643 247 864 298 tyrannus,
884 251 931 287 ut
952 259 1041 296 eOS‚
1063 257 1172 300 quos
1204 243 1325 287 luctu
1355 244 1558 298 afficeret,
1578 247 1724 305 lugere

175 314 264 341 non
277 300 459 341 sineret?
490 299 722 340 Moerorem
737 300 966 357 relinquis;
997 301 1189 343 moeroris
1206 303 1344 344 aufers
1362 303 1569 359 insignia:
1598 305 1723 360 eripis

175 356 399 411 lacrymas,
420 369 506 396 non
539 356 818 407 consolando,
841 357 916 398 sed
949 357 1168 398 minando.

1228 358 1355 406 Quod
1387 360 1423 399 si
1454 366 1615 401 vestem
1635 375 1723 401 non

175 413 350 468 publico
374 411 558 452 concilio
586 418 726 466 patres
752 413 1001 467 conscripti,
1024 414 1099 454 sed
1127 413 1290 468 privato
1323 415 1465 456 officio
1495 423 1569 457 aut
1601 416 1727 457 mise-

101 469 157 510 30
174 468 368 518 ricordia,
382 467 688 518 mutavissent3
719 474 876 520 tamen,
892 469 937 509 id
954 470 1005 509 iis
1022 484 1108 510 non
1124 470 1250 511 licere
1264 486 1338 525 per
1358 471 1374 495 ‘³
1387 472 1616 513 interdicta
1634 487 1726 513 cru-

174 523 358 565 delitatis
380 532 478 574 tuae,
500 523 726 579 potestatis
749 532 838 565 erat
861 540 947 565 non
979 526 1176 566 ferendae.
1239 526 1346 568 Cum
1367 527 1464 569 vero
1485 528 1527 569 id
1551 534 1724 569 senatus

171 581 371 635 frequens
395 580 647 632 censuisset,
668 581 836 621 ordines
858 582 1010 637 reliqui
1025 582 1116 637 jam
1136 581 1235 622 ante
1256 583 1485 636 fecissent3
1516 591 1577 635 tu,
1596 598 1647 625 ex
1665 590 1725 624 te-

170 636 393 678 nebricosa
417 636 573 691 popina
588 637 738 678 consul
760 644 988 688 extractus,
1004 653 1101 678 cum
1118 638 1192 678 illa
1210 639 1422 681 saltatrice
1443 640 1586 691 tonsa,
1603 654 1726 681 sena-

171 698 263 733 tum
285 693 430 749 populi
465 693 649 734 Romani
680 708 882 734 occasum
909 701 1037 750 atque
1074 694 1293 735 interitum
1313 695 1558 752 reipublicae
1577 697 1724 751 lugere

97 748 153 791 35
171 749 357 790 vetuisti.
418 749 478 790 At
497 750 714 805 quaerebat
741 749 869 790 etiam
904 751 1030 806 paulo
1053 751 1153 814 ante
1182 751 1234 792 de
1266 767 1348 803 me,
1371 753 1474 808 quid
1507 767 1585 793 suo
1620 751 1725 792 mihi

171 819 278 860 opus
309 805 460 846 fuisset
491 806 678 846 auxilio?
710 821 785 847 cur
814 821 900 847 non
933 807 1039 848 meis
1072 807 1274 859 immicis,
1296 809 1402 849 meis
1430 808 1581 865 copiis,
1602 807 1724 849 resti-

169 861 352 901 tissem?
383 862 504 917 quasi
524 861 623 902 vero
645 877 730 902 non
753 862 879 903 modo
907 878 1002 919 ego,
1025 864 1099 919 qui
1121 864 1266 904 multis
1299 864 1413 920 saepe
1441 864 1601 906 auxilio
1623 863 1726 905 fuis-

170 931 275 967 sem,
316 918 390 957 sed
429 917 653 972 quisquam
693 925 780 958 tam
820 919 943 974 inops
984 920 1112 960 fuerit
1146 935 1348 976 unquam,
1390 920 1478 976 qui,
1514 920 1597 962 isto
1637 935 1725 961 non

169 972 296 1013 modo
330 981 645 1028 propugnatore
680 974 879 1015 tutiorem
911 990 971 1025 se,
994 976 1069 1015 sed
1092 976 1302 1017 advocato
1323 983 1396 1018 aut
1416 977 1724 1032 adstipulatore

825 1029 920 1084 Ego
956 1031 1080 1071 istius
1117 1032 1297 1086 pecudis
1331 1048 1382 1074 ae
1403 1033 1564 1088 putidae
1587 1032 1724 1073 earnis

170 1084 349 1126 consilio
371 1085 538 1126 scilicet
558 1091 633 1125 aut
662 1084 860 1130 Draesidio
893 1085 971 1125 niti
1001 1087 1227 1125 volebam?
1259 1088 1312 1125 ab
1336 1088 1419 1126 hoc
1442 1089 1577 1141 ejecto
1599 1087 1724 1128 cada-

168 1155 265 1182 vere
305 1141 540 1197 quidquam
583 1133 684 1181 mih‘i
724 1147 798 1182 aut
833 1141 927 1196 opis

968 1147 1040 1181 aut
1081 1140 1346 1181 eornamenti
1387 1142 1719 1196 exspectabam?

169 1196 403 1239 Consulem
439 1212 519 1253 ego
555 1203 646 1238 tum
680 1197 969 1252 requirebam3
1005 1197 1241 1248 consulem,
1272 1196 1461 1253 inquam,
1483 1212 1569 1238 non
1603 1198 1723 1239 illum

169 1254 357 1309 quidem,
380 1258 527 1309 (quem
548 1254 592 1294 in
611 1253 695 1295 hoc
717 1253 890 1294 animali
926 1253 1114 1294 invenire
1145 1267 1232 1294 non
1251 1254 1441 1308 possem)
1464 1253 1537 1310 qui
1558 1261 1722 1295 tantam

94 1314 148 1355 45
168 1309 354 1366 Reipub.
376 1325 550 1351 causam
571 1310 779 1365 gravitate
803 1317 845 1351 et
867 1309 1047 1351 consilio
1070 1324 1146 1350 suo
1168 1316 1379 1361 tueretur3
1411 1311 1486 1351 sed
1507 1310 1594 1366 qui,
1615 1317 1725 1351 tam-

168 1382 296 1423 quam
308 1372 484 1408 truncus
499 1373 626 1422 atque
640 1366 789 1421 stipes,
799 1366 834 1407 si
848 1366 1040 1407 stetisset
1051 1366 1195 1417 modo,
1204 1374 1352 1422 posset
1363 1367 1572 1408 sustinere
1582 1375 1725 1408 tamen

165 1423 339 1464 titulum
361 1424 620 1464 consulatus.

682 1422 790 1463 Cum
813 1423 925 1464 enim
947 1430 1062 1464 esset
1091 1438 1226 1464 omnls
1254 1437 1383 1464 causa
1413 1423 1487 1465 illa
1507 1438 1602 1464 mea
1622 1437 1725 1465 con-

166 1479 314 1520 sularis
345 1486 388 1521 et
420 1479 649 1530 senatoria,
680 1479 838 1520 auxilio
860 1479 965 1520 mihi
987 1495 1095 1535 opus
1131 1480 1267 1520 fuerat
1286 1486 1330 1520 et
1361 1479 1549 1521 consulis
1583 1486 1627 1520 et
1656 1494 1723 1520 se-

165 1536 314 1577 natus:
348 1551 530 1592 quorum
567 1537 744 1576 alterum
779 1536 906 1576 etiam
933 1536 986 1577 ad
1020 1535 1251 1591 perniciem
1274 1550 1412 1577 meam
1444 1542 1533 1577 erat
1555 1535 1580 1576 a
1602 1535 1722 1576 vobis

561 1762 734 1804 dedicta.

208 1934 260 1963 96.
284 1931 432 1973 Scythia]
456 1931 583 1973 Scythia
599 1932 757 1974 provincia
770 1931 856 1963 Asiae
869 1943 923 1973 ge·

165 1975 249 2005 mina
274 1975 343 2011 suit,
364 1975 451 2015 cujus
475 1976 547 2005 olim
572 1976 683 2016 populi
706 1975 806 2005 nullas
833 1976 922 2006 urbes

165 2018 317 2056 habuere,
333 2018 418 2047 nulla
443 2018 566 2054 moenia,
588 2019 697 2048 domos
724 2029 793 2048 suas
818 2028 923 2048 secum

165 2061 317 2097 ferentes;
343 2061 426 2090 unde
440 2062 479 2090 ab
492 2061 622 2090 Horatio
634 2059 756 2101 profugi
772 2061 925 2091 dicuntur.

211 2105 262 2133 27.
288 2103 440 2133 sssoerorem
462 2103 628 2143 relinquis]
674 2104 800 2132 Summo
817 2103 924 2133 dolore

166 2150 264 2176 totam
290 2146 513 2186 rempublicam
538 2146 644 2176 affecit
660 2146 818 2176 Ciceronis
845 2146 923 2176 exsi-

166 2188 254 2220 lium.

211 2233 264 2262 33.
288 2230 346 2261 Ilm
373 2230 547 2271 saltatrice]

169 2273 242 2303 nino
268 2284 380 2314 genere
404 2274 591 2303 saltatricem
619 2274 770 2313 appellat,
795 2279 923 2314 propter

168 2326 269 2346 mores
284 2320 349 2356 ejus
372 2317 578 2346 effeminatos.
624 2315 816 2346 Saltatricern
834 2315 923 2356 porro

168 2365 272 2397 vocat,
283 2359 367 2398 quia,
380 2365 451 2399 post
461 2358 593 2399 ejectum
605 2358 800 2395 Ciceronem,
812 2359 924 2390 dicitur

167 2400 199 2430 in
213 2401 356 2431 convivio
371 2402 471 2431 nudus
486 2401 654 2432 saltavisse.

211 2443 262 2473 Jb.
286 2443 404 2484 Tonsci]
428 2444 563 2473 Tonsuin
576 2453 644 2473 esse
658 2448 730 2473 ante
742 2454 858 2484 paucos
871 2454 925 2473 an-

166 2496 224 2515 nos
247 2486 279 2515 in
306 2486 425 2516 deliciis
447 2487 554 2516 haberi
577 2491 726 2525 coeperat,
741 2486 810 2515 cum
835 2486 927 2515 antea

167 2529 208 2558 ad
225 2528 317 2559 Urbis
336 2529 469 2558 condita}
495 2539 609 2558 annum
630 2529 922 2568 quinquagesimum

166 2576 309 2610 quartum
324 2581 416 2611 supra
439 2571 773 2611 quadringentesimum
789 2571 923 2612 populus

167 2612 263 2644 Rom.
276 2614 415 2643 intonsus
430 2613 546 2644 suisset.

210 2658 263 2686 39.
286 2656 341 2686 Sed
362 2656 526 2695 advocata]
573 2654 739 2692 Asconius,
754 2655 921 2694 VerrimL

168 2699 352 2729 advocatum
382 2698 414 2728 in
434 2697 556 2738 judicio
587 2698 650 2729 dici
676 2709 745 2729 eum
772 2710 850 2735 esse,
867 2699 922 2740 qui

167 2741 216 2772 vel
227 2741 279 2781 jus
291 2741 439 2782 suggerit,
451 2741 501 2772 vel
517 2742 710 2783 praesentiam
724 2752 809 2772 suam
822 2743 922 2773 amico

169 2785 356 2816 commodat.
405 2784 528 2815 Etenim
557 2784 647 2817 moris
661 2789 726 2816 erat
742 2784 772 2816 in
784 2784 923 2827 judiciis,

593 2229 761 2260 Gabinium
783 2231 815 2261 in
831 2231 922 2261 semi-

91 1598 147 1639 50
167 1592 416 1635 consulibus
458 1606 736 1643 conversum3
784 1593 965 1633 alterum
1009 1591 1257 1649 reipublicae
1301 1591 1472 1648 penitus
1517 1598 1722 1649 ereptum.

1135 1768 1149 1786 θ
1156 1764 1321 1816 glorioe.

966 1937 1030 1962 tum
1057 1931 1194 1972 privatis,
1211 1937 1276 1963 tum
1301 1932 1447 1974 publicis,
1471 1931 1588 1962 amicos
1615 1942 1723 1963 omnes

966 1975 1133 2013 advocare,
1161 1986 1290 2015 quorum
1322 1976 1504 2006 auctoritate
1534 1975 1649 2004 moveri
1669 1974 1722 2015 ju·

968 2018 1053 2047 dices
1069 2018 1267 2057 putabantur.

1011 2060 1060 2089 Ib.
1084 2059 1328 2099 Adstipulalore]
1365 2058 1584 2100 Adstipulator
1599 2059 1723 2096 dicitur,

968 2102 1022 2143 qui
1038 2103 1206 2132 vadimonii
1220 2102 1305 2132 testis
1321 2102 1496 2132 adhibetur.

1008 2147 1061 2175 40.
1085 2144 1175 2175 Istius
1186 2145 1329 2185 pecudis]
1374 2144 1426 2175 De
1448 2144 1561 2175 Pisone
1577 2144 1723 2186 loquitur,

964 2188 982 2217 a
997 2198 1058 2228 quo
1074 2188 1219 2217 auxilium
1233 2199 1294 2218 non
1308 2187 1410 2228 petiit,
1422 2188 1509 2228 quia,
1520 2193 1646 2228 propter
1658 2193 1723 2218 sto-

964 2230 1129 2265 liditatem,
1145 2231 1221 2260 nihil
1244 2241 1335 2270 agere
1356 2229 1389 2259 iu
1413 2229 1572 2270 republica
1587 2236 1720 2270 poterat.

1007 2276 1060 2303 41.
1100 2273 1196 2312 Ejecto
1219 2271 1382 2312 cadavera]
1429 2272 1557 2312 Proprie
1587 2272 1719 2312 ejectum

966 2316 1098 2345 cadaver
1118 2317 1158 2345 de
1184 2327 1221 2346 eo
1244 2316 1367 2349 dicitnr,
1383 2316 1480 2355 quod,
1494 2314 1638 2345 fiuctibus
1653 2315 1718 2355 agi-

966 2364 1076 2394 tatum,
1090 2359 1130 2388 ad
1157 2364 1267 2388 terram
1288 2357 1426 2398 ejicitur3
1453 2358 1500 2387 vel
1517 2358 1556 2387 de
1572 2368 1610 2388 eo
1626 2357 1718 2387 etiam

967 2402 1131 2439 cadavere,
1149 2401 1199 2432 cui
1222 2402 1319 2431 honos
1341 2400 1506 2440 sepulturoe
1531 2410 1592 2429 non
1614 2400 1719 2430 reddi-

968 2450 1030 2481 tur3
1058 2445 1142 2484 quod
1159 2443 1275 2475 summe
1300 2443 1536 2484 ignominiosum
1563 2442 1621 2472 fuit
1635 2444 1721 2484 apud

967 2492 1098 2517 veteres.

1007 2530 1059 2558 47.
1086 2529 1253 2559 Consularis
1266 2535 1293 2559 et
1307 2527 1477 2567 senatoria]
1525 2525 1636 2558 Cicero
1650 2527 1719 2559 fue-

963 2575 1009 2601 rat
1024 2571 1142 2607 consul,
1159 2577 1191 2601 et
1203 2576 1267 2601 tuin
1284 2577 1350 2601 erat
1362 2575 1496 2602 senator.

1007 2615 1060 2644 50.
1104 2614 1129 2642 A
1145 2614 1307 2643 consulibus
1329 2611 1519 2651 conversum]
1565 2611 1640 2642 Non
1663 2623 1721 2653 po-

963 2656 1022 2686 tuit
1038 2655 1148 2687 Cicero
1164 2660 1342 2696 exspectare
1357 2654 1529 2685 auxilium&
1542 2655 1718 2687 consulibus

964 2699 1078 2730 Pisone
1092 2704 1124 2729 et
1139 2698 1287 2736 Gabinio,
1304 2698 1377 2739 quia
1399 2698 1489 2727 ambo
1513 2707 1544 2727 se
1561 2697 1719 2729 Ciceronis

964 2742 1104 2773 inimicos
1121 2741 1362 2772 declaraveram.

1008 2784 1060 2818 lb.
1107 2784 1277 2826 Ereptum-J
1323 2783 1375 2817 Ab
1406 2783 1517 2816 iisdem
1543 2783 1720 2816 consulibus
