<?xml version="1.0" encoding="UTF-8"?>
<!DOCTYPE html PUBLIC "-//W3C//DTD XHTML 1.0 Transitional//EN"
    "http://www.w3.org/TR/xhtml1/DTD/xhtml1-transitional.dtd">
<html xmlns="http://www.w3.org/1999/xhtml" xml:lang="en" lang="en">
 <head>
  <title>
</title>
<meta http-equiv="Content-Type" content="text/html;charset=utf-8" />
  <meta name='ocr-system' content='tesseract 3.04.00' />
  <meta name='ocr-capabilities' content='ocr_page ocr_carea ocr_par ocr_line ocrx_word'/>
</head>
<body>
  <div class='ocr_page' id='page_1' title='image "./selectaeoratione00ciceuoft_0215.png"; bbox 0 0 1858 3095; ppageno 0'>
   <div class='ocr_carea' id='block_1_1' title="bbox 773 143 1794 189">
    <p class='ocr_par' dir='ltr' id='par_1_1' title="bbox 773 143 1794 189">
     <span class='ocr_line' id='line_1_1' title="bbox 773 143 1794 189; baseline -0.005 -11"><span class='ocrx_word' id='word_1_1' title='bbox 773 144 865 178; x_wconf 76' lang='lat' dir='ltr'>Pno</span> <span class='ocrx_word' id='word_1_2' title='bbox 890 143 1100 178; x_wconf 64' lang='lat' dir='ltr'>munem.</span> <span class='ocrx_word' id='word_1_3' title='bbox 1714 145 1794 189; x_wconf 84' lang='lat'>175</span> 
     </span>
    </p>
   </div>
   <div class='ocr_carea' id='block_1_2' title="bbox 152 292 1719 401">
    <p class='ocr_par' dir='ltr' id='par_1_2' title="bbox 152 292 1719 401">
     <span class='ocr_line' id='line_1_2' title="bbox 152 292 1719 347; baseline 0 -13"><span class='ocrx_word' id='word_1_4' title='bbox 152 293 223 334; x_wconf 77' lang='lat' dir='ltr'>Ea</span> <span class='ocrx_word' id='word_1_5' title='bbox 244 294 404 344; x_wconf 73' lang='lat' dir='ltr'>omnia,</span> <span class='ocrx_word' id='word_1_6' title='bbox 426 306 526 347; x_wconf 79' lang='lat' dir='ltr'>qnce</span> <span class='ocrx_word' id='word_1_7' title='bbox 545 298 586 335; x_wconf 77' lang='lat' dir='ltr'>et</span> <span class='ocrx_word' id='word_1_8' title='bbox 605 294 826 336; x_wconf 79' lang='lat' dir='ltr'>Postumio</span> <span class='ocrx_word' id='word_1_9' title='bbox 847 298 888 334; x_wconf 77' lang='lat' dir='ltr'>et</span> <span class='ocrx_word' id='word_1_10' title='bbox 907 295 1002 335; x_wconf 82' lang='lat' dir='ltr'>Ser.</span> <span class='ocrx_word' id='word_1_11' title='bbox 1023 294 1218 347; x_wconf 67' lang='lat' dir='ltr'>Sulpivio</span> <span class='ocrx_word' id='word_1_12' title='bbox 1239 292 1493 335; x_wconf 70' lang='lat' dir='ltr'>ariolescenti</span> <span class='ocrx_word' id='word_1_13' title='bbox 1517 306 1719 346; x_wconf 69' lang='lat' dir='ltr'>responsa</span> 
     </span>
     <span class='ocr_line' id='line_1_3' title="bbox 702 351 1160 401; baseline -0.004 -9"><span class='ocrx_word' id='word_1_14' title='bbox 702 357 823 401; x_wconf 77' lang='lat' dir='ltr'>sunt,</span> <span class='ocrx_word' id='word_1_15' title='bbox 847 351 1160 392; x_wconf 68' lang='lat' dir='ltr'>desiderantur.</span> 
     </span>
    </p>
   </div>
   <div class='ocr_carea' id='block_1_3' title="bbox 148 461 1795 1989">
    <p class='ocr_par' dir='ltr' id='par_1_3' title="bbox 148 461 1795 1989">
     <span class='ocr_line' id='line_1_4' title="bbox 214 461 1719 520; baseline 0.001 -17"><span class='ocrx_word' id='word_1_16' title='bbox 214 461 317 503; x_wconf 76' lang='lat' dir='ltr'>XII.</span> <span class='ocrx_word' id='word_1_17' title='bbox 349 462 488 504; x_wconf 90' lang='lat' dir='ltr'>Venio</span> <span class='ocrx_word' id='word_1_18' title='bbox 517 478 631 505; x_wconf 89' lang='lat' dir='ltr'>nunc</span> <span class='ocrx_word' id='word_1_19' title='bbox 664 465 718 506; x_wconf 87' lang='lat' dir='ltr'>ad</span> <span class='ocrx_word' id='word_1_20' title='bbox 748 464 812 505; x_wconf 88' lang='lat' dir='ltr'>M.</span> <span class='ocrx_word' id='word_1_21' title='bbox 845 464 1071 515; x_wconf 86' lang='lat' dir='ltr'>Catonem,</span> <span class='ocrx_word' id='word_1_22' title='bbox 1092 463 1209 520; x_wconf 87' lang='lat' dir='ltr'>quod</span> <span class='ocrx_word' id='word_1_23' title='bbox 1231 468 1297 503; x_wconf 86' lang='lat' dir='ltr'>est</span> <span class='ocrx_word' id='word_1_24' title='bbox 1327 463 1643 504; x_wconf 87' lang='lat' dir='ltr'>firmamentum</span> <span class='ocrx_word' id='word_1_25' title='bbox 1667 476 1719 504; x_wconf 84' lang='lat' dir='ltr'>ac</span> 
     </span>
     <span class='ocr_line' id='line_1_5' title="bbox 155 518 1720 577; baseline -0.001 -17"><span class='ocrx_word' id='word_1_26' title='bbox 155 519 281 560; x_wconf 91' lang='lat' dir='ltr'>robur</span> <span class='ocrx_word' id='word_1_27' title='bbox 301 518 433 560; x_wconf 88' lang='lat' dir='ltr'>totius</span> <span class='ocrx_word' id='word_1_28' title='bbox 455 521 769 572; x_wconf 86' lang='lat' dir='ltr'>accusationis;</span> <span class='ocrx_word' id='word_1_29' title='bbox 802 521 873 577; x_wconf 85' lang='lat' dir='ltr'>qui</span> <span class='ocrx_word' id='word_1_30' title='bbox 905 529 1047 562; x_wconf 86' lang='lat' dir='ltr'>tamen</span> <span class='ocrx_word' id='word_1_31' title='bbox 1079 521 1137 561; x_wconf 86' lang='lat' dir='ltr'>ita</span> <span class='ocrx_word' id='word_1_32' title='bbox 1169 520 1310 575; x_wconf 78' lang='lat' dir='ltr'>gravis</span> <span class='ocrx_word' id='word_1_33' title='bbox 1346 527 1412 560; x_wconf 89' lang='lat' dir='ltr'>est</span> <span class='ocrx_word' id='word_1_34' title='bbox 1432 526 1656 560; x_wconf 83' lang='lat' dir='ltr'>accusator</span> <span class='ocrx_word' id='word_1_35' title='bbox 1675 525 1720 560; x_wconf 91' lang='lat' dir='ltr'>et</span> 
     </span>
     <span class='ocr_line' id='line_1_6' title="bbox 154 573 1718 634; baseline 0 -19"><span class='ocrx_word' id='word_1_36' title='bbox 154 575 399 626; x_wconf 87' lang='lat' dir='ltr'>vehemens,</span> <span class='ocrx_word' id='word_1_37' title='bbox 417 583 463 617; x_wconf 88' lang='lat' dir='ltr'>ut</span> <span class='ocrx_word' id='word_1_38' title='bbox 485 578 617 619; x_wconf 87' lang='lat' dir='ltr'>multo</span> <span class='ocrx_word' id='word_1_39' title='bbox 635 579 773 634; x_wconf 84' lang='lat' dir='ltr'>magis</span> <span class='ocrx_word' id='word_1_40' title='bbox 794 579 884 633; x_wconf 85' lang='lat' dir='ltr'>ejus</span> <span class='ocrx_word' id='word_1_41' title='bbox 907 576 1204 618; x_wconf 85' lang='lat' dir='ltr'>auctoritatem</span> <span class='ocrx_word' id='word_1_42' title='bbox 1227 573 1355 630; x_wconf 63' lang='lat' dir='ltr'>quam</span> <span class='ocrx_word' id='word_1_43' title='bbox 1376 575 1718 616; x_wconf 80' lang='lat' dir='ltr'>criminationem</span> 
     </span>
     <span class='ocr_line' id='line_1_7' title="bbox 153 630 1718 690; baseline 0 -18"><span class='ocrx_word' id='word_1_44' title='bbox 153 630 467 687; x_wconf 82' lang='lat' dir='ltr'>pertimescam.</span> <span class='ocrx_word' id='word_1_45' title='bbox 530 634 579 674; x_wconf 92' lang='lat' dir='ltr'>In</span> <span class='ocrx_word' id='word_1_46' title='bbox 641 650 696 676; x_wconf 91' lang='lat' dir='ltr'>uo</span> <span class='ocrx_word' id='word_1_47' title='bbox 719 649 799 690; x_wconf 75' lang='lat' dir='ltr'>ego</span> <span class='ocrx_word' id='word_1_48' title='bbox 823 640 1090 680; x_wconf 77' lang='lat' dir='ltr'>accusatore,</span> <span class='ocrx_word' id='word_1_49' title='bbox 1106 631 1292 687; x_wconf 84' lang='lat' dir='ltr'>judices,</span> <span class='ocrx_word' id='word_1_50' title='bbox 1317 631 1500 686; x_wconf 70' lang='lat' dir='ltr'>primum</span> <span class='ocrx_word' id='word_1_51' title='bbox 1520 631 1624 672; x_wconf 86' lang='lat' dir='ltr'>illud</span> <span class='ocrx_word' id='word_1_52' title='bbox 1647 631 1718 672; x_wconf 90' lang='lat' dir='ltr'>de-</span> 
     </span>
     <span class='ocr_line' id='line_1_8' title="bbox 155 651 1791 746; baseline -0.001 -19"><span class='ocrx_word' id='word_1_53' title='bbox 155 687 374 742; x_wconf 83' lang='lat' dir='ltr'>precabor,</span> <span class='ocrx_word' id='word_1_54' title='bbox 396 704 448 730; x_wconf 90' lang='lat' dir='ltr'>ne</span> <span class='ocrx_word' id='word_1_55' title='bbox 483 690 589 746; x_wconf 88' lang='lat' dir='ltr'>quid</span> <span class='ocrx_word' id='word_1_56' title='bbox 610 651 670 731; x_wconf 52' lang='lat' dir='ltr'>ci„</span> <span class='ocrx_word' id='word_1_57' title='bbox 692 691 886 731; x_wconf 84' lang='lat' dir='ltr'>Murenae</span> <span class='ocrx_word' id='word_1_58' title='bbox 909 689 1098 744; x_wconf 82' lang='lat' dir='ltr'>dignitas</span> <span class='ocrx_word' id='word_1_59' title='bbox 1131 687 1257 738; x_wconf 86' lang='lat' dir='ltr'>illius,</span> <span class='ocrx_word' id='word_1_60' title='bbox 1279 702 1331 728; x_wconf 88' lang='lat' dir='ltr'>ne</span> <span class='ocrx_word' id='word_1_61' title='bbox 1368 688 1471 743; x_wconf 88' lang='lat' dir='ltr'>quid</span> <span class='ocrx_word' id='word_1_62' title='bbox 1495 694 1718 743; x_wconf 82' lang='lat' dir='ltr'>exspecta·</span> <span class='ocrx_word' id='word_1_63' title='bbox 1764 685 1791 725; x_wconf 87' lang='lat'>5</span> 
     </span>
     <span class='ocr_line' id='line_1_9' title="bbox 152 743 1716 803; baseline 0.001 -19"><span class='ocrx_word' id='word_1_64' title='bbox 152 743 213 784; x_wconf 89' lang='lat' dir='ltr'>tio</span> <span class='ocrx_word' id='word_1_65' title='bbox 235 743 493 798; x_wconf 77' lang='lat' dir='ltr'>tribunatus,</span> <span class='ocrx_word' id='word_1_66' title='bbox 522 762 575 788; x_wconf 88' lang='lat' dir='ltr'>ne</span> <span class='ocrx_word' id='word_1_67' title='bbox 607 747 711 803; x_wconf 90' lang='lat' dir='ltr'>quid</span> <span class='ocrx_word' id='word_1_68' title='bbox 738 747 868 788; x_wconf 88' lang='lat' dir='ltr'>totius</span> <span class='ocrx_word' id='word_1_69' title='bbox 906 746 1004 787; x_wconf 84' lang='lat' dir='ltr'>vitae</span> <span class='ocrx_word' id='word_1_70' title='bbox 1027 745 1229 800; x_wconf 83' lang='lat' dir='ltr'>splendor</span> <span class='ocrx_word' id='word_1_71' title='bbox 1250 750 1293 784; x_wconf 92' lang='lat' dir='ltr'>et</span> <span class='ocrx_word' id='word_1_72' title='bbox 1313 744 1514 799; x_wconf 83' lang='lat' dir='ltr'>gravitas,</span> <span class='ocrx_word' id='word_1_73' title='bbox 1536 751 1716 785; x_wconf 89' lang='lat' dir='ltr'>noceat:</span> 
     </span>
     <span class='ocr_line' id='line_1_10' title="bbox 156 799 1717 856; baseline 0.001 -16"><span class='ocrx_word' id='word_1_74' title='bbox 156 800 342 856; x_wconf 86' lang='lat' dir='ltr'>denique</span> <span class='ocrx_word' id='word_1_75' title='bbox 365 817 416 843; x_wconf 90' lang='lat' dir='ltr'>ne</span> <span class='ocrx_word' id='word_1_76' title='bbox 440 818 490 843; x_wconf 88' lang='lat' dir='ltr'>ea</span> <span class='ocrx_word' id='word_1_77' title='bbox 510 803 591 844; x_wconf 87' lang='lat' dir='ltr'>soli</span> <span class='ocrx_word' id='word_1_78' title='bbox 611 803 712 845; x_wconf 89' lang='lat' dir='ltr'>huic</span> <span class='ocrx_word' id='word_1_79' title='bbox 732 803 878 844; x_wconf 87' lang='lat' dir='ltr'>obsint</span> <span class='ocrx_word' id='word_1_80' title='bbox 894 803 1009 844; x_wconf 89' lang='lat' dir='ltr'>bona</span> <span class='ocrx_word' id='word_1_81' title='bbox 1027 801 1090 842; x_wconf 87' lang='lat' dir='ltr'>M.</span> <span class='ocrx_word' id='word_1_82' title='bbox 1111 799 1305 848; x_wconf 86' lang='lat' dir='ltr'>Catonis,</span> <span class='ocrx_word' id='word_1_83' title='bbox 1327 815 1421 855; x_wconf 81' lang='lat' dir='ltr'>quae</span> <span class='ocrx_word' id='word_1_84' title='bbox 1442 801 1514 841; x_wconf 91' lang='lat' dir='ltr'>ille</span> <span class='ocrx_word' id='word_1_85' title='bbox 1534 801 1717 856; x_wconf 81' lang='lat' dir='ltr'>adeptus</span> 
     </span>
     <span class='ocr_line' id='line_1_11' title="bbox 154 857 1719 916; baseline 0.001 -19"><span class='ocrx_word' id='word_1_86' title='bbox 154 864 234 907; x_wconf 89' lang='lat' dir='ltr'>est,</span> <span class='ocrx_word' id='word_1_87' title='bbox 252 864 299 898; x_wconf 90' lang='lat' dir='ltr'>ut</span> <span class='ocrx_word' id='word_1_88' title='bbox 315 858 457 899; x_wconf 88' lang='lat' dir='ltr'>multis</span> <span class='ocrx_word' id='word_1_89' title='bbox 479 860 682 915; x_wconf 81' lang='lat' dir='ltr'>prodesse</span> <span class='ocrx_word' id='word_1_90' title='bbox 705 867 864 916; x_wconf 86' lang='lat' dir='ltr'>posset.</span> <span class='ocrx_word' id='word_1_91' title='bbox 926 859 1002 899; x_wconf 88' lang='lat' dir='ltr'>Bis</span> <span class='ocrx_word' id='word_1_92' title='bbox 1020 858 1172 898; x_wconf 89' lang='lat' dir='ltr'>consul</span> <span class='ocrx_word' id='word_1_93' title='bbox 1192 858 1328 897; x_wconf 86' lang='lat' dir='ltr'>fuerat</span> <span class='ocrx_word' id='word_1_94' title='bbox 1348 857 1397 898; x_wconf 88' lang='lat' dir='ltr'>P.</span> <span class='ocrx_word' id='word_1_95' title='bbox 1414 857 1658 908; x_wconf 84' lang='lat' dir='ltr'>Africanus,</span> <span class='ocrx_word' id='word_1_96' title='bbox 1676 863 1719 898; x_wconf 89' lang='lat' dir='ltr'>et</span> 
     </span>
     <span class='ocr_line' id='line_1_12' title="bbox 153 913 1718 972; baseline 0.001 -19"><span class='ocrx_word' id='word_1_97' title='bbox 153 913 262 954; x_wconf 85' lang='lat' dir='ltr'>duos</span> <span class='ocrx_word' id='word_1_98' title='bbox 284 920 464 956; x_wconf 87' lang='lat' dir='ltr'>terrores</span> <span class='ocrx_word' id='word_1_99' title='bbox 488 916 614 972; x_wconf 85' lang='lat' dir='ltr'>hujus</span> <span class='ocrx_word' id='word_1_100' title='bbox 637 916 817 972; x_wconf 89' lang='lat' dir='ltr'>imperii,</span> <span class='ocrx_word' id='word_1_101' title='bbox 837 914 1143 971; x_wconf 79' lang='lat' dir='ltr'>Carthaginem</span> <span class='ocrx_word' id='word_1_102' title='bbox 1165 913 1528 969; x_wconf 80' lang='lat' dir='ltr'>Numantiamque</span> <span class='ocrx_word' id='word_1_103' title='bbox 1551 913 1718 955; x_wconf 89' lang='lat' dir='ltr'>deleve-</span> 
     </span>
     <span class='ocr_line' id='line_1_13' title="bbox 148 966 1792 1026; baseline -0.001 -17"><span class='ocrx_word' id='word_1_104' title='bbox 148 977 230 1019; x_wconf 69' lang='lat' dir='ltr'>rat,</span> <span class='ocrx_word' id='word_1_105' title='bbox 249 969 346 1011; x_wconf 67' lang='lat' dir='ltr'>cum</span> <span class='ocrx_word' id='word_1_106' title='bbox 358 973 580 1014; x_wconf 82' lang='lat' dir='ltr'>accusavit</span> <span class='ocrx_word' id='word_1_107' title='bbox 596 973 641 1013; x_wconf 91' lang='lat' dir='ltr'>L.</span> <span class='ocrx_word' id='word_1_108' title='bbox 657 973 845 1014; x_wconf 86' lang='lat' dir='ltr'>Cottam.</span> <span class='ocrx_word' id='word_1_109' title='bbox 905 971 1009 1012; x_wconf 82' lang='lat' dir='ltr'>Erat</span> <span class='ocrx_word' id='word_1_110' title='bbox 1025 972 1069 1011; x_wconf 88' lang='lat' dir='ltr'>in</span> <span class='ocrx_word' id='word_1_111' title='bbox 1087 985 1137 1011; x_wconf 87' lang='lat' dir='ltr'>eo</span> <span class='ocrx_word' id='word_1_112' title='bbox 1156 985 1321 1011; x_wconf 86' lang='lat' dir='ltr'>summa</span> <span class='ocrx_word' id='word_1_113' title='bbox 1338 969 1593 1026; x_wconf 80' lang='lat' dir='ltr'>eloquentia,</span> <span class='ocrx_word' id='word_1_114' title='bbox 1608 985 1717 1011; x_wconf 85' lang='lat' dir='ltr'>sum-</span> <span class='ocrx_word' id='word_1_115' title='bbox 1740 966 1792 1007; x_wconf 92' lang='lat' dir='ltr'>lO</span> 
     </span>
     <span class='ocr_line' id='line_1_14' title="bbox 155 1026 1718 1086; baseline 0.001 -20"><span class='ocrx_word' id='word_1_116' title='bbox 155 1041 225 1067; x_wconf 87' lang='lat' dir='ltr'>ma</span> <span class='ocrx_word' id='word_1_117' title='bbox 238 1027 535 1077; x_wconf 76' lang='lat' dir='ltr'>fides,summa</span> <span class='ocrx_word' id='word_1_118' title='bbox 551 1029 789 1086; x_wconf 79' lang='lat' dir='ltr'>integritas,</span> <span class='ocrx_word' id='word_1_119' title='bbox 802 1028 1032 1070; x_wconf 81' lang='lat' dir='ltr'>auctoritas</span> <span class='ocrx_word' id='word_1_120' title='bbox 1051 1034 1184 1078; x_wconf 86' lang='lat' dir='ltr'>tanta,</span> <span class='ocrx_word' id='word_1_121' title='bbox 1197 1033 1359 1082; x_wconf 87' lang='lat' dir='ltr'>quanta</span> <span class='ocrx_word' id='word_1_122' title='bbox 1376 1026 1419 1067; x_wconf 94' lang='lat' dir='ltr'>in</span> <span class='ocrx_word' id='word_1_123' title='bbox 1433 1027 1525 1082; x_wconf 84' lang='lat' dir='ltr'>ipso</span> <span class='ocrx_word' id='word_1_124' title='bbox 1540 1026 1718 1082; x_wconf 89' lang='lat' dir='ltr'>imperio</span> 
     </span>
     <span class='ocr_line' id='line_1_15' title="bbox 154 1082 1718 1142; baseline 0 -19"><span class='ocrx_word' id='word_1_125' title='bbox 154 1084 302 1138; x_wconf 89' lang='lat' dir='ltr'>populi</span> <span class='ocrx_word' id='word_1_126' title='bbox 323 1083 525 1137; x_wconf 80' lang='lat' dir='ltr'>Romani,</span> <span class='ocrx_word' id='word_1_127' title='bbox 546 1088 664 1142; x_wconf 85' lang='lat' dir='ltr'>quod</span> <span class='ocrx_word' id='word_1_128' title='bbox 689 1087 802 1127; x_wconf 86' lang='lat' dir='ltr'>illius</span> <span class='ocrx_word' id='word_1_129' title='bbox 831 1085 963 1141; x_wconf 64' lang='lat' dir='ltr'>opera</span> <span class='ocrx_word' id='word_1_130' title='bbox 986 1084 1222 1125; x_wconf 83' lang='lat' dir='ltr'>tenebatur.</span> <span class='ocrx_word' id='word_1_131' title='bbox 1284 1082 1407 1139; x_wconf 67' lang='lat' dir='ltr'>Saepe</span> <span class='ocrx_word' id='word_1_132' title='bbox 1432 1083 1516 1124; x_wconf 90' lang='lat' dir='ltr'>hoc</span> <span class='ocrx_word' id='word_1_133' title='bbox 1536 1084 1718 1139; x_wconf 84' lang='lat' dir='ltr'>majores</span> 
     </span>
     <span class='ocr_line' id='line_1_16' title="bbox 156 1139 1720 1196; baseline 0 -17"><span class='ocrx_word' id='word_1_134' title='bbox 156 1147 259 1180; x_wconf 83' lang='lat' dir='ltr'>natu</span> <span class='ocrx_word' id='word_1_135' title='bbox 293 1140 435 1183; x_wconf 87' lang='lat' dir='ltr'>dicere</span> <span class='ocrx_word' id='word_1_136' title='bbox 467 1143 626 1193; x_wconf 87' lang='lat' dir='ltr'>audivi,</span> <span class='ocrx_word' id='word_1_137' title='bbox 651 1143 763 1184; x_wconf 88' lang='lat' dir='ltr'>hauc</span> <span class='ocrx_word' id='word_1_138' title='bbox 789 1141 1055 1183; x_wconf 85' lang='lat' dir='ltr'>accusatoris</span> <span class='ocrx_word' id='word_1_139' title='bbox 1088 1140 1287 1181; x_wconf 86' lang='lat' dir='ltr'>eximiam</span> <span class='ocrx_word' id='word_1_140' title='bbox 1313 1139 1565 1196; x_wconf 81' lang='lat' dir='ltr'>dignitatem</span> <span class='ocrx_word' id='word_1_141' title='bbox 1590 1139 1720 1196; x_wconf 86' lang='lat' dir='ltr'>pluri-</span> 
     </span>
     <span class='ocr_line' id='line_1_17' title="bbox 156 1195 1718 1255; baseline -0.001 -18"><span class='ocrx_word' id='word_1_142' title='bbox 156 1195 272 1238; x_wconf 75' lang='lat' dir='ltr'>mum</span> <span class='ocrx_word' id='word_1_143' title='bbox 296 1197 338 1237; x_wconf 94' lang='lat' dir='ltr'>L.</span> <span class='ocrx_word' id='word_1_144' title='bbox 364 1197 504 1239; x_wconf 79' lang='lat' dir='ltr'>Cottae</span> <span class='ocrx_word' id='word_1_145' title='bbox 525 1199 752 1255; x_wconf 82' lang='lat' dir='ltr'>profuisse.</span> <span class='ocrx_word' id='word_1_146' title='bbox 814 1199 1056 1240; x_wconf 82' lang='lat' dir='ltr'>Noluerunt</span> <span class='ocrx_word' id='word_1_147' title='bbox 1077 1196 1385 1253; x_wconf 80' lang='lat' dir='ltr'>sapientissimi</span> <span class='ocrx_word' id='word_1_148' title='bbox 1406 1196 1615 1246; x_wconf 86' lang='lat' dir='ltr'>homines,</span> <span class='ocrx_word' id='word_1_149' title='bbox 1645 1195 1718 1252; x_wconf 89' lang='lat' dir='ltr'>qui</span> 
     </span>
     <span class='ocr_line' id='line_1_18' title="bbox 155 1249 1792 1311; baseline -0.001 -18"><span class='ocrx_word' id='word_1_150' title='bbox 155 1259 245 1293; x_wconf 90' lang='lat' dir='ltr'>tum</span> <span class='ocrx_word' id='word_1_151' title='bbox 279 1268 366 1294; x_wconf 89' lang='lat' dir='ltr'>rem</span> <span class='ocrx_word' id='word_1_152' title='bbox 402 1254 519 1295; x_wconf 84' lang='lat' dir='ltr'>illam</span> <span class='ocrx_word' id='word_1_153' title='bbox 558 1257 830 1311; x_wconf 75' lang='lat' dir='ltr'>judicabant,</span> <span class='ocrx_word' id='word_1_154' title='bbox 863 1256 923 1295; x_wconf 87' lang='lat' dir='ltr'>ita</span> <span class='ocrx_word' id='word_1_155' title='bbox 959 1268 1221 1309; x_wconf 79' lang='lat' dir='ltr'>quemquam</span> <span class='ocrx_word' id='word_1_156' title='bbox 1253 1252 1433 1293; x_wconf 81' lang='lat' dir='ltr'>ecadere</span> <span class='ocrx_word' id='word_1_157' title='bbox 1473 1252 1717 1308; x_wconf 83' lang='lat' dir='ltr'>injudicio,</span> <span class='ocrx_word' id='word_1_158' title='bbox 1740 1249 1792 1291; x_wconf 87' lang='grc'>15</span> 
     </span>
     <span class='ocr_line' id='line_1_19' title="bbox 157 1308 1720 1366; baseline 0.001 -18"><span class='ocrx_word' id='word_1_159' title='bbox 157 1316 206 1349; x_wconf 89' lang='lat' dir='ltr'>ut</span> <span class='ocrx_word' id='word_1_160' title='bbox 240 1309 384 1350; x_wconf 81' lang='lat' dir='ltr'>nimiis</span> <span class='ocrx_word' id='word_1_161' title='bbox 424 1312 656 1352; x_wconf 81' lang='lat' dir='ltr'>adversarii</span> <span class='ocrx_word' id='word_1_162' title='bbox 702 1312 864 1352; x_wconf 75' lang='lat' dir='ltr'>viribus</span> <span class='ocrx_word' id='word_1_163' title='bbox 903 1311 1097 1366; x_wconf 84' lang='lat' dir='ltr'>abjectus</span> <span class='ocrx_word' id='word_1_164' title='bbox 1133 1309 1362 1350; x_wconf 81' lang='lat' dir='ltr'>videretur.</span> <span class='ocrx_word' id='word_1_165' title='bbox 1422 1308 1566 1356; x_wconf 72' lang='lat' dir='ltr'>Quid?</span> <span class='ocrx_word' id='word_1_166' title='bbox 1600 1308 1720 1350; x_wconf 83' lang='lat' dir='ltr'>Serv.</span> 
     </span>
     <span class='ocr_line' id='line_1_20' title="bbox 157 1364 1721 1420; baseline 0.001 -15"><span class='ocrx_word' id='word_1_167' title='bbox 157 1365 339 1406; x_wconf 84' lang='lat' dir='ltr'>Galbam</span> <span class='ocrx_word' id='word_1_168' title='bbox 361 1370 479 1418; x_wconf 88' lang='lat' dir='ltr'>(uam</span> <span class='ocrx_word' id='word_1_169' title='bbox 510 1368 715 1409; x_wconf 89' lang='lat' dir='ltr'>traditum</span> <span class='ocrx_word' id='word_1_170' title='bbox 745 1367 961 1408; x_wconf 79' lang='lat' dir='ltr'>memoriae</span> <span class='ocrx_word' id='word_1_171' title='bbox 997 1371 1080 1415; x_wconf 83' lang='lat' dir='ltr'>est)</span> <span class='ocrx_word' id='word_1_172' title='bbox 1111 1380 1252 1406; x_wconf 87' lang='lat' dir='ltr'>nonne</span> <span class='ocrx_word' id='word_1_173' title='bbox 1284 1379 1441 1420; x_wconf 84' lang='lat' dir='ltr'>proavo</span> <span class='ocrx_word' id='word_1_174' title='bbox 1463 1371 1552 1415; x_wconf 88' lang='lat' dir='ltr'>tuo,</span> <span class='ocrx_word' id='word_1_175' title='bbox 1577 1364 1721 1406; x_wconf 87' lang='lat' dir='ltr'>fortis-</span> 
     </span>
     <span class='ocr_line' id='line_1_21' title="bbox 156 1421 1720 1478; baseline 0 -16"><span class='ocrx_word' id='word_1_176' title='bbox 156 1421 265 1462; x_wconf 90' lang='lat' dir='ltr'>simo</span> <span class='ocrx_word' id='word_1_177' title='bbox 298 1424 426 1478; x_wconf 86' lang='lat' dir='ltr'>atque</span> <span class='ocrx_word' id='word_1_178' title='bbox 463 1424 766 1466; x_wconf 77' lang='lat' dir='ltr'>florentissimo</span> <span class='ocrx_word' id='word_1_179' title='bbox 796 1424 900 1473; x_wconf 88' lang='lat' dir='ltr'>viro,</span> <span class='ocrx_word' id='word_1_180' title='bbox 934 1422 999 1463; x_wconf 89' lang='lat' dir='ltr'>M.</span> <span class='ocrx_word' id='word_1_181' title='bbox 1037 1422 1209 1473; x_wconf 89' lang='lat' dir='ltr'>Catoni,</span> <span class='ocrx_word' id='word_1_182' title='bbox 1242 1421 1508 1462; x_wconf 82' lang='lat' dir='ltr'>incumbenti</span> <span class='ocrx_word' id='word_1_183' title='bbox 1537 1421 1592 1462; x_wconf 85' lang='lat' dir='ltr'>ad</span> <span class='ocrx_word' id='word_1_184' title='bbox 1627 1421 1720 1477; x_wconf 90' lang='lat' dir='ltr'>ejus</span> 
     </span>
     <span class='ocr_line' id='line_1_22' title="bbox 156 1477 1720 1537; baseline 0 -18"><span class='ocrx_word' id='word_1_185' title='bbox 156 1478 403 1535; x_wconf 74' lang='lat' dir='ltr'>perniciem,</span> <span class='ocrx_word' id='word_1_186' title='bbox 438 1482 620 1537; x_wconf 88' lang='lat' dir='ltr'>populus</span> <span class='ocrx_word' id='word_1_187' title='bbox 654 1481 876 1522; x_wconf 86' lang='lat' dir='ltr'>Romanus</span> <span class='ocrx_word' id='word_1_188' title='bbox 914 1479 1098 1535; x_wconf 72' lang='lat' dir='ltr'>eripuit?</span> <span class='ocrx_word' id='word_1_189' title='bbox 1131 1479 1309 1534; x_wconf 79' lang='lat' dir='ltr'>Semper</span> <span class='ocrx_word' id='word_1_190' title='bbox 1346 1478 1391 1519; x_wconf 90' lang='lat' dir='ltr'>in</span> <span class='ocrx_word' id='word_1_191' title='bbox 1422 1477 1509 1519; x_wconf 66' lang='lat' dir='ltr'>hac</span> <span class='ocrx_word' id='word_1_192' title='bbox 1545 1477 1720 1519; x_wconf 86' lang='lat' dir='ltr'>civitate</span> 
     </span>
     <span class='ocr_line' id='line_1_23' title="bbox 155 1534 1795 1593; baseline 0.001 -18"><span class='ocrx_word' id='word_1_193' title='bbox 155 1534 284 1576; x_wconf 87' lang='lat' dir='ltr'>nimis</span> <span class='ocrx_word' id='word_1_194' title='bbox 302 1537 469 1592; x_wconf 83' lang='lat' dir='ltr'>magnis</span> <span class='ocrx_word' id='word_1_195' title='bbox 487 1544 785 1579; x_wconf 84' lang='lat' dir='ltr'>accusatorum</span> <span class='ocrx_word' id='word_1_196' title='bbox 804 1537 956 1593; x_wconf 87' lang='lat' dir='ltr'>opibus</span> <span class='ocrx_word' id='word_1_197' title='bbox 979 1545 1022 1577; x_wconf 87' lang='lat' dir='ltr'>et</span> <span class='ocrx_word' id='word_1_198' title='bbox 1038 1536 1218 1592; x_wconf 88' lang='lat' dir='ltr'>populus</span> <span class='ocrx_word' id='word_1_199' title='bbox 1236 1534 1472 1586; x_wconf 80' lang='lat' dir='ltr'>universus,</span> <span class='ocrx_word' id='word_1_200' title='bbox 1491 1540 1533 1576; x_wconf 81' lang='lat' dir='ltr'>et</span> <span class='ocrx_word' id='word_1_201' title='bbox 1553 1534 1722 1590; x_wconf 86' lang='lat' dir='ltr'>sapien·</span> <span class='ocrx_word' id='word_1_202' title='bbox 1737 1534 1795 1577; x_wconf 83' lang='lat'>20</span> 
     </span>
     <span class='ocr_line' id='line_1_24' title="bbox 157 1591 1722 1650; baseline 0 -18"><span class='ocrx_word' id='word_1_203' title='bbox 157 1598 221 1633; x_wconf 86' lang='lat' dir='ltr'>tes</span> <span class='ocrx_word' id='word_1_204' title='bbox 236 1607 286 1632; x_wconf 87' lang='lat' dir='ltr'>ac</span> <span class='ocrx_word' id='word_1_205' title='bbox 300 1592 481 1634; x_wconf 75' lang='lat' dir='ltr'>multum</span> <span class='ocrx_word' id='word_1_206' title='bbox 497 1593 541 1635; x_wconf 91' lang='lat' dir='ltr'>in</span> <span class='ocrx_word' id='word_1_207' title='bbox 558 1601 775 1650; x_wconf 84' lang='lat' dir='ltr'>posterum</span> <span class='ocrx_word' id='word_1_208' title='bbox 790 1593 1099 1650; x_wconf 83' lang='lat' dir='ltr'>prospicientes</span> <span class='ocrx_word' id='word_1_209' title='bbox 1114 1592 1301 1648; x_wconf 82' lang='lat' dir='ltr'>judiceS,</span> <span class='ocrx_word' id='word_1_210' title='bbox 1315 1592 1575 1633; x_wconf 87' lang='lat' dir='ltr'>restiterunt.</span> <span class='ocrx_word' id='word_1_211' title='bbox 1606 1591 1722 1633; x_wconf 92' lang='lat' dir='ltr'>Nolo</span> 
     </span>
     <span class='ocr_line' id='line_1_25' title="bbox 158 1648 1724 1707; baseline 0 -18"><span class='ocrx_word' id='word_1_212' title='bbox 158 1655 382 1690; x_wconf 80' lang='lat' dir='ltr'>accusator</span> <span class='ocrx_word' id='word_1_213' title='bbox 416 1650 458 1690; x_wconf 92' lang='lat' dir='ltr'>in</span> <span class='ocrx_word' id='word_1_214' title='bbox 487 1651 701 1706; x_wconf 89' lang='lat' dir='ltr'>judicium</span> <span class='ocrx_word' id='word_1_215' title='bbox 728 1650 964 1707; x_wconf 84' lang='lat' dir='ltr'>potentiam</span> <span class='ocrx_word' id='word_1_216' title='bbox 1000 1649 1272 1700; x_wconf 79' lang='lat' dir='ltr'>asterat‚110n</span> <span class='ocrx_word' id='word_1_217' title='bbox 1303 1648 1389 1689; x_wconf 87' lang='lat' dir='ltr'>vim</span> <span class='ocrx_word' id='word_1_218' title='bbox 1420 1649 1625 1704; x_wconf 87' lang='lat' dir='ltr'>majorem</span> <span class='ocrx_word' id='word_1_219' title='bbox 1645 1648 1724 1689; x_wconf 86' lang='lat' dir='ltr'>ali-</span> 
     </span>
     <span class='ocr_line' id='line_1_26' title="bbox 158 1704 1724 1762; baseline 0 -16"><span class='ocrx_word' id='word_1_220' title='bbox 158 1720 303 1762; x_wconf 88' lang='lat' dir='ltr'>quam,</span> <span class='ocrx_word' id='word_1_221' title='bbox 348 1721 435 1747; x_wconf 90' lang='lat' dir='ltr'>non</span> <span class='ocrx_word' id='word_1_222' title='bbox 480 1707 779 1749; x_wconf 81' lang='lat' dir='ltr'>auctoritatem</span> <span class='ocrx_word' id='word_1_223' title='bbox 828 1707 1124 1756; x_wconf 81' lang='lat' dir='ltr'>excellentem,</span> <span class='ocrx_word' id='word_1_224' title='bbox 1166 1720 1253 1747; x_wconf 88' lang='lat' dir='ltr'>non</span> <span class='ocrx_word' id='word_1_225' title='bbox 1301 1704 1476 1746; x_wconf 88' lang='lat' dir='ltr'>nimiam</span> <span class='ocrx_word' id='word_1_226' title='bbox 1525 1705 1724 1761; x_wconf 80' lang='lat' dir='ltr'>gratiam.</span> 
     </span>
     <span class='ocr_line' id='line_1_27' title="bbox 157 1760 1722 1818; baseline -0.001 -15"><span class='ocrx_word' id='word_1_227' title='bbox 157 1761 344 1804; x_wconf 84' lang='lat' dir='ltr'>Valeant</span> <span class='ocrx_word' id='word_1_228' title='bbox 361 1763 456 1804; x_wconf 84' lang='lat' dir='ltr'>haec</span> <span class='ocrx_word' id='word_1_229' title='bbox 479 1764 624 1805; x_wconf 82' lang='lat' dir='ltr'>omnia</span> <span class='ocrx_word' id='word_1_230' title='bbox 643 1765 697 1806; x_wconf 90' lang='lat' dir='ltr'>ad</span> <span class='ocrx_word' id='word_1_231' title='bbox 715 1765 898 1806; x_wconf 88' lang='lat' dir='ltr'>salutem</span> <span class='ocrx_word' id='word_1_232' title='bbox 932 1762 1242 1813; x_wconf 87' lang='lat' dir='ltr'>innocentium,</span> <span class='ocrx_word' id='word_1_233' title='bbox 1262 1762 1318 1803; x_wconf 83' lang='lat' dir='ltr'>ad</span> <span class='ocrx_word' id='word_1_234' title='bbox 1342 1777 1469 1818; x_wconf 87' lang='lat' dir='ltr'>opem</span> <span class='ocrx_word' id='word_1_235' title='bbox 1487 1760 1722 1818; x_wconf 78' lang='lat' dir='ltr'>simpoten-</span> 
     </span>
     <span class='ocr_line' id='line_1_28' title="bbox 157 1817 1795 1875; baseline 0.001 -15"><span class='ocrx_word' id='word_1_236' title='bbox 157 1819 279 1870; x_wconf 84' lang='lat' dir='ltr'>tium,</span> <span class='ocrx_word' id='word_1_237' title='bbox 294 1820 348 1860; x_wconf 89' lang='lat' dir='ltr'>ad</span> <span class='ocrx_word' id='word_1_238' title='bbox 365 1819 573 1862; x_wconf 79' lang='lat' dir='ltr'>auxilium</span> <span class='ocrx_word' id='word_1_239' title='bbox 596 1821 970 1862; x_wconf 85' lang='lat' dir='ltr'>calamitosorum:</span> <span class='ocrx_word' id='word_1_240' title='bbox 1000 1820 1041 1860; x_wconf 90' lang='lat' dir='ltr'>in</span> <span class='ocrx_word' id='word_1_241' title='bbox 1064 1820 1254 1875; x_wconf 88' lang='lat' dir='ltr'>periculo</span> <span class='ocrx_word' id='word_1_242' title='bbox 1272 1817 1385 1870; x_wconf 65' lang='lat' dir='ltr'>vero,</span> <span class='ocrx_word' id='word_1_243' title='bbox 1403 1825 1445 1859; x_wconf 85' lang='lat' dir='ltr'>et</span> <span class='ocrx_word' id='word_1_244' title='bbox 1467 1818 1510 1858; x_wconf 87' lang='lat' dir='ltr'>in</span> <span class='ocrx_word' id='word_1_245' title='bbox 1532 1817 1719 1875; x_wconf 78' lang='lat' dir='ltr'>pernicie</span> <span class='ocrx_word' id='word_1_246' title='bbox 1738 1820 1795 1861; x_wconf 80' lang='lat'>25</span> 
     </span>
     <span class='ocr_line' id='line_1_29' title="bbox 160 1875 1723 1933; baseline 0 -17"><span class='ocrx_word' id='word_1_247' title='bbox 160 1875 333 1928; x_wconf 89' lang='lat' dir='ltr'>civium,</span> <span class='ocrx_word' id='word_1_248' title='bbox 352 1877 640 1933; x_wconf 85' lang='lat' dir='ltr'>repudientur.</span> <span class='ocrx_word' id='word_1_249' title='bbox 684 1878 809 1928; x_wconf 89' lang='lat' dir='ltr'>Nam,</span> <span class='ocrx_word' id='word_1_250' title='bbox 832 1877 868 1918; x_wconf 91' lang='lat' dir='ltr'>si</span> <span class='ocrx_word' id='word_1_251' title='bbox 889 1876 985 1933; x_wconf 85' lang='lat' dir='ltr'>quis</span> <span class='ocrx_word' id='word_1_252' title='bbox 1005 1877 1089 1917; x_wconf 89' lang='lat' dir='ltr'>hoc</span> <span class='ocrx_word' id='word_1_253' title='bbox 1112 1875 1220 1917; x_wconf 69' lang='lat' dir='ltr'>forte</span> <span class='ocrx_word' id='word_1_254' title='bbox 1242 1875 1372 1926; x_wconf 85' lang='lat' dir='ltr'>dicet,</span> <span class='ocrx_word' id='word_1_255' title='bbox 1394 1875 1605 1916; x_wconf 83' lang='lat' dir='ltr'>Catonem</span> <span class='ocrx_word' id='word_1_256' title='bbox 1625 1875 1723 1916; x_wconf 87' lang='lat' dir='ltr'>des-</span> 
     </span>
     <span class='ocr_line' id='line_1_30' title="bbox 161 1931 1722 1989; baseline 0.001 -16"><span class='ocrx_word' id='word_1_257' title='bbox 161 1947 389 1974; x_wconf 86' lang='lat' dir='ltr'>censurum</span> <span class='ocrx_word' id='word_1_258' title='bbox 410 1934 464 1975; x_wconf 78' lang='lat' dir='ltr'>ad</span> <span class='ocrx_word' id='word_1_259' title='bbox 485 1931 1722 1989; x_wconf 69' lang='lat' dir='ltr'>accusandumnonfuisse‚nisipriusdecausajudicasset3</span> 
     </span>
    </p>
   </div>
   <div class='ocr_carea' id='block_1_4' title="bbox 565 2050 875 2089">
    <p class='ocr_par' dir='ltr' id='par_1_4' title="bbox 565 2050 875 2089">
     <span class='ocr_line' id='line_1_31' title="bbox 565 2050 875 2089; baseline -0.003 0"><span class='ocrx_word' id='word_1_260' title='bbox 565 2054 580 2071; x_wconf 56' lang='grc' dir='ltr'>θ</span> <span class='ocrx_word' id='word_1_261' title='bbox 588 2050 875 2089; x_wconf 72' lang='lat' dir='ltr'>condemnari.</span> 
     </span>
    </p>
   </div>
   <div class='ocr_carea' id='block_1_5' title="bbox 163 2171 924 2676">
    <p class='ocr_par' dir='ltr' id='par_1_5' title="bbox 163 2171 920 2299">
     <span class='ocr_line' id='line_1_32' title="bbox 729 2171 919 2203; baseline -0.011 0"><span class='ocrx_word' id='word_1_262' title='bbox 729 2171 809 2203; x_wconf 72' lang='lat' dir='ltr'>Cum</span> <span class='ocrx_word' id='word_1_263' title='bbox 839 2171 919 2203; x_wconf 89' lang='lat' dir='ltr'>Cato</span> 
     </span>
     <span class='ocr_line' id='line_1_33' title="bbox 164 2215 920 2256; baseline -0.001 -11"><span class='ocrx_word' id='word_1_264' title='bbox 164 2215 330 2245; x_wconf 83' lang='lat' dir='ltr'>Murenam</span> <span class='ocrx_word' id='word_1_265' title='bbox 356 2216 528 2255; x_wconf 78' lang='lat' dir='ltr'>accusavit,</span> <span class='ocrx_word' id='word_1_266' title='bbox 555 2222 622 2246; x_wconf 86' lang='lat' dir='ltr'>erat</span> <span class='ocrx_word' id='word_1_267' title='bbox 648 2215 787 2246; x_wconf 78' lang='lat' dir='ltr'>tribunus</span> <span class='ocrx_word' id='word_1_268' title='bbox 821 2215 920 2256; x_wconf 84' lang='lat' dir='ltr'>plebis</span> 
     </span>
     <span class='ocr_line' id='line_1_34' title="bbox 163 2258 354 2299; baseline 0 -11"><span class='ocrx_word' id='word_1_269' title='bbox 163 2258 354 2299; x_wconf 82' lang='lat' dir='ltr'>designatus.</span> 
     </span>
    </p>

    <p class='ocr_par' dir='ltr' id='par_1_6' title="bbox 164 2300 921 2508">
     <span class='ocr_line' id='line_1_35' title="bbox 209 2300 921 2341; baseline -0.003 -10"><span class='ocrx_word' id='word_1_270' title='bbox 209 2303 239 2331; x_wconf 83' lang='lat'>8.</span> <span class='ocrx_word' id='word_1_271' title='bbox 289 2301 341 2331; x_wconf 74' lang='lat' dir='ltr'>Bis</span> <span class='ocrx_word' id='word_1_272' title='bbox 354 2302 482 2341; x_wconf 68' lang='lat' dir='ltr'>consul]</span> <span class='ocrx_word' id='word_1_273' title='bbox 528 2300 714 2332; x_wconf 81' lang='lat' dir='ltr'>AEmilianus</span> <span class='ocrx_word' id='word_1_274' title='bbox 736 2300 844 2340; x_wconf 83' lang='lat' dir='ltr'>Scipio</span> <span class='ocrx_word' id='word_1_275' title='bbox 859 2300 921 2340; x_wconf 88' lang='lat' dir='ltr'>pri-</span> 
     </span>
     <span class='ocr_line' id='line_1_36' title="bbox 166 2343 920 2385; baseline 0 -13"><span class='ocrx_word' id='word_1_276' title='bbox 166 2343 248 2373; x_wconf 74' lang='lat' dir='ltr'>mum</span> <span class='ocrx_word' id='word_1_277' title='bbox 263 2344 320 2374; x_wconf 87' lang='lat' dir='ltr'>fuit</span> <span class='ocrx_word' id='word_1_278' title='bbox 335 2344 442 2375; x_wconf 88' lang='lat' dir='ltr'>consul</span> <span class='ocrx_word' id='word_1_279' title='bbox 460 2350 598 2385; x_wconf 86' lang='lat' dir='ltr'>tempore</span> <span class='ocrx_word' id='word_1_280' title='bbox 616 2344 694 2374; x_wconf 81' lang='lat' dir='ltr'>tertii</span> <span class='ocrx_word' id='word_1_281' title='bbox 713 2343 784 2373; x_wconf 80' lang='lat' dir='ltr'>belli</span> <span class='ocrx_word' id='word_1_282' title='bbox 799 2343 920 2378; x_wconf 88' lang='lat' dir='ltr'>Punici,</span> 
     </span>
     <span class='ocr_line' id='line_1_37' title="bbox 164 2386 921 2423; baseline -0.001 -7"><span class='ocrx_word' id='word_1_283' title='bbox 164 2386 274 2416; x_wconf 68' lang='lat' dir='ltr'>iterum</span> <span class='ocrx_word' id='word_1_284' title='bbox 310 2387 390 2417; x_wconf 87' lang='lat' dir='ltr'>bello</span> <span class='ocrx_word' id='word_1_285' title='bbox 421 2387 638 2423; x_wconf 74' lang='lat' dir='ltr'>Numantin03</span> <span class='ocrx_word' id='word_1_286' title='bbox 672 2386 722 2416; x_wconf 89' lang='lat' dir='ltr'>hic</span> <span class='ocrx_word' id='word_1_287' title='bbox 755 2386 786 2416; x_wconf 90' lang='lat' dir='ltr'>in</span> <span class='ocrx_word' id='word_1_288' title='bbox 814 2386 921 2416; x_wconf 71' lang='lat' dir='ltr'>Africa</span> 
     </span>
     <span class='ocr_line' id='line_1_38' title="bbox 167 2429 920 2471; baseline -0.003 -11"><span class='ocrx_word' id='word_1_289' title='bbox 167 2430 400 2471; x_wconf 68' lang='lat' dir='ltr'>Carthaginem,</span> <span class='ocrx_word' id='word_1_290' title='bbox 443 2430 475 2460; x_wconf 87' lang='lat' dir='ltr'>in</span> <span class='ocrx_word' id='word_1_291' title='bbox 510 2429 666 2471; x_wconf 61' lang='lat' dir='ltr'>Hispania</span> <span class='ocrx_word' id='word_1_292' title='bbox 704 2429 920 2464; x_wconf 80' lang='lat' dir='ltr'>Numantiam,</span> 
     </span>
     <span class='ocr_line' id='line_1_39' title="bbox 168 2472 570 2508; baseline 0.002 -6"><span class='ocrx_word' id='word_1_293' title='bbox 168 2472 293 2503; x_wconf 84' lang='lat' dir='ltr'>aemulas</span> <span class='ocrx_word' id='word_1_294' title='bbox 310 2472 432 2508; x_wconf 79' lang='lat' dir='ltr'>Romae,</span> <span class='ocrx_word' id='word_1_295' title='bbox 447 2474 570 2504; x_wconf 81' lang='lat' dir='ltr'>evertit.</span> 
     </span>
    </p>

    <p class='ocr_par' dir='ltr' id='par_1_7' title="bbox 168 2513 924 2676">
     <span class='ocr_line' id='line_1_40' title="bbox 213 2513 924 2556; baseline -0.001 -11"><span class='ocrx_word' id='word_1_296' title='bbox 213 2519 264 2547; x_wconf 86' lang='lat'>10.</span> <span class='ocrx_word' id='word_1_297' title='bbox 287 2515 323 2546; x_wconf 88' lang='lat' dir='ltr'>L.</span> <span class='ocrx_word' id='word_1_298' title='bbox 339 2516 478 2556; x_wconf 68' lang='lat' dir='ltr'>Cottam]</span> <span class='ocrx_word' id='word_1_299' title='bbox 526 2515 606 2547; x_wconf 68' lang='lat' dir='ltr'>Cum</span> <span class='ocrx_word' id='word_1_300' title='bbox 621 2514 737 2555; x_wconf 82' lang='lat' dir='ltr'>septies</span> <span class='ocrx_word' id='word_1_301' title='bbox 748 2513 814 2555; x_wconf 90' lang='lat' dir='ltr'>ejus</span> <span class='ocrx_word' id='word_1_302' title='bbox 829 2525 924 2544; x_wconf 84' lang='lat' dir='ltr'>causa</span> 
     </span>
     <span class='ocr_line' id='line_1_41' title="bbox 169 2557 923 2598; baseline 0 -11"><span class='ocrx_word' id='word_1_303' title='bbox 169 2558 315 2598; x_wconf 76' lang='lat' dir='ltr'>ampliata</span> <span class='ocrx_word' id='word_1_304' title='bbox 330 2559 448 2597; x_wconf 74' lang='lat' dir='ltr'>suisset,</span> <span class='ocrx_word' id='word_1_305' title='bbox 465 2565 574 2589; x_wconf 79' lang='lat' dir='ltr'>octavo</span> <span class='ocrx_word' id='word_1_306' title='bbox 590 2559 716 2588; x_wconf 80' lang='lat' dir='ltr'>tandem</span> <span class='ocrx_word' id='word_1_307' title='bbox 729 2557 853 2598; x_wconf 84' lang='lat' dir='ltr'>judicio</span> <span class='ocrx_word' id='word_1_308' title='bbox 869 2560 923 2587; x_wconf 87' lang='lat' dir='ltr'>ab·</span> 
     </span>
     <span class='ocr_line' id='line_1_42' title="bbox 168 2600 924 2642; baseline -0.001 -12"><span class='ocrx_word' id='word_1_309' title='bbox 168 2600 286 2631; x_wconf 68' lang='lat' dir='ltr'>solutus</span> <span class='ocrx_word' id='word_1_310' title='bbox 313 2607 360 2632; x_wconf 84' lang='lat' dir='ltr'>cst</span> <span class='ocrx_word' id='word_1_311' title='bbox 389 2601 494 2637; x_wconf 70' lang='lat' dir='ltr'>Cotta,</span> <span class='ocrx_word' id='word_1_312' title='bbox 510 2612 548 2632; x_wconf 89' lang='lat' dir='ltr'>ne</span> <span class='ocrx_word' id='word_1_313' title='bbox 575 2601 710 2642; x_wconf 84' lang='lat' dir='ltr'>dignitas</span> <span class='ocrx_word' id='word_1_314' title='bbox 736 2600 924 2632; x_wconf 74' lang='lat' dir='ltr'>accusatoris</span> 
     </span>
     <span class='ocr_line' id='line_1_43' title="bbox 169 2644 501 2676; baseline 0.006 -3"><span class='ocrx_word' id='word_1_315' title='bbox 169 2644 276 2674; x_wconf 85' lang='lat' dir='ltr'>obesse</span> <span class='ocrx_word' id='word_1_316' title='bbox 293 2644 320 2674; x_wconf 81' lang='lat' dir='ltr'>ei</span> <span class='ocrx_word' id='word_1_317' title='bbox 336 2645 501 2676; x_wconf 80' lang='lat' dir='ltr'>videretur.</span> 
     </span>
    </p>
   </div>
   <div class='ocr_carea' id='block_1_6' title="bbox 206 2171 668 2213">
    <p class='ocr_par' dir='ltr' id='par_1_8' title="bbox 206 2171 668 2213">
     <span class='ocr_line' id='line_1_44' title="bbox 206 2171 668 2213; baseline 0.006 -12"><span class='ocrx_word' id='word_1_318' title='bbox 206 2173 236 2201; x_wconf 85' lang='lat'>5.</span> <span class='ocrx_word' id='word_1_319' title='bbox 274 2171 668 2213; x_wconf 55' lang='lat' dir='ltr'>Paspecratiotriburzat15s.]</span> 
     </span>
    </p>
   </div>
   <div class='ocr_carea' id='block_1_7' title="bbox 165 2684 926 2814">
    <p class='ocr_par' dir='ltr' id='par_1_9' title="bbox 165 2684 926 2814">
     <span class='ocr_line' id='line_1_45' title="bbox 214 2684 924 2727; baseline -0.004 -10"><span class='ocrx_word' id='word_1_320' title='bbox 214 2686 263 2717; x_wconf 89' lang='lat' dir='ltr'>Ib.</span> <span class='ocrx_word' id='word_1_321' title='bbox 285 2686 403 2718; x_wconf 83' lang='lat' dir='ltr'>Summa</span> <span class='ocrx_word' id='word_1_322' title='bbox 414 2687 601 2727; x_wconf 66' lang='lat' dir='ltr'>eloquentia]</span> <span class='ocrx_word' id='word_1_323' title='bbox 635 2686 703 2718; x_wconf 85' lang='lat' dir='ltr'>Lib.</span> <span class='ocrx_word' id='word_1_324' title='bbox 716 2689 747 2718; x_wconf 91' lang='lat'>1.</span> <span class='ocrx_word' id='word_1_325' title='bbox 765 2686 855 2716; x_wconf 83' lang='lat' dir='ltr'>offic.</span> <span class='ocrx_word' id='word_1_326' title='bbox 870 2684 924 2719; x_wconf 84' lang='lat' dir='ltr'>ait,</span> 
     </span>
     <span class='ocr_line' id='line_1_46' title="bbox 169 2727 926 2770; baseline -0.004 -11"><span class='ocrx_word' id='word_1_327' title='bbox 169 2729 214 2759; x_wconf 79' lang='lat' dir='ltr'>Ab</span> <span class='ocrx_word' id='word_1_328' title='bbox 241 2729 292 2759; x_wconf 84' lang='lat' dir='ltr'>hoc</span> <span class='ocrx_word' id='word_1_329' title='bbox 316 2729 445 2769; x_wconf 81' lang='lat' dir='ltr'>Scipione</span> <span class='ocrx_word' id='word_1_330' title='bbox 473 2731 605 2761; x_wconf 80' lang='lat' dir='ltr'>bellicam</span> <span class='ocrx_word' id='word_1_331' title='bbox 630 2730 768 2770; x_wconf 63' lang='lat' dir='ltr'>glai-iam,</span> <span class='ocrx_word' id='word_1_332' title='bbox 796 2739 882 2769; x_wconf 77' lang='lat' dir='ltr'>qnam</span> <span class='ocrx_word' id='word_1_333' title='bbox 906 2727 926 2756; x_wconf 77' lang='grc' dir='ltr'>ὰ</span> 
     </span>
     <span class='ocr_line' id='line_1_47' title="bbox 165 2772 925 2814; baseline -0.003 -11"><span class='ocrx_word' id='word_1_334' title='bbox 165 2772 300 2811; x_wconf 78' lang='lat' dir='ltr'>patribus</span> <span class='ocrx_word' id='word_1_335' title='bbox 313 2779 469 2813; x_wconf 80' lang='lat' dir='ltr'>acceperat,</span> <span class='ocrx_word' id='word_1_336' title='bbox 481 2773 643 2814; x_wconf 70' lang='lat' dir='ltr'>eloquentid</span> <span class='ocrx_word' id='word_1_337' title='bbox 665 2773 845 2804; x_wconf 79' lang='lat' dir='ltr'>cumulatam</span> <span class='ocrx_word' id='word_1_338' title='bbox 861 2781 925 2802; x_wconf 73' lang='lat' dir='ltr'>esse.</span> 
     </span>
    </p>
   </div>
   <div class='ocr_carea' id='block_1_8' title="bbox 1108 2045 1322 2100">
    <p class='ocr_par' dir='ltr' id='par_1_10' title="bbox 1108 2045 1322 2100">
     <span class='ocr_line' id='line_1_48' title="bbox 1108 2045 1322 2100; baseline -0.009 -13"><span class='ocrx_word' id='word_1_339' title='bbox 1108 2045 1322 2100; x_wconf 72' lang='lat' dir='ltr'>finopum.</span> 
     </span>
    </p>
   </div>
   <div class='ocr_carea' id='block_1_9' title="bbox 963 2168 1722 2812">
    <p class='ocr_par' dir='ltr' id='par_1_11' title="bbox 963 2168 1722 2502">
     <span class='ocr_line' id='line_1_49' title="bbox 1009 2168 1722 2210; baseline -0.001 -10"><span class='ocrx_word' id='word_1_340' title='bbox 1009 2170 1075 2210; x_wconf 86' lang='lat'><strong>16.]</strong></span> <span class='ocrx_word' id='word_1_341' title='bbox 1100 2170 1178 2200; x_wconf 76' lang='lat' dir='ltr'>Serv.</span> <span class='ocrx_word' id='word_1_342' title='bbox 1194 2169 1347 2210; x_wconf 61' lang='lat' dir='ltr'>Galbam]</span> <span class='ocrx_word' id='word_1_343' title='bbox 1394 2168 1473 2200; x_wconf 68' lang='lat' dir='ltr'>Cum</span> <span class='ocrx_word' id='word_1_344' title='bbox 1490 2168 1509 2198; x_wconf 68' lang='lat' dir='ltr'>a</span> <span class='ocrx_word' id='word_1_345' title='bbox 1525 2168 1656 2205; x_wconf 88' lang='lat' dir='ltr'>Libone,</span> <span class='ocrx_word' id='word_1_346' title='bbox 1669 2169 1722 2199; x_wconf 85' lang='lat' dir='ltr'>tri·</span> 
     </span>
     <span class='ocr_line' id='line_1_50' title="bbox 963 2211 1721 2254; baseline -0.001 -11"><span class='ocrx_word' id='word_1_347' title='bbox 963 2214 1048 2243; x_wconf 89' lang='lat' dir='ltr'>buno</span> <span class='ocrx_word' id='word_1_348' title='bbox 1068 2213 1181 2254; x_wconf 81' lang='lat' dir='ltr'>plebis,</span> <span class='ocrx_word' id='word_1_349' title='bbox 1197 2214 1280 2254; x_wconf 80' lang='lat' dir='ltr'>apud</span> <span class='ocrx_word' id='word_1_350' title='bbox 1308 2212 1459 2252; x_wconf 76' lang='lat' dir='ltr'>populum</span> <span class='ocrx_word' id='word_1_351' title='bbox 1475 2211 1578 2243; x_wconf 83' lang='lat' dir='ltr'>Galba</span> <span class='ocrx_word' id='word_1_352' title='bbox 1594 2222 1721 2242; x_wconf 87' lang='lat' dir='ltr'>accusa-</span> 
     </span>
     <span class='ocr_line' id='line_1_51' title="bbox 965 2255 1720 2297; baseline -0.003 -10"><span class='ocrx_word' id='word_1_353' title='bbox 965 2264 1057 2292; x_wconf 72' lang='lat' dir='ltr'>retur,</span> <span class='ocrx_word' id='word_1_354' title='bbox 1070 2255 1166 2297; x_wconf 70' lang='lat' dir='ltr'>qnod,</span> <span class='ocrx_word' id='word_1_355' title='bbox 1185 2261 1294 2296; x_wconf 68' lang='lat' dir='ltr'>praeter</span> <span class='ocrx_word' id='word_1_356' title='bbox 1308 2256 1401 2285; x_wconf 83' lang='lat' dir='ltr'>fidem</span> <span class='ocrx_word' id='word_1_357' title='bbox 1425 2255 1529 2284; x_wconf 85' lang='lat' dir='ltr'>datam</span> <span class='ocrx_word' id='word_1_358' title='bbox 1549 2255 1720 2296; x_wconf 82' lang='lat' dir='ltr'>publicam,</span> 
     </span>
     <span class='ocr_line' id='line_1_52' title="bbox 965 2297 1721 2339; baseline -0.003 -10"><span class='ocrx_word' id='word_1_359' title='bbox 965 2310 1109 2339; x_wconf 75' lang='lat' dir='ltr'>magnam</span> <span class='ocrx_word' id='word_1_360' title='bbox 1134 2299 1350 2329; x_wconf 74' lang='lat' dir='ltr'>Lusitanorum</span> <span class='ocrx_word' id='word_1_361' title='bbox 1373 2307 1497 2327; x_wconf 84' lang='lat' dir='ltr'>manum</span> <span class='ocrx_word' id='word_1_362' title='bbox 1513 2297 1721 2328; x_wconf 77' lang='lat' dir='ltr'>interfecisset</span> 
     </span>
     <span class='ocr_line' id='line_1_53' title="bbox 966 2340 1720 2382; baseline -0.001 -11"><span class='ocrx_word' id='word_1_363' title='bbox 966 2349 1080 2382; x_wconf 75' lang='lat' dir='ltr'>praetor</span> <span class='ocrx_word' id='word_1_364' title='bbox 1092 2343 1121 2372; x_wconf 91' lang='lat' dir='ltr'>in</span> <span class='ocrx_word' id='word_1_365' title='bbox 1136 2341 1309 2382; x_wconf 71' lang='lat' dir='ltr'>Hispania3</span> <span class='ocrx_word' id='word_1_366' title='bbox 1332 2341 1370 2379; x_wconf 87' lang='lat' dir='ltr'>is,</span> <span class='ocrx_word' id='word_1_367' title='bbox 1383 2340 1425 2370; x_wconf 89' lang='lat' dir='ltr'>nil</span> <span class='ocrx_word' id='word_1_368' title='bbox 1436 2351 1585 2370; x_wconf 78' lang='lat' dir='ltr'>excusans</span> <span class='ocrx_word' id='word_1_369' title='bbox 1594 2351 1640 2376; x_wconf 83' lang='lat' dir='ltr'>se,</span> <span class='ocrx_word' id='word_1_370' title='bbox 1650 2350 1720 2381; x_wconf 83' lang='lat' dir='ltr'>par-</span> 
     </span>
     <span class='ocr_line' id='line_1_54' title="bbox 965 2382 1719 2424; baseline -0.003 -10"><span class='ocrx_word' id='word_1_371' title='bbox 965 2385 1053 2414; x_wconf 87' lang='lat' dir='ltr'>vulos</span> <span class='ocrx_word' id='word_1_372' title='bbox 1078 2384 1190 2415; x_wconf 82' lang='lat' dir='ltr'>liberos</span> <span class='ocrx_word' id='word_1_373' title='bbox 1212 2385 1289 2415; x_wconf 80' lang='lat' dir='ltr'>fiens</span> <span class='ocrx_word' id='word_1_374' title='bbox 1310 2384 1529 2414; x_wconf 78' lang='lat' dir='ltr'>commendare</span> <span class='ocrx_word' id='word_1_375' title='bbox 1551 2382 1656 2424; x_wconf 84' lang='lat' dir='ltr'>coepit.</span> <span class='ocrx_word' id='word_1_376' title='bbox 1671 2383 1719 2413; x_wconf 85' lang='lat' dir='ltr'>Eo</span> 
     </span>
     <span class='ocr_line' id='line_1_55' title="bbox 964 2425 1719 2467; baseline -0.003 -9"><span class='ocrx_word' id='word_1_377' title='bbox 964 2427 1049 2458; x_wconf 78' lang='lat' dir='ltr'>facto</span> <span class='ocrx_word' id='word_1_378' title='bbox 1063 2428 1218 2467; x_wconf 71' lang='lat' dir='ltr'>mitigatus</span> <span class='ocrx_word' id='word_1_379' title='bbox 1236 2428 1380 2467; x_wconf 82' lang='lat' dir='ltr'>populus,</span> <span class='ocrx_word' id='word_1_380' title='bbox 1396 2425 1594 2467; x_wconf 84' lang='lat' dir='ltr'>ipsejudicio</span> <span class='ocrx_word' id='word_1_381' title='bbox 1607 2426 1719 2456; x_wconf 87' lang='lat' dir='ltr'>libera-</span> 
     </span>
     <span class='ocr_line' id='line_1_56' title="bbox 966 2468 1527 2502; baseline -0.005 -2"><span class='ocrx_word' id='word_1_382' title='bbox 966 2476 1014 2500; x_wconf 79' lang='lat' dir='ltr'>tus</span> <span class='ocrx_word' id='word_1_383' title='bbox 1027 2476 1084 2502; x_wconf 76' lang='lat' dir='ltr'>est.</span> <span class='ocrx_word' id='word_1_384' title='bbox 1132 2470 1214 2500; x_wconf 77' lang='lat' dir='ltr'>Vide</span> <span class='ocrx_word' id='word_1_385' title='bbox 1231 2470 1303 2501; x_wconf 76' lang='lat' dir='ltr'>val.</span> <span class='ocrx_word' id='word_1_386' title='bbox 1319 2471 1407 2500; x_wconf 83' lang='lat' dir='ltr'>Max.</span> <span class='ocrx_word' id='word_1_387' title='bbox 1424 2468 1478 2498; x_wconf 88' lang='lat' dir='ltr'>lib.</span> <span class='ocrx_word' id='word_1_388' title='bbox 1495 2471 1527 2498; x_wconf 89' lang='lat'>8.</span> 
     </span>
    </p>

    <p class='ocr_par' dir='ltr' id='par_1_12' title="bbox 967 2509 1719 2591">
     <span class='ocr_line' id='line_1_57' title="bbox 1010 2509 1719 2553; baseline -0.007 -11"><span class='ocrx_word' id='word_1_389' title='bbox 1010 2516 1063 2546; x_wconf 91' lang='lat'>18.</span> <span class='ocrx_word' id='word_1_390' title='bbox 1088 2513 1296 2553; x_wconf 63' lang='lat' dir='ltr'>Incumbenti]</span> <span class='ocrx_word' id='word_1_391' title='bbox 1339 2512 1524 2542; x_wconf 86' lang='lat' dir='ltr'>Incumbere</span> <span class='ocrx_word' id='word_1_392' title='bbox 1540 2511 1572 2540; x_wconf 89' lang='lat' dir='ltr'>in</span> <span class='ocrx_word' id='word_1_393' title='bbox 1585 2509 1719 2551; x_wconf 86' lang='lat' dir='ltr'>pernici.</span> 
     </span>
     <span class='ocr_line' id='line_1_58' title="bbox 967 2555 1588 2591; baseline -0.006 -5"><span class='ocrx_word' id='word_1_394' title='bbox 967 2567 1028 2591; x_wconf 82' lang='lat' dir='ltr'>ein,</span> <span class='ocrx_word' id='word_1_395' title='bbox 1040 2562 1089 2586; x_wconf 81' lang='lat' dir='ltr'>est</span> <span class='ocrx_word' id='word_1_396' title='bbox 1105 2555 1203 2586; x_wconf 69' lang='lat' dir='ltr'>anniti</span> <span class='ocrx_word' id='word_1_397' title='bbox 1219 2560 1252 2585; x_wconf 88' lang='lat' dir='ltr'>ut</span> <span class='ocrx_word' id='word_1_398' title='bbox 1266 2555 1369 2587; x_wconf 81' lang='lat' dir='ltr'>Galba</span> <span class='ocrx_word' id='word_1_399' title='bbox 1382 2556 1588 2584; x_wconf 82' lang='lat' dir='ltr'>damnaretur.</span> 
     </span>
    </p>

    <p class='ocr_par' dir='ltr' id='par_1_13' title="bbox 967 2594 1722 2812">
     <span class='ocr_line' id='line_1_59' title="bbox 1011 2594 1719 2638; baseline -0.006 -9"><span class='ocrx_word' id='word_1_400' title='bbox 1011 2602 1062 2629; x_wconf 73' lang='lat'>27.</span> <span class='ocrx_word' id='word_1_401' title='bbox 1087 2599 1133 2629; x_wconf 85' lang='lat' dir='ltr'>De</span> <span class='ocrx_word' id='word_1_402' title='bbox 1161 2598 1246 2628; x_wconf 68' lang='lat' dir='ltr'>causa</span> <span class='ocrx_word' id='word_1_403' title='bbox 1262 2597 1448 2638; x_wconf 64' lang='lat' dir='ltr'>judicasset]</span> <span class='ocrx_word' id='word_1_404' title='bbox 1493 2596 1532 2625; x_wconf 92' lang='lat' dir='ltr'>Id</span> <span class='ocrx_word' id='word_1_405' title='bbox 1556 2599 1614 2630; x_wconf 82' lang='lat' dir='ltr'>est,</span> <span class='ocrx_word' id='word_1_406' title='bbox 1638 2594 1719 2626; x_wconf 85' lang='lat' dir='ltr'>Cato</span> 
     </span>
     <span class='ocr_line' id='line_1_60' title="bbox 967 2641 1721 2682; baseline -0.005 -11"><span class='ocrx_word' id='word_1_407' title='bbox 967 2646 1061 2672; x_wconf 75' lang='lat' dir='ltr'>tantae</span> <span class='ocrx_word' id='word_1_408' title='bbox 1083 2642 1128 2671; x_wconf 89' lang='lat' dir='ltr'>vir</span> <span class='ocrx_word' id='word_1_409' title='bbox 1151 2641 1312 2682; x_wconf 70' lang='lat' dir='ltr'>probitatis</span> <span class='ocrx_word' id='word_1_410' title='bbox 1336 2646 1393 2676; x_wconf 80' lang='lat' dir='ltr'>est,</span> <span class='ocrx_word' id='word_1_411' title='bbox 1422 2644 1456 2669; x_wconf 87' lang='lat' dir='ltr'>ut</span> <span class='ocrx_word' id='word_1_412' title='bbox 1476 2648 1538 2668; x_wconf 86' lang='lat' dir='ltr'>non</span> <span class='ocrx_word' id='word_1_413' title='bbox 1561 2642 1721 2668; x_wconf 74' lang='lat' dir='ltr'>accusaret</span> 
     </span>
     <span class='ocr_line' id='line_1_61' title="bbox 968 2681 1721 2724; baseline -0.007 -10"><span class='ocrx_word' id='word_1_414' title='bbox 968 2684 1145 2720; x_wconf 80' lang='lat' dir='ltr'>Murenam,</span> <span class='ocrx_word' id='word_1_415' title='bbox 1161 2684 1222 2714; x_wconf 85' lang='lat' dir='ltr'>nisi</span> <span class='ocrx_word' id='word_1_416' title='bbox 1239 2683 1323 2724; x_wconf 75' lang='lat' dir='ltr'>prius</span> <span class='ocrx_word' id='word_1_417' title='bbox 1337 2693 1406 2713; x_wconf 81' lang='lat' dir='ltr'>euin</span> <span class='ocrx_word' id='word_1_418' title='bbox 1427 2681 1556 2721; x_wconf 82' lang='lat' dir='ltr'>dignum</span> <span class='ocrx_word' id='word_1_419' title='bbox 1569 2681 1721 2711; x_wconf 88' lang='lat' dir='ltr'>condem-</span> 
     </span>
     <span class='ocr_line' id='line_1_62' title="bbox 968 2723 1722 2768; baseline -0.005 -10"><span class='ocrx_word' id='word_1_420' title='bbox 968 2727 1094 2758; x_wconf 86' lang='lat' dir='ltr'>natione</span> <span class='ocrx_word' id='word_1_421' title='bbox 1115 2726 1311 2768; x_wconf 67' lang='lat' dir='ltr'>judicasset:</span> <span class='ocrx_word' id='word_1_422' title='bbox 1334 2735 1406 2756; x_wconf 83' lang='lat' dir='ltr'>nam</span> <span class='ocrx_word' id='word_1_423' title='bbox 1429 2723 1645 2755; x_wconf 77' lang='lat' dir='ltr'>condemnatio</span> <span class='ocrx_word' id='word_1_424' title='bbox 1672 2733 1722 2754; x_wconf 73' lang='lat' dir='ltr'>se·</span> 
     </span>
     <span class='ocr_line' id='line_1_63' title="bbox 969 2769 1247 2812; baseline 0 -11"><span class='ocrx_word' id='word_1_425' title='bbox 969 2770 1073 2812; x_wconf 86' lang='lat' dir='ltr'>quitur</span> <span class='ocrx_word' id='word_1_426' title='bbox 1081 2769 1247 2812; x_wconf 79' lang='lat' dir='ltr'>judiciuin.</span> 
     </span>
    </p>
   </div>
  </div>
 </body>
</html>
