1790 3090
86 185 173 232 464
769 180 1033 216 PHILIPPICA
1056 179 1118 214 ιιι.

799 376 1086 405 EXORDIUM.

218 452 253 492 I.
281 447 541 501 VELLEM,
565 448 624 490 dii
656 448 916 489 immortales
948 448 1165 500 fecissent,
1195 447 1246 490 Ρ.
1269 448 1333 500 C„
1364 453 1413 489 ut
1441 447 1538 490 vivo
1571 449 1717 505 potius

160 507 305 549 Servio
328 506 519 561 Sulpicio
542 505 700 576 gratias
729 519 966 568 ageremus,
988 520 1119 568 quam
1148 512 1316 546 mortuo
1347 506 1531 547 honores
1561 520 1718 561 quaere-

158 578 313 606 remus.
373 563 468 604 Nec
503 577 604 604 vero
639 561 805 613 dubito,
834 576 952 617 qum,
985 577 1021 602 st
1056 561 1126 602 ille
1158 561 1221 602 vir
1251 562 1534 617 alegationem
1566 576 1717 603 renun-

157 621 264 662 tiare
284 620 510 683 potuisset,
531 618 745 661 redituse
724 619 817 673 ejus
839 625 883 659 et
911 618 1036 659 nobis
1068 623 1213 673 gratus
1234 619 1376 670 fuerit,
1398 625 1440 660 et
1469 618 1717 674 reipublicae

112 678 140 719 5
159 677 355 720 salutaris
388 677 572 727 futurus;
604 690 690 717 non
710 674 796 730 quo
817 674 862 715 L.
881 674 1085 730 Philippo
1107 681 1150 715 et
1172 675 1218 716 L.
1240 675 1390 719 Pisoni
1423 681 1496 716 aut
1526 675 1717 717 studium

158 740 233 776 aut
252 748 353 776 cula
372 732 585 775 defuerit
575 747 620 773 ιιι
640 738 760 773 tanto
781 731 923 772 officio
943 738 1153 794 tantoque
1171 746 1367 784 munere3
1388 733 1479 784 sed,
1501 732 1598 773 cum
1621 732 1715 773 Ser-

156 791 250 832 vius
270 790 483 846 Sulpicius
504 795 628 830 aetate
645 789 742 829 illos
761 787 954 839 anteiret,
977 787 1179 844 sapienti·
1162 804 1187 828 ι
1206 802 1369 839 omnes,
1387 765 1529 830 subito
1548 794 1719 845 ereptus

157 847 183 890 ὲ
202 863 321 890 caus·
309 863 349 900 ι,
371 854 505 889 totam
524 845 784 903 legationem
805 845 952 887 orbam
974 853 1017 887 et
1036 844 1328 888 '’debilitatam
1348 845 1531 902 reliquit.

727 1026 1160 1059 INTERPRETA'rxo.

290 1142 523 1196 vagatione
537 1141 715 1196 peraeta
735 1141 907 1183 domum
926 1141 1080 1183 redire.
1265 1146 1281 1162 ⁰
1288 1139 1591 1196 imperfectam.

861 1310 895 1343 N
898 1311 1013 1345 OTAE.

200 1401 233 1431 ’7.
255 1399 404 1440 Sapientia
425 1399 544 1441 omnes]
589 1397 647 1430 Ait
670 1397 840 1441 Sulpicium
865 1409 917 1429 su-
960 1398 1090 1435 entiam,
1105 1407 1169 1439 qua
1183 1397 1374 1430 excellebat:
1400 1397 1514 1430 dicitur
1501 1402 1631 1431 rautem
1646 1409 1721 1432 cen·

158 1455 266 1486 perare
281 1454 388 1475 omnes
403 1444 478 1475 alios
494 1442 650 1484 sapientia
673 1447 796 1483 propter
812 1442 916 1483 singu·
960 1447 1026 1474 tum
1041 1448 1073 1473 et
1086 1442 1244 1484 octoginta
1257 1442 1350 1474 libros
1365 1441 1538 1485 reliquisse.

157 1487 253 1520 larem
269 1486 334 1529 ejus
344 1487 424 1530 juris
439 1492 504 1519 tum
519 1486 648 1518 humani
663 1492 728 1518 tum
743 1485 840 1518 divini
855 1484 917 1518 sci-

803 1655 1078 1685 NARRATIO.

156 1761 217 1802 In
236 1758 322 1814 qud
341 1761 529 1815 exponit,
550 1759 667 1800 nulli
687 1759 826 1812 legato
837 1759 1067 1812 justiorem
1092 1758 1289 1799 honorem
1319 1757 1489 1799 decerni
1513 1759 1717 1812 potuisse.

214 1873 274 1916 ΙΙ.
306 1872 435 1923 Quod
468 1872 504 1914 si
536 1872 738 1937 cuiquam
766 1872 911 1934 justus
945 1871 1084 1913 honos
1116 1871 1289 1913 habitus
1321 1877 1387 1913 est
1416 1870 1461 1912 in
1491 1876 1627 1912 morte
1656 1871 1719 1913 le-

156 1937 274 1987 gato,
310 1931 354 1972 in
386 1930 505 1972 nullo
531 1930 704 1986 justior,
734 1943 862 1985 quam
895 1943 940 1969 ιιι
972 1928 1062 1969 Ser.
1095 1927 1303 1984 Sulpicio,
1330 1927 1575 1990 reperietur.
1626 1927 1719 1969 Cae-

155 1988 250 2039 teri,
281 1987 356 2043 qui
387 1987 432 2027 ιιι
463 1987 679 2042 legatione
711 1991 891 2027 mortem
924 1984 1136 2036 obierunt,
1167 1985 1221 2026 ad
1252 1985 1462 2026 incertum
1481 1984 1580 2025 vitae
1607 1984 1720 2040 peri-

154 2045 314 2095 culum,
349 2042 443 2085 sine
487 2044 576 2084 ullo
622 2042 770 2083 mortis
813 2047 946 2092 metu,
983 2040 1163 2097 profecti
1204 2048 1327 2083 sunt.
1385 2041 1477 2083 Ser.
1502 2040 1718 2097 Sulpicius

106 2112 136 2152 5
155 2116 252 2143 cum
272 2100 417 2164 aliqua
436 2098 720 2161 perveniendi
735 2098 790 2139 ad
812 2098 876 2139 M.
898 2098 1135 2140 Antonium
1163 2113 1239 2154 spe
1260 2098 1477 2161 profectus
1499 2103 1578 2150 est,
1599 2098 1711 2139 null
1692 2114 1720 2140 ι

152 2157 403 2199 revertendi.
465 2156 552 2205 Qui
582 2170 681 2197 cum
709 2154 805 2196 itaa
814 2154 995 2197 affectus
1024 2161 1154 2206 esset,
1173 2161 1236 2206 ut,
1258 2169 1294 2196 sl
1326 2155 1381 2196 ad
1411 2168 1584 2211 gravem
1603 2155 1719 2197 vale-

152 2215 347 2256 tudinem
366 2213 485 2255 labor
504 2212 584 2255 viae
602 2211 875 2263 accessisset,
896 2211 1034 2253 bsibi
1024 2227 1115 2268 ipse
1137 2186 1364 2264 diffideret,
1384 2226 1471 2254 non
1490 2211 1717 2265 recusavit,

153 2270 382 2327 quominus
416 2269 484 2312 vel
521 2276 734 2311 cextremo
766 2269 933 2325 spiritu,
965 2269 1002 2311 si
1039 2283 1168 2325 quam
1199 2283 1323 2331 opem
1362 2267 1609 2331 reipublicae
1637 2269 1718 2310 fer-

152 2342 197 2369 1e
227 2334 388 2384 posset,
411 2327 711 2389 dexperiretur.
783 2325 943 2389 Itaque
974 2340 1061 2367 non
1091 2326 1213 2367 illum
1243 2341 1308 2367 vis
1337 2324 1506 2377 hiemis,
1537 2340 1624 2366 non
1654 2325 1718 2365 ni-

81 2396 135 2438 10
153 2398 242 2436 veS,
274 2399 361 2425 non
399 2383 624 2439 longitudo
655 2381 832 2434 itineris,
861 2397 949 2424 non
980 2384 1188 2438 asperitas
1218 2381 1394 2433 viarum,
1426 2396 1512 2423 non
1542 2382 1716 2423 morbus

152 2440 453 2496 ingravescens
473 2417 722 2481 letardavit:
754 2454 937 2495 cumque
950 2440 1060 2503 J'am
1062 2440 1116 2481 ad
1133 2453 1412 2507 congressum
1433 2437 1716 2494 colloquium-

151 2512 237 2553 que
256 2497 348 2553 ejus
369 2496 649 2553 pervenisset,
669 2496 724 2537 ad
747 2510 875 2551 quem
896 2502 986 2538 erat
1005 2495 1262 2549 missus31n
1282 2495 1377 2553 ipsa
1396 2509 1500 2537 cura
1516 2501 1560 2536 et
1580 2495 1715 2537 medi-

151 2602 417 2652 ἓωὲνοίαιθΐ.
591 2645 592 2648 ¹
590 2596 819 2649 belespemr
820 2601 860 2676 et
881 2595 934 2637 de
954 2599 1044 2638 υἱίᾶ
1062 2595 1156 2638 suci.
1330 2601 1346 2619 ⁰
1358 2609 1492 2649 agens
1511 2597 1713 2637 animam.

820 2660 830 2676 ‘
845 2658 1041 2696 tentaret.

195 2757 227 2787 5.
251 2753 346 2786 Nulla
358 2753 546 2796 revertendi]
591 2753 672 2786 Cfim
685 2752 766 2784 mala
780 2753 910 2785 affectus
1000 2756 1051 2784 10.
1075 2752 1242 2794 Longitudo
1270 2753 1410 2794 itineris]
1463 2753 1590 2786 Mutina
1610 2752 1718 2787 Rom&

152 2798 335 2829 valetudine
348 2799 505 2839 profectus
519 2797 627 2828 fuisset
649 2798 770 2838 legatus
787 2799 828 2830 ad
843 2797 911 2830 An-
955 2796 1052 2830 distat
1065 2797 1177 2830 itinere
1192 2801 1314 2840 septem
1330 2797 1461 2831 dierum.

152 2842 284 2880 tonium,
299 2851 362 2873 non
377 2841 407 2874 ci
421 2841 574 2874 redeundi
590 2851 662 2884 spes
676 2841 744 2873 suit.
