1790 3090
87 188 175 232 476
687 192 748 225 DE
772 184 1041 224 SENECTUTE.

139 266 245 309 VII.
277 266 338 307 At
370 261 574 305 memoria
605 258 823 301 minuitur.
893 256 1053 305 Credo,
1084 252 1167 294 nisi
1199 264 1293 294 eam
1320 262 1535 312 exerceas,
1562 254 1637 292 aut

88 320 126 363 Si
147 324 206 366 sis
228 322 377 365 natura
399 318 571 361 tardior.
629 315 940 356 Themistocles
963 311 1151 354 omnium
1173 309 1330 351 civium
1350 319 1524 370 nomina
1544 320 1638 362 per-

89 387 282 438 ceperat:
313 392 415 419 num
446 375 575 429 igitur
605 371 790 415 censetis
822 386 933 421 eum,
965 369 1061 410 cuin
1088 374 1214 408 aetate
1241 371 1535 422 processusset,
1566 364 1639 419 qui

88 437 304 480 Aristides
320 438 450 484 esset,
466 428 769 487 Lysimachum
783 429 966 469 salutare
985 423 1179 466 solitum?
1211 422 1424 478 Equidem
1444 436 1531 463 non
1552 436 1644 463 mo-

90 496 146 536 do
163 508 236 534 eos
257 491 370 542 novi,
402 489 475 545 qui
496 494 610 538 sunt,
642 486 719 527 sed
740 499 886 526 eorum
907 489 1047 539 patres
1067 481 1211 531 etiarn,
1243 486 1286 520 et
1306 493 1430 529 avos;
1459 493 1555 527 nec,
1578 493 1643 519 se-

89 552 240 608 pulcra
268 549 432 602 legens,
462 558 608 586 vereor
641 542 773 598 (quod
808 540 944 591 aiunt)
976 554 1028 580 ne
1059 537 1307 579 memoriam
1335 536 1530 592 perdam:
1573 535 1643 576 his

90 606 204 648 enim
224 605 329 661 ipsis
350 601 558 658 legendis,
589 600 718 640 redeo
748 598 793 638 in
821 595 1068 638 memoriam
1095 600 1368 635 mortuorum.
1429 591 1524 633 Nec
1543 591 1644 634 vero

91 675 350 718 quemquam
371 673 519 701 senum
540 656 683 698 audivi
705 655 898 702 oblitum,
930 667 1014 708 quo
1032 653 1127 692 loco
1148 651 1398 712 thesaurum
1412 649 1640 690 obruisset.

92 719 266 770 Omnia,
300 732 395 773 quae
427 721 590 764 curant,
629 712 931 754 meminerunt:
977 707 1222 750 vadimonia
1262 711 1497 748 constituta
1515 723 1525 757 3
1571 706 1645 761 qui

92 775 192 826 sibi,
223 774 378 831 quibus
399 771 497 828 ipsi,
528 771 726 812 debeant.
786 768 901 815 Quid
916 764 1239 822 jurisconsulti?
1271 763 1372 818 quid
1394 762 1648 818 pontifices?

93 832 197 888 quid
216 830 426 887 augures?
460 827 564 883 quid
585 824 831 882 philosophi
849 823 1002 865 senes?
1035 821 1166 877 quam
1187 821 1322 861 multa
1342 818 1644 861 meminerunt!

94 889 278 930 Manent
307 885 481 941 ingenia
512 883 701 932 senibus,
732 880 860 922 modo
881 885 1128 935 permaneat
1148 877 1337 919 studium
1357 882 1400 917 et
1416 875 1647 927 industria3

92 960 174 986 nec
195 959 246 985 ea
265 943 404 984 solum
426 941 470 980 in
491 939 615 980 claris
636 945 680 979 et
697 938 916 978 honoratis
938 936 1053 986 viris,
1075 936 1150 976 sed
1172 934 1217 974 in
1232 933 1323 974 vit-a
1341 933 1468 974 etiam
1482 932 1649 989 privata

94 1008 139 1043 et
169 998 330 1057 quieta.
391 995 632 1051 Sophocles
663 994 717 1034 ad
748 1007 959 1033 summam
981 998 1247 1032 senectutem
1267 990 1501 1045 tragoedias
1522 989 1650 1038 fecit;

93 1058 211 1114 quod
229 1060 402 1112 propter
423 1052 613 1093 studium
635 1050 732 1092 cum
752 1064 841 1090 rem
862 1048 1110 1089 familiarem
1131 1047 1347 1101 negligere
1367 1046 1594 1097 videretur,
1624 1045 1651 1086 a

95 1114 197 1156 filiis
227 1113 272 1153 in
295 1109 507 1168 judicium
535 1114 715 1149 vocatus
744 1113 834 1157 est;
867 1112 927 1154 ut,
957 1102 1331 1160 quemadmodum,
1353 1108 1499 1143 nostro
1521 1116 1650 1153 more,

95 1168 208 1212 male
237 1183 328 1210 rem
358 1165 603 1222 gerentibus
635 1163 841 1220 pastibus
871 1161 996 1203 bonis
1028 1159 1224 1201 interdici
1256 1160 1382 1211 solet,
1422 1158 1486 1200 sic
1516 1159 1650 1211 illum,

98 1225 222 1283 quasi
244 1225 542 1280 desipientem,
564 1223 589 1261 a
609 1236 651 1262 re
673 1219 866 1261 familiari
887 1216 1352 1272 removerentjudices.
1390 1215 1499 1257 Tum
1520 1230 1652 1257 senex

100 1283 256 1325 dicitur
295 1295 389 1323 eam
424 1280 625 1327 fabulam,
668 1291 796 1332 quam
827 1276 871 1316 in
910 1275 1105 1316 manibus
1141 1274 1342 1324 habebat,
1382 1280 1426 1314 et
1460 1271 1652 1328 proxime

100 1340 341 1396 scripserat,
375 1338 582 1390 OEdz‘pum
601 1334 846 1384 Coloneum,
868 1331 1073 1373 recitasse
1088 1330 1326 1387 judic-ibus,
1349 1329 1653 1386 quaesisseque,

97 1412 201 1439 num
222 1395 329 1436 illud
352 1408 521 1435 carmen
543 1390 794 1447 desipientis
826 1388 1066 1430 videretur?
1097 1402 1181 1443 quo
1202 1387 1396 1436 recitato,
1429 1386 1654 1427 sententiis

93 1453 292 1510 judicum
313 1458 379 1493 est
398 1450 615 1491 liberatus.
692 1447 807 1488 Num
827 1446 958 1501 igitur
976 1446 1106 1496 hunc,
1137 1459 1240 1484 num
1271 1444 1520 1495 Homerum,
1550 1457 1655 1484 num

101 1509 355 1559 Hesiodum,
385 1521 486 1547 num
514 1504 797 1555 Simonidem,
828 1518 929 1543 num
952 1502 1260 1552 Stesichorum,
1282 1515 1384 1541 num
1403 1505 1531 1556 (quos
1554 1497 1658 1541 ante

100 1567 207 1618 dixi)
241 1566 488 1613 Isocratem,
521 1561 740 1617 Gorgiam,
772 1575 873 1601 num
908 1558 1264 1615 philosophorum
1298 1557 1527 1613 principes,
1569 1557 1657 1612 Py-

99 1624 338 1679 thagoram,
371 1619 684 1669 Democritum,
715 1632 816 1658 num
839 1616 1076 1664 Platonem,
1107 1630 1211 1655 num
1228 1614 1530 1665 Xenocratem,
1553 1627 1657 1654 num

100 1679 254 1737 postea
274 1678 506 1727 Zenonem,
539 1674 804 1724 Cleanthem,
837 1679 910 1714 aut
936 1687 1046 1723 eum,
1077 1686 1206 1727 quem
1235 1686 1312 1712 vos
1349 1670 1478 1712 etiam
1505 1670 1657 1711 Romae

100 1735 285 1785 vidistis,
300 1734 544 1789 Diogenem
562 1731 771 1782 Stoicum,
789 1729 933 1785 co'e'git
945 1729 989 1769 in
1006 1728 1094 1769 suis
1108 1728 1262 1768 studiis
1278 1728 1574 1768 obmutescere
1593 1741 1658 1767 se-

101 1792 281 1834 nectus?
313 1805 367 1832 an
394 1804 479 1830 non
510 1789 554 1828 in
587 1787 784 1828 omnibus
813 1787 864 1826 iis
895 1785 1133 1826 studiorum
1155 1784 1336 1840 agitatio
1357 1784 1454 1825 vitae
1477 1783 1656 1839 aequalis

103 1849 209 1891 fuit?
258 1848 369 1904 Age,
391 1853 438 1887 ut
458 1846 541 1886 ista
558 1845 704 1885 divina
723 1843 865 1884 studia
886 1843 1147 1892 omittamus,
1169 1856 1347 1896 possum
1368 1841 1587 1881 nominare
1605 1854 1658 1881 ex

104 1920 208 1961 agro
223 1904 382 1945 Sabino
399 1902 582 1943 rusticos
601 1901 832 1949 Romanos,
854 1899 1020 1939 vicinos
1043 1905 1085 1938 et
1102 1897 1327 1938 familiares
1344 1912 1477 1949 meos,
1500 1897 1655 1953 quibus

105 1961 372 2011 absentibus,
403 1972 620 2013 nunquam
642 1956 728 1998 fere
754 1957 837 1997 ulla
858 1955 902 1996 in
931 1969 1033 2010 agro
1064 1956 1227 2009 majora
1257 1954 1536 2009 operajfiunt,
1573 1968 1660 1994 non

105 2018 312 2066 serendis,
343 2030 429 2056 non
446 2014 748 2070 percipiendis,
773 2027 859 2053 non
880 2010 1117 2052 condendis
1135 2011 1366 2062 fructibus3
1398 2009 1660 2066 quamquam

105 2077 150 2116 in
170 2074 254 2115 illis
276 2072 414 2114 minus
435 2071 519 2112 hoc
539 2071 718 2120 mirum,
748 2083 873 2109 nemo
896 2068 1009 2108 enim
1032 2074 1097 2108 est
1128 2074 1215 2108 tam
1237 2082 1382 2118 senex,
1414 2067 1487 2123 qui
1509 2082 1554 2108 se
1586 2082 1661 2107 an-

105 2146 208 2173 num
223 2145 309 2171 non
328 2135 451 2185 putet
466 2142 593 2183 posse
606 2127 766 2167 vivere:
799 2125 875 2166 sed
888 2125 1019 2166 iidem
1036 2124 1256 2165 elaborant
1269 2125 1312 2165 in
1329 2124 1389 2165 eis
1403 2139 1498 2180 quae
1515 2123 1660 2167 sciunt

105 2188 213 2230 nihil
234 2187 405 2229 omnino
424 2185 478 2226 ad
499 2199 544 2225 se
560 2183 786 2240 pertinere.

333 2254 452 2294 Serit
471 2252 654 2300 arbores,
686 2264 786 2303 quse
807 2252 933 2291 alteri
954 2251 1113 2290 sceculo
1128 2250 1313 2302 prosint,

107 2336 156 2371 ut
184 2329 246 2370 ait
277 2327 441 2369 Statius
461 2332 608 2368 noster
628 2325 672 2366 iu
692 2327 971 2379 Synephebis.
1029 2324 1124 2366 Nec
1143 2323 1244 2366 verb
1265 2325 1434 2367 dubitet
1461 2325 1662 2381 agricola,

110 2386 303 2442 quamvis
325 2399 469 2435 senex,
501 2383 723 2439 quaerenti,
754 2382 822 2423 cui
853 2388 980 2433 serat,
1010 2382 1290 2438 respondere,
1322 2385 1424 2424 Diis
1449 2386 1664 2424 inmoria-

109 2445 235 2492 libus,
267 2445 342 2494 qui
363 2456 426 2481 me
446 2456 535 2482 omn
556 2443 744 2493 accipere
771 2442 887 2481 modo
907 2442 999 2480 liceo
1019 2439 1044 2480 ἁ
1066 2440 1298 2492 majoribus
1317 2443 1562 2490 voluerunt,
1593 2440 1667 2481 sed

110 2503 238 2541 etiam
254 2501 438 2551 posteris
454 2499 645 2551 prodere.

116 2573 296 2673 'llVdH'il
318 2572 478 2615 Melius
495 2573 696 2615 Caecilius
711 2572 764 2614 de
783 2587 884 2614 sene
898 2572 1020 2612 alteri
1034 2573 1193 2614 saeculo
1210 2572 1508 2629 prospiciente,
1527 2571 1659 2629 quam

114 2646 128 2672 1
165 2647 191 2672 u
248 2646 261 2672 1
297 2645 387 2672 em:

282 2697 480 2749 AEdepol,
512 2701 722 2745 senectus,
753 2698 789 2736 .ςὶ
810 2698 921 2737 nihil
941 2697 1173 2749 quidquam
1197 2697 1322 2737 aliud
1340 2699 1436 2738 vitii

281 2754 492 2806 Apportes
511 2758 663 2801 tecum,
694 2754 786 2793 01sz
817 2755 1016 2801 adveozz‘s;
1049 2767 1190 2794 mmm
1210 2755 1257 2794 id
1274 2759 1344 2795 sat
1363 2760 1438 2803 est,

284 2811 419 2862 Quod,
449 2812 527 2853 diu
547 2811 740 2861 vivendo,
769 2813 922 2862 multa,
954 2824 1056 2864 quce
1073 2825 1162 2853 non
1181 2813 1280 2862 volt,
1302 2813 1429 2854 videt.
