1790 3090
88 147 178 191 214

818 145 910 179 PRO
936 146 1097 179 COELIO.

169 227 307 280 hujus
322 227 542 268 orationis.
595 224 799 267 Secunda
811 238 920 278 pars
933 224 1224 277 complectitur
1244 234 1420 272 aurum,
1442 223 1555 275 quod
1569 235 1743 263 accusa-

172 290 284 326 tores
305 285 476 324 aiebant
496 283 677 322 Ca’lium
692 283 924 334 sumpsisse
944 280 969 322 ιὶ
992 281 1169 329 modia,-
1204 281 1356 324 deimle
1381 293 1608 329 venenum,
1628 279 1743 334 quod

173 343 212 382 ei
227 345 439 395 paratum
459 338 485 379 ὰ
508 339 637 381 Coelio
657 339 888 382 dicebatur.

799 507 960 534 PRIMA
994 506 1135 535 PARS.

465 598 523 636 In
543 596 629 649 qmi
648 597 766 636 varia
789 593 917 637 Coelio
938 595 1096 647 objecta
1117 595 1300 634 crimina
1319 593 1459 635 diluit.

241 697 301 738 II.
332 696 399 737 Ae
428 694 534 736 mihi
565 694 739 750 quidem
770 694 952 744 videtur,
977 693 1165 750 judiees,
1195 692 1268 733 hio
1299 692 1500 733 introitus
1531 690 1744 733 defensio-

182 753 250 795 nis
279 751 585 794 adolescentiae
607 751 671 791 M.
694 751 822 792 Coelii
851 750 1037 792 maxime
1070 749 1312 800 convenire,
1343 755 1392 790 ut
1410 749 1464 789 ad
1487 763 1538 790 ea
1557 763 1652 803 quae
1673 761 1745 789 ac-

183 816 421 859 cusatores,
434 808 700 849 deformandi
717 808 844 863 hujus
863 807 1009 859 caus-21,
1024 806 1295 848 detrahendae
1313 805 1635 860 spoliandaeque
1651 803 1746 859 dig-

181 866 332 906 nitatis
350 864 502 920 gratifi,
526 864 736 914 dixerunt,
757 863 941 919 primum
961 863 1256 919 respondeam.
1317 862 1527 917 Objeotus
1545 868 1611 902 est
1626 867 1747 916 pater

137 925 165 963 5
184 921 311 972 varie,
345 920 460 976 quod
491 927 564 961 aut
592 920 742 975 parum
773 920 1023 974 splendidus
1044 920 1151 975 ipse,
1182 925 1255 960 aut
1274 917 1514 974 parfimpiie
1535 923 1745 958 tractatus

186 977 212 1019 ξι
231 977 335 1027 filio,
358 976 585 1017 diceretur.

647 976 714 1017 De
734 975 959 1031 dignitate,
983 976 1147 1017 Coelius
1167 976 1280 1016 notis
1302 990 1353 1016 ao
1373 974 1605 1031 majoribus
1627 980 1745 1021 natu,

185 1034 314 1075 etiam
345 1031 436 1073 sine
464 1032 562 1073 mezi
595 1032 802 1082 oratione,
833 1032 990 1072 tacitus
1021 1031 1149 1072 facile
1181 1032 1273 1086 ipse
1304 1032 1558 1086 respondet:
1590 1030 1747 1086 quibus

184 1097 341 1140 autem,
374 1096 546 1145 propter
577 1096 859 1139 senectutem,
900 1087 1033 1143 (quod
1066 1088 1158 1143 jam
1197 1087 1271 1128 diu
1302 1086 1442 1127 minus
1476 1087 1521 1127 in
1551 1086 1642 1127 soro
1673 1100 1748 1127 no-

184 1147 355 1188 biscum
399 1149 607 1196 versatur)
655 1160 743 1186 non
783 1143 904 1200 aeque
945 1151 1010 1184 est
1055 1143 1282 1199 oognitus3
1329 1143 1372 1183 hi
1412 1143 1476 1184 sie
1514 1142 1747 1184 ahabeant:

111 1207 167 1247 10
185 1217 470 1260 quaecumque
502 1202 545 1242 in
578 1201 721 1257 equite
753 1201 952 1242 Romano
983 1200 1173 1256 dignitas
1205 1214 1299 1241 esse
1330 1199 1468 1254 possit
1497 1202 1611 1255 (quae
1631 1198 1746 1241 certe

185 1266 330 1316 potest
350 1274 445 1300 esse
462 1258 680 1309 maxima),
701 1272 796 1299 eam
817 1272 984 1312 semper
1004 1257 1049 1299 in
1067 1257 1131 1297 Μ.
1149 1256 1287 1297 Coelio
1310 1256 1502 1297 habitam
1523 1270 1618 1297 esse
1636 1271 1749 1296 sum-

185 1331 314 1364 inam,
346 1315 562 1371 hodieque
584 1315 747 1366 haberi,
778 1329 865 1354 non
886 1313 1023 1354 solum
1045 1313 1071 1354 ἐι
1092 1313 1194 1364 suis,
1225 1313 1302 1354 sed
1324 1314 1454 1353 etiam
1476 1313 1529 1353 ab
1551 1312 1750 1354 omnibus

186 1373 342 1429 quibus
363 1372 550 1428 potuerit
570 1371 716 1427 aliqu-sm
737 1371 788 1412 de
813 1370 943 1411 causei
964 1385 1058 1411 esse
1081 1377 1223 1411 notus.
1284 1368 1457 1425 Equitis
1488 1375 1632 1410 autem
1663 1368 1752 1410 Ro-

186 1429 301 1470 mani
324 1443 418 1470 esse
439 1429 588 1479 filium,
611 1427 799 1469 criminis
819 1428 916 1468 loeo
939 1427 1040 1482 poni
1061 1426 1114 1466 ab
1136 1426 1476 1477 accusatoribus,
1504 1440 1659 1481 neque,
1680 1424 1749 1466 his

115 1485 495 1542 15judicantibus,
527 1486 729 1540 oportuit,
760 1498 900 1539 neque
922 1483 1254 1524 defendentibus
1275 1482 1415 1523 nobis,
1474 1482 1599 1532 Nam,
1632 1481 1752 1537 quod

188 1543 241 1583 de
262 1542 422 1598 pietate
446 1541 632 1591 dixistis,
664 1547 730 1581 est
750 1540 925 1595 quidem
945 1539 1029 1580 ista
1048 1545 1196 1580 nostra
1226 1538 1502 1590 existimatio,
1538 1537 1615 1579 sed
1635 1537 1753 1594 judi-

188 1599 303 1640 cium
325 1597 441 1639 certe
472 1597 676 1653 parentis.

736 1596 851 1644 Quid
887 1610 966 1637 nos
999 1595 1235 1651 opinemur,
1272 1595 1458 1636 audietis
1491 1609 1543 1636 ex
1567 1594 1749 1650 juratis;

188 1655 295 1711 quid
333 1662 531 1710 parentes
574 1653 773 1705 sentiant,
825 1654 1024 1709 lacrymae
1069 1651 1216 1693 matris
1257 1651 1607 1707 incredibilisque
1645 1666 1752 1692 moe-

187 1726 270 1762 ror,
310 1711 480 1768 squalor
517 1710 664 1767 patris,
706 1717 749 1751 et
787 1710 879 1751 haeo
917 1723 1105 1766 praesens
1146 1708 1368 1760 moestitia,
1400 1722 1530 1764 quam
1564 1707 1753 1759 cernitis,

831 1824 1113 1875 ‘'intelligant.

235 1927 266 1956 5.
295 1924 409 1955 Ραντῖιη
431 1923 623 1964 splendidus]
690 1921 867 1962 Arguerant
896 1922 951 1952 ad-

195 1968 328 2004 versarii,
351 1967 442 1998 Coelii
469 1972 587 2007 patrem
611 1965 772 2005 iudignum
788 1965 882 1995 fuisse
898 1965 952 2005 qui

192 2021 262 2041 cum
278 2010 445 2040 illustribus
461 2010 532 2040 viris
546 2015 725 2044 versaretur,
743 2014 868 2049 propter
883 2008 952 2038 vitae

193 2054 312 2083 sordes.

238 2098 269 2126 6.
288 2096 422 2136 Caelius]
461 2096 554 2126 Pater
570 2093 661 2134 hujus
675 2093 777 2128 Coelii,
793 2091 847 2132 qui
863 2092 954 2122 adest

194 2139 267 2169 huic
285 2138 418 2178 judicio,
440 2139 499 2169 hoc
522 2137 720 2167 maledictum
744 2134 835 2165 facile
851 2140 955 2175 potest

195 2181 315 2211 diluere
331 2182 415 2221 apud
431 2192 484 2211 eos
497 2181 610 2221 quibus
626 2185 716 2209 notus
733 2184 780 2209 cst
799 2182 831 2207 et
848 2176 956 2218 cogni-

196 2229 264 2261 tus;
288 2229 320 2254 et
334 2225 371 2254 iis
387 2224 441 2264 qui
455 2234 526 2254 eum
542 2228 634 2253 aetate
648 2226 805 2262 superant·

241 2270 293 2297 14.
318 2267 454 2297 Criminis
477 2266 563 2306 loca]
607 2265 681 2295 Non
704 2264 830 2304 quidem
843 2262 955 2294 adver·

196 2309 268 2339 sarii
297 2309 431 2339 criminis
455 2320 538 2339 reum
567 2318 633 2338 esse
663 2308 844 2347 arguebant,
871 2304 955 2345 quod

196 2362 292 2392 eques
312 2357 394 2382 esset
418 2351 578 2381 Romanus
593 2361 601 2387 ·,
623 2351 677 2380 sed
695 2349 778 2390 qued
793 2359 854 2378 non
872 2348 958 2378 tanta

197 2394 359 2425 nobilitate
387 2395 511 2434 praediti
547 2392 647 2423 miuus
684 2391 853 2422 tolerabilis
891 2390 956 2430 ejus

197 2437 354 2467 videretur
369 2437 510 2467 audacia.

242 2479 292 2511 Ib.
318 2479 427 2519 Neque,
466 2481 509 2509 his
534 2476 749 2517 judicantibus,
787 2486 873 2515 neque
909 2476 958 2505 ‹Ie-

187 2521 379 2563 fenclentibus
394 2522 498 2562 nobis]
531 2519 826 2560 Sedebautjudices
837 2518 956 2558 equites

200 2564 337 2594 Romani
365 2575 435 2594 cum
465 2564 675 2599 senatoribus,
710 2567 742 2591 ct
768 2561 958 2591 defendebat

200 2606 311 2637 Cicero
325 2617 422 2642 reum,
444 2607 510 2646 ipse
533 2607 659 2646 quidem
688 2609 822 2639 senator,
844 2605 898 2634 sed
922 2614 960 2633 ex

201 2649 337 2690 equestri
352 2659 464 2689 genere
480 2655 580 2679 natus.
639 2648 750 2687 Itaque
769 2645 876 2686 parum
893 2651 959 2676 erat

201 2693 364 2722 honestum
389 2691 615 2722 accusatoribus
638 2700 739 2720 coram
763 2690 825 2719 illis
844 2689 961 2729 judici-

202 2735 258 2764 bus
273 2740 446 2775 equestrem
462 2735 491 2766 ei
507 2734 662 2771 ordinem,
685 2733 774 2774 quasi
786 2732 890 2769 vilem,
906 2732 961 2763 ob-

199 2787 309 2818 chere.

1040 1924 1091 1952 16.
1117 1921 1170 1952 Est
1195 1921 1309 1960 quidem
1338 1927 1436 1951 nostra
1463 1921 1658 1962 existimarim]
1703 1922 1756 1952 De

996 1964 1064 2004 ejus
1081 1965 1197 2004 pietate
1213 1964 1454 1993 existimabimus
1469 1964 1609 2002 quidem,
1622 1970 1656 1993 ut
1666 1964 1755 1994 nobis

996 2007 1169 2044 videbitur3
1194 2007 1249 2036 sed
1263 2007 1303 2036 de
1313 2005 1516 2045 dijudicabit
1528 2011 1627 2047 pater.
1653 2007 1763 2038 Existi-

997 2051 1085 2079 matio
1110 2048 1200 2090 porro
1236 2053 1283 2079 est
1313 2048 1454 2089 opinatio
1491 2054 1524 2079 et
1559 2048 1758 2089 conjectura,-

987 2093 1138 2132 judicium
1152 2090 1223 2123 vero
1239 2097 1287 2122 est
1297 2091 1464 2128 sententia,
1480 2101 1562 2132 quae,
1578 2102 1610 2122 re
1622 2092 1761 2134 cognite,

1000 2136 1227 2176 pronuntiatur.

1044 2180 1097 2208 17.
1132 2179 1213 2212 Quid
1247 2187 1296 2207 nos
1331 2177 1507 2218 opinemur]
1567 2176 1614 2208 Ex
1645 2177 1759 2209 auditis

999 2222 1142 2260 testibus,
1160 2221 1237 2262 quid
1250 2226 1392 2262 oporteat
1403 2220 1442 2250 de
1455 2219 1672 2260 illojudicare,
1687 2231 1762 2252 cou-

998 2264 1103 2295 stabit.

1043 2307 1092 2337 Ib.
1116 2305 1161 2336 Er
1176 2305 1319 2346 juratis]
1363 2305 1464 2336 Jurati
1485 2309 1581 2336 testes
1603 2305 1760 2342 dicuntur,

1000 2350 1085 2390 quia,
1103 2348 1268 2389 antequem
1285 2350 1322 2378 ad
1335 2347 1489 2388 judicium
1505 2350 1761 2388 producerentur,

996 2392 1145 2432 jurabant
1167 2402 1200 2422 se
1224 2391 1385 2421 veritatem
1409 2392 1556 2422 dicturos.
1601 2391 1762 2422 Venerant

1001 2440 1105 2464 autem
1121 2434 1171 2464 isti
1186 2439 1279 2464 testes
1296 2433 1435 2464 Puteolis
1450 2433 1596 2464 advocati
1609 2435 1650 2464 ad
1674 2435 1761 2465 testi-

1001 2478 1137 2507 mouium
1154 2477 1333 2507 dicendum.

1045 2522 1098 2550 19.
1134 2519 1263 2550 Praesens
1304 2518 1465 2558 moestitia]
1526 2518 1686 2549 Sedebant
1728 2519 1762 2550 in

1000 2561 1152 2592 subselliis
1176 2562 1281 2592 affines
1312 2566 1344 2591 et
1366 2561 1533 2601 propinqui
1560 2561 1708 2592 sordidati
1732 2567 1764 2593 et

1003 2605 1091 2634 atrati
1103 2605 1141 2634 ad
1155 2603 1760 2644 misericordianujudicumexcitandamg

1003 2647 1055 2687 qui
1081 2658 1216 2688 quonam
1246 2646 1362 2677 affectu
1387 2651 1491 2676 esseut
1518 2656 1591 2686 erga
1617 2646 1762 2685 Coelium,

1004 2689 1095 2720 facile
1126 2700 1163 2720 ex
1190 2700 1296 2721 eorum
1327 2689 1474 2730 lacrymis
1507 2689 1675 2721 cxisumari
1706 2702 1764 2732 po-

1005 2737 1094 2764 terat.
