1858 3095
714 206 816 239 ‚PRO
839 207 1048 241 Rammo.
1678 213 1732 254 77

100 283 203 335 Sed,
226 283 269 324 in
284 283 353 325 his
368 283 494 325 rebus
508 281 721 334 omnibus,
733 283 1044 340 imprudentiae
1056 282 1227 336 laberis3
1257 299 1431 327 causam
1444 283 1557 329 enim
1571 304 1663 331 sus-

99 340 254 398 cepisti
267 339 550 396 antiquiorem
564 340 768 381 memoria
782 341 855 382 tua
869 358 877 382 :
893 357 989 398 quae
1003 356 1131 383 causa
1145 342 1244 384 ante
1259 349 1427 384 mortua
1440 351 1519 394 est,
1531 346 1662 400 quam
1680 345 1735 385 35

99 405 148 439 tu
168 405 294 440 natus
312 411 445 438 esses.
505 395 604 444 Qua
626 395 670 436 in
684 397 816 438 causa
837 405 928 440 tute
943 398 1134 454 profecto
1151 399 1321 450 fuisses,
1344 399 1378 440 si
1402 414 1474 455 per
1494 409 1663 443 aetatem

101 470 195 496 esse
249 453 446 504 emisses,
469 467 563 494 eam
584 468 757 494 causam
780 454 822 494 in
837 455 1052 510 judicium
1073 471 1217 497 vocas.
1249 456 1318 496 An
1339 471 1425 497 non
1443 457 1665 513 intelligis,

103 470 298 567 priuigni,
314 524 423 565 quos
444 509 657 561 homines,
673 517 716 551 et
729 512 877 566 quales
891 512 1016 563 viros,
1028 521 1234 564 mortuos,
1245 513 1399 553 summi
1415 514 1589 555 sceleris
1604 529 1665 555 ar-

103 582 230 624 guas3
261 565 416 607 deinde
431 574 537 621 quot
557 581 610 608 ex
631 567 699 618 iis,
720 567 794 623 qui
819 568 978 616 vivunt,
1013 569 1166 610 eodem
1187 569 1361 610 crimine
1390 569 1433 610 in
1454 584 1666 611 summum

104 623 258 680 capitis
278 622 515 678 periculum
537 638 728 665 arcessas
748 627 758 664 ἐ
791 624 917 676 Nam,
940 625 974 665 si
990 625 1041 666 C.
1055 625 1256 666 Rabirius
1278 625 1491 666 sfraudem
1507 627 1666 682 capita·
1684 627 1739 666 40

102 681 186 722 lem
202 678 389 730 admisit,
410 678 529 735 quod
548 694 663 720 arma
683 688 831 721 contra
846 682 891 722 L.
917 681 1192 723 Saturninum
1212 681 1336 722 tulit:
1369 682 1470 723 huic
1492 683 1668 738 quidem

102 734 271 777 afferret
291 735 480 791 aliquam
503 736 847 792 deprecationem
869 737 1048 793 periculi
1083 744 1186 778 aetas
1221 738 1306 788 illa,
1339 738 1425 794 qua
1455 745 1545 780 tum
1566 739 1666 780 fuit:

103 792 159 840 Q.
179 791 277 833 verb
299 792 516 844 Catulum,
538 800 701 849 patrem
718 793 859 849 hujus,
891 794 937 834 in
957 807 1043 850 quo
1066 808 1231 834 summa
1252 794 1477 849 sapientia,
1512 795 1670 837 eximia

101 849 250 899 virtus,
270 848 502 905 singularis
521 849 762 891 humanitas
775 850 882 896 suit;
914 850 978 892 M.
1002 850 1225 901 Scaurum,
1248 851 1324 891 illa
1347 852 1570 906 gravitate,
1593 853 1667 894 illo

103 905 303 958 consilio,
323 905 397 946 illa
413 906 656 962 prudentia,
678 907 788 948 duos
809 906 999 958 Mucios,
1023 907 1069 947 L.
1092 907 1311 957 Crassum,
1330 907 1394 948 M.
1416 908 1668 961 Antonium,
1689 911 1741 951 45

102 962 178 1018 qui
198 968 290 1003 tum
311 968 431 1004 extra
449 963 598 1004 urbem
619 978 716 1004 cum
736 963 936 1020 praesidio
972 963 1068 1014 fuit,
1091 967 1290 1019 (quorum
1322 964 1367 1005 in
1393 965 1478 1006 hac
1498 965 1670 1007 civitate

103 1016 234 1075 longe
252 1018 438 1060 maxima
457 1019 641 1060 consilia
660 1027 790 1076 atque
811 1020 987 1077 ingenia
1016 1021 1221 1072 fuerunt,)
1253 1027 1429 1062 caeteros
1465 1022 1553 1077 pari
1576 1022 1672 1078 dig·

102 1074 238 1116 nitate
251 1075 470 1132 praeditos,
487 1077 691 1118 custodes
705 1077 1098 1132 gubernatoresque
1111 1076 1296 1133 Reipub.
1310 1079 1672 1134 quemadmodum

105 1138 299 1173 mortuos
321 1132 630 1174 defendemus?
691 1133 808 1180 Quid
821 1134 875 1174 de
889 1133 974 1174 illis
992 1133 1304 1175 honestissimis
1326 1134 1438 1185 viris,
1451 1141 1580 1191 atque
1599 1149 1672 1191 op-
1729 1163 1732 1166 ·

104 1187 223 1229 timis
251 1187 418 1230 civibus
450 1188 665 1244 equitibus
697 1189 822 1231 Rom.
846 1190 1054 1241 dicemus,
1075 1190 1149 1245 qui
1180 1197 1270 1231 tum
1291 1189 1378 1231 una
1399 1205 1498 1232 cum
1519 1191 1672 1233 senatu
1692 1194 1747 1234 50

109 1245 291 1288 salutem
312 1244 812 1301 Reipub.defenderunt?
834 1246 1002 1303 quidde
1015 1246 1198 1287 tribunis
1212 1246 1382 1298 aerariis,
1406 1255 1675 1290 caeterorum-

107 1315 193 1357 que
220 1301 416 1343 ordinum
449 1301 640 1342 omnium
669 1302 931 1353 hominibus,
969 1303 1044 1358 qui
1081 1309 1174 1343 tum
1201 1317 1318 1344 arma
1350 1318 1426 1359 pro
1459 1305 1677 1346 communi

111 1357 312 1399 libertate
333 1359 567 1413 ceperunt?
629 1358 716 1399 Sed
738 1359 843 1413 quid
864 1374 946 1415 ego
967 1360 1019 1400 de
1042 1358 1094 1399 iis
1116 1359 1329 1410 omnibus,
1363 1360 1437 1415 qui
1460 1361 1675 1402 consulari

109 1413 288 1469 imperio
307 1420 551 1469 paruerunt,
585 1414 769 1470 loquor?
800 1415 853 1456 de
875 1415 1063 1470 ipsorum
1085 1414 1209 1456 Coss.
1230 1414 1346 1456 fama
1363 1416 1467 1472 quid
1487 1417 1677 1458 futurum
1730 1448 1738 1452 „

110 1471 208 1512 est?
241 1470 288 1512 L.
306 1470 525 1522 Flaccum,
546 1470 765 1512 hominem
786 1470 883 1512 cum
904 1485 1070 1527 semper
1090 1471 1133 1511 in
1154 1471 1323 1527 Repub.
1344 1478 1437 1514 tum
1453 1473 1497 1515 in
1518 1473 1677 1529 magis·
1694 1476 1750 1515 55

109 1526 293 1568 tratibus
315 1527 529 1583 gerendis,
560 1527 604 1568 in
642 1528 884 1570 sacerdotio
908 1527 1250 1584 caerimoniisque
1289 1528 1444 1584 quibus
1483 1536 1678 1585 praeerat,

112 1583 506 1640 diligentissimum,
524 1583 673 1626 nefarii
695 1584 870 1626 sceleris
887 1599 939 1626 ac
956 1584 1169 1641 parricidii
1189 1591 1404 1626 mortuum
1420 1587 1679 1628 condemna-

111 1640 283 1681 bimus?
315 1641 597 1697 adjungemus
619 1641 674 1682 ad
694 1640 808 1683 hanc
827 1642 968 1683 labem
988 1640 1356 1697 ignominiamque
1377 1643 1528 1684 mortis
1549 1643 1679 1684 etiam

115 1696 166 1738 C.
180 1696 309 1738 Marii
344 1697 531 1739 nomen?
563 1696 614 1738 C.
637 1697 838 1749 Marium,
871 1712 998 1754 quem
1019 1696 1116 1739 vere
1151 1704 1316 1754 patrem
1335 1699 1498 1755 patriae,
1529 1714 1681 1756 paren-

114 1761 218 1805 tem,
249 1753 440 1810 inquam,
461 1760 614 1795 vestrae
634 1753 844 1796 libertatis
864 1762 994 1811 atque
1014 1754 1196 1810 hujusce
1214 1754 1340 1811 Reip.
1362 1770 1591 1811 possumus
1619 1757 1680 1798 di-

115 1825 227 1862 cere,
267 1810 442 1852 sceleris
480 1825 532 1853 ac
571 1810 787 1867 parricidii
828 1811 977 1853 nefarii
1017 1818 1231 1853 mortuum
1272 1812 1681 1855 condemnabimus?

116 1867 308 1919 Etenim,
330 1867 367 1908 si
387 1867 437 1909 C.
459 1867 654 1920 Rabirio,
676 1867 791 1924 quod
811 1868 862 1909 iit
881 1869 935 1910 ad
971 1882 1101 1919 arma,
1122 1883 1293 1909 crucem
1327 1868 1376 1910 T.
1394 1869 1606 1912 Labienus
1637 1871 1683 1911 in

116 1923 282 1981 Campo
305 1924 466 1966 Martio
487 1924 761 1982 defigendam
781 1926 974 1982 putavit3
1004 1924 1122 1981 quod
1157 1925 1334 1966 tandem
1368 1926 1684 1984 excogitabitur

117 1980 163 2022 in
176 1995 272 2024 eum
292 1981 564 2038 supplicium,
595 1981 671 2039 qui
692 1982 894 2025 vocavit?
955 1983 1036 2035 Ac,
1054 1981 1089 2023 si
1111 1982 1220 2023 fides
1243 1981 1472 2026 Saturnino
1495 1984 1597 2025 data
1617 1990 1683 2025 est

1698 1758 1754 1798 60

517 2113 532 2129 e
553 2109 669 2149 cadis
689 2110 857 2150 sensim.

167 2242 220 2273 35.
266 2241 466 2282 Antiquiorem
494 2243 628 2272 memoria
666 2241 747 2284 tud]
801 2241 886 2278 Quia

123 2285 243 2316 occisus
255 2290 303 2315 est
319 2284 500 2315 Saturninus
523 2286 611 2316 annis
639 2296 692 2316 sex
713 2292 746 2316 et
761 2285 887 2326 triginta

127 2333 199 2358 ante
213 2328 294 2358 lianc
307 2326 428 2358 Rabirii
443 2329 684 2361 accusationem.
729 2328 886 2359 Labienus

127 2376 231 2402 autem
249 2370 374 2411 juvenis
397 2377 485 2409 erat;
510 2382 582 2402 nam
608 2372 779 2403 tribunatus
802 2381 884 2402 anno

126 2414 225 2445 aetatis
236 2414 386 2455 vigesimo
399 2415 572 2456 gerebatur.

171 2459 225 2488 42.
267 2456 353 2488 AEtas
376 2457 434 2498 quit
463 2463 526 2488 tum
538 2457 636 2499 fuit]

128 2505 194 2530 erat
208 2500 392 2531 adolescens
407 2500 566 2531 Rabirius.

172 2543 225 2575 45.
248 2543 330 2574 Duos
342 2542 483 2584 Mucios]
522 2543 691 2575 Scaevolam
710 2548 886 2585 utrumque,

131 2586 308 2626 pontificem
325 2591 357 2617 et
371 2597 530 2628 augurem.

174 2628 223 2660 lb.
246 2628 283 2661 L.
298 2629 444 2668 Crassum,
458 2630 505 2660 M.
519 2629 708 2671 Antonium]
733 2630 889 2666 Oratores,

132 2671 172 2702 de
185 2672 297 2713 quibus
312 2673 395 2713 saepe
409 2673 442 2703 in
456 2672 542 2703 libris
556 2673 719 2706 Oratoriis.

174 2716 229 2745 51.
275 2714 412 2746 Tribunis
424 2716 561 2757 aerariis-J

132 2758 268 2799 pecunia
282 2758 420 2790 militaris
429 2764 496 2790 erat
509 2759 639 2790 credita.

682 2457 770 2488 Tunc
800 2457 883 2488 enim

177 2801 231 2832 55.
252 2799 291 2832 L.
303 2800 331 2830 F
331 2802 471 2843 laecum]
486 2802 559 2834 Lib.
576 2806 607 2834 1.
623 2802 663 2833 de
678 2801 894 2839 Divinatione,

132 2841 279 2876 Flaccum
292 2843 474 2887 Martialem
483 2845 641 2884 flaminem
650 2845 746 2878 ruisse
759 2845 816 2877 ait.

605 2716 751 2747 Tribunis
776 2715 891 2746 aerariis

1090 2105 1102 2131 s
1114 2110 1271 2149 crimen
1279 2138 1288 2149 .

971 2243 1026 2274 59.
1063 2242 1226 2284 Marium]
1271 2241 1426 2283 Appellat
1440 2243 1577 2274 Marium
1592 2244 1686 2280 bunc,

928 2285 1111 2326 popularem
1135 2297 1235 2322 suurn,
1275 2284 1384 2316 Cicero
1421 2294 1542 2326 patrem
1578 2287 1685 2327 patriae

928 2334 1055 2370 propter
1069 2328 1198 2359 relatam
1207 2329 1247 2358 de
1258 2328 1390 2359 Cimbris
1400 2329 1558 2359 victoriam
1570 2340 1576 2358 :
1593 2340 1687 2371 quam

929 2371 1054 2402 laudern
1073 2372 1114 2408 Q.
1131 2371 1261 2403 Catulus
1276 2371 1421 2403 Ciceroni
1436 2371 1572 2402 omnium
1589 2373 1686 2414 primo

930 2415 1054 2446 detulit.

973 2460 1025 2488 60.
1053 2457 1333 2498 Vestraelibertatis.]
1368 2457 1427 2488 Ille
1443 2457 1565 2489 Marius
1580 2463 1687 2489 contra

931 2500 1050 2542 Syllam
1065 2501 1172 2541 patriae
1184 2501 1356 2531 libertatem
1373 2501 1527 2532 defendit.

975 2545 1026 2575 64.
1052 2544 1111 2578 Qui
1125 2544 1260 2585 vocavit]
1307 2543 1358 2574 Ad
1374 2554 1470 2576 arma.

976 2586 1025 2618 Ib.
1048 2587 1162 2627 Sifides
1173 2586 1364 2627 Saturnium]
1387 2585 1468 2618 Cum
1483 2586 1515 2616 in
1530 2585 1687 2625 Capitolio

934 2630 1117 2660 Saturninus
1133 2629 1439 2670 obsideretur,jussit
1453 2628 1571 2658 Marius
1583 2637 1688 2668 aquae-

934 2673 1045 2704 «luctus
1062 2673 1196 2703 rescindi
1209 2684 1216 2702 :
1229 2672 1337 2714 quare,
1350 2681 1514 2713 oppressus
1528 2670 1689 2706 simeone-

935 2720 984 2746 tus
999 2720 1047 2746 est
1060 2727 1093 2746 se
1109 2716 1214 2746 Mario
1226 2715 1259 2745 in
1276 2715 1370 2745 fidem
1386 2716 1459 2743 dare
1472 2725 1479 2742 z
1494 2713 1576 2743 hunc
1587 2712 1690 2743 occlu-

936 2758 976 2789 sit
990 2758 1023 2789 in
1037 2758 1134 2795 curia,
1151 2759 1216 2794 ubi,
1237 2757 1408 2797 irruptione
1423 2755 1508 2788 fact&
1518 2755 1539 2786 εἴ
1553 2756 1691 2787 multitu-

935 2801 1023 2841 dine,
1035 2812 1107 2838 cum
1119 2801 1210 2835 sociis
1223 2800 1341 2832 occisus
1355 2804 1413 2830 est.
