1790 3090
63 155 117 198 39

122 160 316 278 fimodum
337 230 430 287 ipse
452 226 634 271 Oaesaris
663 235 760 271 acta
781 230 1043 272 defenderet.

770 153 893 186 PHILI
899 153 1037 187 PPICA-
1054 153 1083 188 Ι.

1104 230 1174 272 An
1204 230 1248 271 111
1269 228 1630 273 commentariolis
1649 236 1694 272 et

140 287 438 344 chirographis
470 293 513 328 et
547 286 701 328 libellis
738 301 783 327 se
812 302 896 328 uno
927 295 1101 329 auctore
1132 288 1323 344 prolatis,
1351 303 1402 329 ac
1432 302 1486 328 ne
1517 287 1693 343 prolatis

149 344 326 396 pidem,
350 344 427 384 sed
458 342 756 384 tantummodo
778 344 918 394 dictis,
941 352 1037 384 acto„
1059 345 1241 386 Caesaris
1264 347 1384 386 firma
1414 343 1565 386 erunt?
1597 356 1694 399 quae

137 360 211 442 1110
233 401 277 441 111
300 415 357 441 aes
378 399 547 450 incidit,
567 400 610 440 in
632 415 716 447 quo
738 401 884 456 populi
899 401 1023 456 jussa
1042 408 1356 457 perpetuasque
1375 403 1495 457 leges
1513 415 1606 442 esse
1623 413 1695 440 vo·-

67 457 121 499 10
138 457 232 508 luit,
252 471 328 512 pro
345 456 480 497 nihilo
497 450 796 498 habebuntur?
834 457 1049 512 Equidem
1066 473 1129 498 310
1146 458 1359 509 existimo,
1375 458 1480 498 nihil
1497 464 1585 498 tam
1598 471 1694 498 esse

138 513 182 554 in
203 513 312 554 actis
334 513 533 565 Caesaris,
555 513 687 570 quam
708 514 826 568 leges
850 513 1046 555 Caesaris.
1090 515 1175 566 An,
1192 514 1226 555 si
1245 515 1314 556 cui
1336 514 1437 572 quid
1459 514 1525 556 ille
1541 513 1695 570 promi-

137 569 207 621 sit,
227 569 272 611 id
294 570 373 611 erit
393 570 550 611 fixum?
581 571 696 626 quod
720 569 834 611 idem
855 570 995 612 facere
1016 585 1101 612 non
1131 571 1287 626 potuit,
1306 578 1356 612 ut
1384 571 1530 612 multis
1560 571 1696 611 multa

135 626 348 683 promissa
364 642 450 668 non
472 628 643 677 fecerit3
676 642 769 683 quae
789 634 932 668 tamen
953 628 1088 669 multo
1108 629 1230 682 plura
1248 628 1318 670 1110
1340 635 1508 669 mortuo
1528 633 1696 684 reperta

137 691 252 735 sunt,
273 682 404 740 quam
425 685 519 725 vivo
541 684 750 725 beneficia
770 699 843 739 per
864 698 1011 725 omnes
1031 699 1165 726 annos
1187 684 1347 726 tributa
1367 691 1412 726 et
1431 685 1544 726 data.

66 742 118 783 15
138 755 188 782 ea
217 755 304 781 non
335 747 468 792 muto,
489 755 576 781 11011
607 755 781 782 moveo:
816 755 982 782 summo
1015 742 1127 782 enim
1167 742 1309 783 studio
1340 742 1542 798 praeclara
1575 741 1692 781 illius

1605 683 1694 724 Sed

137 804 234 839 acta
254 797 454 839 defendo.
488 797 682 838 Pecunia
699 797 860 838 utinam
875 798 929 839 ad
948 798 1057 853 Opis
1075 800 1286 841 maneret!
1321 805 1497 840 cruenta
1511 798 1585 839 illa
1600 796 1696 854 qui-

138 854 251 905 dem,
271 854 348 894 sed
369 854 436 894 his
459 853 722 909 temporibus
745 856 861 905 (cum
881 854 949 905 113,
972 870 1151 910 quorum
1173 864 1253 907 est,
1274 871 1359 897 non
1390 854 1599 906 redditur)
1621 868 1695 895 ne-

137 910 343 960 cessaria3
375 909 637 965 quamquam
657 924 707 950 ea
729 925 899 965 quoque
921 911 976 951 sit
991 912 1138 962 effusa,
1158 912 1193 952 si
1214 912 1275 954 ita
1295 913 1338 954 in
1360 913 1467 954 actis
1484 911 1578 953 fuit.
1610 911 1693 952 Ec-

137 966 242 1021 quid
263 973 341 1016 est,
361 967 477 1021 quod
500 973 587 1007 tam
608 965 778 1021 proprie
802 966 887 1007 dici
908 967 1046 1021 possit
1066 976 1210 1008 actum
1231 970 1339 1024 ejus,
1358 969 1430 1024 qui
1452 975 1627 1024 togatus
1647 967 1694 1008 in

63 1026 118 1067 20
136 1022 307 1079 Repub.
329 1037 426 1063 cum
447 1029 661 1078 potestate
678 1022 941 1078 imperioque
962 1031 1154 1064 versatus
1176 1025 1245 1076 sit,
1263 1025 1392 1080 quam
1410 1026 1507 1066 lex?
1540 1025 1692 1072 Quaere

137 1086 236 1121 acta
257 1079 469 1130 Gracchi3
502 1080 620 1135 leges
645 1078 908 1135 Semproniae
938 1080 1224 1134 proferentur:
1257 1096 1398 1136 quaere
1420 1081 1565 1132 Sullae,
1587 1080 1694 1121 Cor-

136 1136 277 1177 neliae.
339 1136 478 1183 Quid?
511 1136 591 1177 Cn.
625 1136 822 1192 Pompeii
854 1137 1004 1177 tertius
1036 1139 1284 1178 consulatus
1321 1137 1365 1178 in
1394 1137 1551 1194 quibus
1583 1138 1692 1178 actis

137 1192 355 1234 constitit?
387 1192 541 1249 110111Ρο
563 1193 605 1233 in
626 1193 808 1249 legibus.
848 1193 887 1233 A
904 1193 1071 1235 Caesare
1086 1194 1180 1250 ipso
1199 1194 1234 1235 si
1249 1209 1473 1250 quaereres,
1489 1194 1694 1252 quidnam

138 1249 299 1306 egisset
319 1249 364 1290 in
385 1249 500 1291 Urbe
523 1256 565 1291 et
582 1250 624 1289 in
646 1249 775 1306 t0g513
798 1250 917 1306 leges
934 1252 1088 1292 multas
1106 1253 1382 1307 responderet
1399 1266 1444 1294 se
1461 1259 1506 1294 et
1521 1251 1694 1307 praeola-

61 1311 118 1353 25
137 1321 203 1347 ras
227 1307 402 1348 tulisse:
436 1306 721 1362 chirographa
739 1305 839 1347 verb
861 1313 934 1348 aut
953 1314 1151 1360 mutaret,
1173 1315 1248 1350 aut
1267 1323 1353 1350 11011
1370 1309 1514 1359 daret3
1546 1314 1635 1359 aut,
1657 1307 1694 1348 si

136 1363 341 1416 dedisset,
362 1378 449 1406 non
470 1363 575 1406 istas
597 1378 662 1406 res
682 1362 726 1405 in
748 1363 857 1405 actis
875 1363 964 1406 suis
981 1364 1197 1408 aduceret.

1258 1365 1345 1407 Sed
1362 1380 1412 1409 ea
1429 1366 1524 1423 ipsa
1539 1379 1693 1407 001100-

706 1574 754 1612 ²²e
765 1572 996 1613 ristimaret
1016 1583 1125 1612 esse.

178 1818 210 1847 6.
243 1815 514 1856 Commentariolis]
575 1816 828 1847 commentarioli
856 1816 891 1847 li-

134 1859 207 1890 belli
223 1865 304 1895 sunt,
320 1860 352 1889 in
367 1860 479 1901 quibus
496 1860 640 1900 princeps
664 1871 768 1890 eorum
794 1861 891 1890 omni-

135 1912 187 1933 um
200 1902 324 1932 nomina
340 1902 512 1943 perscribit,
529 1903 639 1943 quibus
663 1903 765 1945 aliqua
789 1903 893 1944 reipu-

134 1945 223 1976 blicae
239 1947 413 1986 procuratio
428 1947 589 1976 commissa
605 1951 662 1976 est.

178 1990 209 2018 7.
235 1989 470 2030 Clzirograplzis]
504 1989 753 2029 Chirographum
770 1994 817 2019 est
831 1989 895 2030 pri-

134 2037 205 2061 vata
224 2031 339 2071 cautio,
364 2043 456 2062 manu
480 2031 610 2073 alicujus
631 2032 679 2062 vel
706 2032 820 2073 scripta
846 2033 895 2062 vel

135 2074 317 2115 subscripta.

178 2117 226 2148 Ib.
252 2117 286 2148 Se
301 2129 359 2148 uno
373 2123 488 2148 auctore
499 2118 649 2158 prolatis]
689 2117 779 2149 Solus
791 2117 895 2148 Anto-

134 2161 203 2191 nius
219 2162 284 2191 haec
301 2161 427 2191 dicebat
445 2172 512 2192 esse
529 2166 599 2190 acta
614 2161 754 2197 Caesaris‚
770 2172 838 2202 quae
855 2162 893 2191 ab

136 2204 277 2234 omnibus
293 2204 360 2234 aliis
376 2205 605 2245 ignorabantur.

180 2250 210 2278 9.
233 2246 271 2276 In
285 2257 323 2277 crs
337 2247 469 2288 incidit]
504 2247 542 2277 In
558 2257 598 2276 aes
615 2246 834 2278 incidebantur
849 2247 893 2278 le·

136 2300 202 2329 geS‚
219 2296 254 2320 ut
269 2295 428 2331 perpetuae
441 2295 643 2321 servarentur.

178 2332 227 2363 Ib.
250 2332 479 2374 Populijussa]
538 2333 737 2364 Plebis-scita
754 2340 786 2363 et
808 2333 894 2374 leges

133 2374 291 2415 intelligit.
345 2376 428 2406 Nam
455 2377 505 2406 lex
532 2382 580 2406 est
609 2377 752 2417 generale
772 2376 894 2417 jussum

134 2418 256 2458 populi,
270 2425 398 2458 rogante
415 2420 605 2459 magistratu.

179 2463 232 2492 13.
257 2460 327 2495 Quas
343 2467 437 2492 tamen
448 2463 540 2492 multo
550 2462 668 2502 plura]
707 2462 816 2502 Carpit
828 2462 896 2493 An-

136 2505 213 2534 tonii
233 2504 474 2545 improbitatem,
495 2505 549 2546 qui
571 2505 662 2543 longe
686 2505 774 2545 plura
800 2507 894 2535 bene-

135 2546 204 2577 ficia
228 2557 280 2577 seu
300 2547 509 2578 immunitates
536 2547 689 2588 promisit,
706 2548 799 2588 quam
825 2548 894 2589 ipse

137 2589 241 2620 Caesar
257 2590 449 2630 promiserat.

179 2635 231 2663 16.
255 2634 301 2663 Ad
318 2633 412 2674 Opis]
438 2633 476 2663 Id
493 2637 551 2671 est,
568 2633 607 2662 ad
625 2632 703 2673 Opis
720 2633 830 2668 reden),
845 2633 897 2664 ubi

134 2682 201 2706 erat
215 2677 365 2706 aerarium.
404 2676 473 2717 Ops
487 2682 591 2706 autem
606 2681 700 2706 mater
715 2682 762 2706 est
777 2676 894 2714 Deum,

135 2724 168 2749 et
185 2718 307 2759 Cybele
323 2719 449 2755 dicitur,
462 2725 494 2750 et
505 2719 596 2749 Bona
613 2719 696 2755 Dea,
708 2725 739 2749 et
756 2719 891 2751 Matuta.

177 2760 229 2792 Ib.
254 2762 385 2793 Cruenta
399 2762 482 2803 illm]
509 2762 636 2792 Mortuo
651 2762 711 2793 Cn.
727 2762 894 2803 Pompeio,

134 2809 168 2836 et
198 2805 339 2838 omnibus
370 2805 572 2847 Pompeianis
598 2805 784 2848 profligatis,
810 2807 893 2838 bona

936 1826 1039 1847 eorum
1057 1815 1159 1847 omnia
1175 1815 1205 1846 in
1223 1815 1329 1846 siccum
1353 1816 1479 1847 redacta
1494 1820 1577 1854 sunt,
1593 1822 1625 1847 et
1641 1817 1698 1848 de-

936 1866 1059 1900 portata
1075 1861 1113 1890 ad
1132 1860 1231 1889 aedem
1247 1859 1338 1901 Opis,
1354 1865 1388 1889 ut
1408 1859 1444 1890 iis
1469 1860 1603 1900 populus
1627 1859 1695 1890 Ro-

937 1913 1046 1933 manus
1062 1908 1208 1938 uteretur,
1224 1903 1248 1932 si
1264 1913 1340 1944 opus
1356 1903 1496 1934 haberet.
1559 1908 1562 1911 ’

980 1949 1032 1977 18.
1058 1947 1108 1976 Ea
1122 1956 1228 1986 quoque
1249 1947 1287 1976 sit
1306 1944 1424 1986 effusa]
1470 1945 1545 1976 Non
1559 1955 1697 1985 conque-

938 1987 1013 2018 ritur
1027 1989 1136 2019 Cicero
1154 1988 1334 2029 dissipatam
1351 1999 1418 2018 esse
1431 1988 1595 2028 pecuniam
1610 1989 1694 2020 illam

939 2032 978 2061 ab
1001 2033 1152 2068 Antonio,
1168 2032 1191 2062 si
1215 2031 1248 2061 in
1270 2031 1345 2061 actis
1361 2031 1490 2062 Caesaris
1513 2031 1696 2071 reperiatur,

939 2081 972 2104 ut
989 2075 1020 2104 in
1033 2076 1152 2117 aliquos
1167 2075 1383 2115 dissiparetur:
1401 2074 1590 2115 quamquam
1603 2085 1695 2115 grave

938 2118 1038 2148 scelus
1065 2120 1104 2149 ab
1126 2118 1180 2148 illo
1203 2117 1412 2153 committitur,
1428 2118 1453 2147 si
1473 2119 1515 2149 ad
1537 2118 1695 2150 arbitrium

937 2171 1038 2200 suum,
1054 2161 1131 2192 etin
1147 2171 1224 2201 quos
1238 2161 1380 2197 voluerit,
1395 2161 1571 2201 dissipetur.

982 2206 1032 2236 19.
1057 2204 1142 2239 Quod
1164 2211 1223 2234 tam
1244 2203 1358 2243 proprie*
1381 2205 1438 2235 dici
1457 2205 1545 2244 possit
1565 2204 1693 2245 actum]

937 2248 1054 2278 Probat
1070 2248 1155 2288 leges
1172 2258 1239 2277 esse
1258 2253 1328 2278 acta
1344 2257 1398 2287 per
1411 2247 1635 2278 inductionem.

979 2290 1028 2320 Ib.
1053 2290 1267 2332 Quitogatus]
1285 2289 1439 2320 Perillam
1450 2300 1558 2321 vocem
1568 2295 1694 2331 togatus,

939 2334 1025 2374 pacis
1040 2338 1162 2374 tempus
1176 2333 1333 2373 intelligit,
1347 2333 1420 2374 quia
1436 2339 1510 2364 tunc
1524 2333 1604 2373 togis
1627 2332 1695 2362 Ro·

939 2377 1023 2407 mani
1038 2377 1214 2413 utebantur,
1230 2382 1262 2406 et
1275 2377 1356 2417 sagis
1370 2376 1440 2407 belli
1456 2385 1606 2416 tempore.

982 2423 1035 2450 21.
1056 2421 1131 2450 Acta
1147 2419 1300 2460 Gracchi]
1330 2419 1422 2460 Legis
1435 2419 1504 2449 latae
1519 2419 1538 2448 a
1552 2418 1694 2462 Graccho

939 2467 1007 2492 acta
1023 2462 1090 2503 ejus
1106 2469 1187 2499 sunt,
1200 2473 1269 2504 quae
1283 2462 1322 2492 ab
1338 2461 1403 2502 ejus
1413 2462 1536 2492 nomine
1548 2462 1695 2502 Sempro-

937 2506 998 2535 niae
1013 2506 1104 2536 dictae
1119 2512 1206 2543 sunt3
1225 2516 1286 2535 non
1303 2505 1386 2535 enim
1401 2504 1419 2534 a
1435 2504 1624 2546 praenomine
1641 2509 1694 2534 aut

936 2549 1122 2588 cognomine
1138 2549 1384 2579 nominabantur.

983 2594 1035 2621 522.
1059 2591 1097 2621 In
1120 2593 1222 2632 quibus
1244 2593 1316 2621 actis
1335 2590 1499 2631 constitit?]
1554 2590 1694 2621 Tertium

939 2634 1047 2665 consul
1073 2634 1242 2676 Pompeius
1267 2633 1376 2664 multas
1406 2633 1490 2674 leges
1515 2633 1598 2670 tulit,
1623 2644 1694 2676 quae

939 2677 1006 2718 ejus
1023 2683 1093 2708 acta
1108 2678 1315 2719 appellantur.

980 2722 1033 2753 25.
1060 2719 1293 2763 Chii-og7=apha.]
1322 2719 1536 2761 Cliirographa
1557 2718 1610 2750 hic
1631 2719 1695 2761 sig-

935 2763 1065 2794 nificant
1079 2775 1126 2796 res
1141 2764 1318 2807 promissam,
1327 2768 1360 2795 et
1373 2763 1499 2807 propria
1513 2773 1606 2795 manu
1621 2765 1696 2795 suh-

934 2807 1080 2850 scriptas·
