1790 3090
75 156 164 199 372
770 156 862 190 PRo
885 155 1093 191 HGARIo.

158 229 433 287 contendam,
467 239 516 275 ut
543 233 629 276 hoc
657 234 845 290 populus
875 234 1098 275 Romanus
1127 230 1342 274 exaudiat.
1403 230 1617 288 Suscepto
1639 231 1728 274 bel-

158 295 217 345 lo,
256 293 416 342 Caesar,
449 296 572 348 gesto
608 290 738 332 etiam
771 305 823 332 ex
855 289 1015 347 magna
1045 295 1180 346 parte,
1210 289 1330 331 nulla
1364 288 1405 330 vi
1442 295 1636 340 coactus,
1661 289 1730 346 ju-

160 350 276 391 dicio
305 363 402 391 meo
439 363 491 390 ac
525 348 746 389 voluntate
779 348 834 390 ad
866 363 918 389 ea
942 361 1058 388 arma
1088 347 1306 403 profectus
1342 360 1452 398 sum,
1486 361 1582 402 quae
1613 351 1735 386 erant

162 413 333 462 sumpta
364 412 516 446 contra
544 411 602 446 te.
663 404 795 461 Apud
826 419 954 460 quem
984 403 1115 460 igitur
1143 403 1228 445 hoc
1258 403 1388 445 dico?
1427 401 1582 458 nempe
1617 401 1734 457 apud

92 462 143 502 15
163 478 274 514 eum,
293 462 380 518 qui,
413 462 609 503 cumhoc
628 461 771 511 sciret,
804 468 947 503 tamen
968 475 1051 512 me,
1082 467 1313 516 antequam
1335 459 1458 512 vidit,
1488 457 1734 515 reipublicae

161 519 376 571 reddidit3
406 519 481 575 qui
503 519 556 560 ad
578 533 646 560 me
667 533 720 559 ex
742 518 934 575 AEgypto
955 517 1100 559 literas
1121 517 1252 566 misit,
1284 522 1331 558 ut
1361 531 1502 558 essem
1521 515 1635 557 idem
1656 514 1732 572 qui

162 576 368 628 fuissem3
408 576 498 633 qui,
530 575 628 617 cum
658 575 752 632 ipse
783 575 1014 631 imperator
1034 574 1077 615 in
1099 580 1190 616 toto
1210 573 1390 629 imperio
1409 572 1558 630 populi
1578 572 1737 613 Roma»

161 633 207 674 ni
240 648 348 674 unus
382 640 510 685 esset,
543 648 638 674 esse
671 647 740 674 me
768 633 948 673 alterum
977 645 1132 688 passus
1165 637 1251 682 est3
1285 629 1310 671 a
1338 644 1440 686 quo,
1461 630 1545 672 hoc
1565 630 1661 686 ipso
1683 628 1735 670 C.

163 690 311 731 Pansa
341 690 445 731 mihi
475 690 672 731 nuntium
703 690 959 746 perferente,
991 702 1223 730 concessos
1256 687 1396 729 fasces
1429 688 1644 728 laureatos
1673 692 1738 727 te-

89 747 145 789 20
164 748 251 799 nui,
283 748 428 803 quoad
462 747 673 789 tenendos
711 746 886 803 putavi3
926 745 1000 802 qui
1039 745 1145 786 mihi
1186 752 1276 786 tum
1307 744 1493 800 denique
1531 758 1579 785 se
1623 743 1738 785 salu-

163 811 252 846 tem
282 805 449 859 putavit
479 805 668 855 reddere,
710 804 746 844 si
778 818 871 845 eam
901 802 1030 844 nullis
1064 801 1292 858 spoliatam
1334 800 1596 844 ornamentis
1636 799 1735 841 red-

165 862 297 903 deret.
358 861 485 912 Vide,
517 875 678 916 quaeso,
708 860 892 910 Tubero,
924 866 986 912 ut,
1018 859 1091 915 qui
1113 859 1166 900 de
1186 873 1283 900 meo
1304 858 1419 901 facto
1439 873 1527 899 non
1546 856 1777 918 dubitem,

166 918 324 969 dicere,
356 918 409 958 de
432 917 589 972 Ligarii
611 931 698 958 non
726 917 908 958 audeam
938 915 1147 958 confiteri.
1207 916 1352 972 Atque
1388 915 1481 956 haec
1513 912 1783 972 propterea&

167 975 220 1016 de
251 989 320 1018 me
352 973 458 1027 dixi,
488 980 538 1016 ut
567 973 673 1016 mihi
703 973 889 1025 Tubero,
920 972 1019 1015 cum
1050 973 1104 1016 de
1135 987 1181 1015 se
1212 974 1363 1016 eadem
1384 973 1586 1028 dicerem,
1617 971 1739 1034 igno-

212 1311 267 1341 11.
290 1307 422 1348 Suscepto
436 1308 533 1350 bella]
590 1307 701 1340 Libere
717 1307 829 1339 Cicero
841 1318 930 1339 suum

167 1351 284 1382 factum
301 1352 477 1390 confitetur,
493 1359 538 1389 ut,
552 1352 626 1383 inde
642 1352 840 1383 clementiam
861 1351 932 1383 Cae-

167 1396 244 1425 saris
257 1395 448 1432 extollendo,
472 1395 538 1436 ejus
559 1396 696 1426 animum
719 1395 844 1436 Ligario
858 1406 933 1426 con-

167 1438 269 1477 ciliet;
294 1437 365 1469 cum
380 1438 536 1479 enimjam
547 1451 584 1469 ex
595 1438 705 1480 magna
717 1444 804 1479 parte
818 1439 934 1471 bellum

168 1481 246 1511 illud
276 1481 367 1512 civile
393 1488 513 1522 gestum
538 1487 632 1517 esset,
663 1481 754 1523 pulso
781 1492 818 1512 ex
842 1481 935 1514 Italia

170 1524 336 1564 Pompeio,
349 1530 381 1554 et
396 1526 536 1564 profecto
552 1526 582 1556 in
599 1525 784 1566 Hispaniam
796 1525 931 1564 Caesare,

169 1567 281 1598 Cicero
298 1568 420 1606 trajecit
434 1569 468 1598 in
493 1568 647 1600 Graeciam
671 1568 711 1598 ad
736 1568 936 1609 Pompeium,

168 1615 206 1640 ut
220 1611 312 1640 refert
326 1609 524 1648 Plutarchus,
541 1617 572 1642 et
587 1616 621 1642 ut
636 1622 673 1642 ex
688 1611 791 1652 Epist.
809 1611 877 1645 Cic.
893 1614 934 1644 ad

170 1653 241 1685 Att.
259 1658 358 1694 patet.

215 1698 267 1727 15.
312 1696 436 1736 Reipub.
459 1698 613 1740 reddidit]
673 1696 768 1728 Victo
798 1699 937 1730 debella-

169 1744 265 1779 toque
282 1738 447 1779 Pompeio,
467 1741 609 1781 permisit
624 1739 770 1772 Ciceroni
784 1741 889 1773 Caesar
905 1748 939 1773 ut

168 1782 284 1812 rediret
296 1783 328 1812 in
345 1782 485 1823 patriam.

215 1826 266 1856 16.
301 1824 347 1854 Ex
374 1825 503 1866 AEgypto
535 1826 633 1856 literas
667 1826 769 1866 misit]
819 1828 934 1864 Caesar,

168 1873 242 1908 post
256 1868 370 1898 victum
386 1868 584 1908 Pompeium,
602 1869 730 1900 venitin
745 1870 935 1912 AEgyptum,

169 1911 223 1940 ubi
248 1921 361 1941 novem
391 1922 511 1941 menses
547 1912 617 1942 suit.
649 1912 789 1954 Appian.
818 1914 872 1946 lib.
905 1918 936 1946 2.

169 1953 256 1984 Hinc
268 1964 323 1994 per
337 1954 536 1984 Philotimum
549 1954 672 1995 scripsit
682 1957 720 1986 ad
734 1956 935 1996 Ciceroncn13

170 1996 258 2035 cujus
281 1997 384 2027 literas
408 1997 528 2033 laudat,
558 1997 612 2027 lib.
636 2000 688 2030 14.
711 1999 807 2029 famil.
832 2000 935 2040 Epist.

170 2039 228 2070 ult.
258 2039 410 2070 Oraverat
439 2044 542 2070 autem
576 2040 687 2072 Cicero
716 2040 857 2072 Atticum
882 2053 938 2084 per

169 2082 286 2119 literas,
316 2088 350 2113 ut
378 2083 447 2123 ipse
477 2083 518 2114 ad
549 2083 697 2123 Balbum,
729 2085 875 2122 Pansam,
907 2091 938 2116 et

170 2125 321 2162 Hirtium,
349 2126 507 2162 scriberet,
532 2132 564 2156 ut
589 2138 645 2168 pro
661 2138 693 2158 se
710 2127 865 2159 Caesarem
882 2130 939 2159 de-

171 2174 383 2209 precarentur,
406 2169 478 2211 quia
494 2170 579 2210 apud
595 2180 666 2201 eum
679 2170 827 2202 valebant
849 2172 939 2205 fami-

174 2212 319 2242 liaritate.

216 2255 265 2286 Ib.
292 2255 332 2286 Ut
342 2265 424 2285 essem
439 2256 514 2285 idem
527 2256 577 2295 qui
588 2254 741 2298 fuissem]
797 2257 944 2289 Permisit

173 2297 278 2329 Caesar
293 2303 327 2328 ut
342 2298 453 2329 Cicero
467 2309 552 2329 suam
568 2299 728 2339 pristinam
740 2300 935 2341 dignitatem,

172 2351 267 2380 quarn
277 2341 376 2372 fuerat
386 2346 458 2372 ante
468 2341 583 2372 bellurn
597 2348 766 2379 assecutus,
779 2344 934 2375 retineret.

218 2385 270 2415 17.
293 2385 363 2420 Qui,
379 2385 444 2415 crim
460 2387 516 2424 ipse
531 2386 712 2426 imper-arma]
757 2386 865 2418 Duces
880 2399 937 2418 no-

173 2426 257 2456 mine
281 2427 476 2467 imperatoris
492 2428 716 2458 decorabantur
734 2430 772 2459 ab
788 2431 937 2467 exercitu,

173 2470 329 2499 communi
346 2470 475 2500 militum
491 2481 654 2510 consensu,
677 2472 730 2512 qui
740 2472 809 2503 illos
825 2473 937 2513 dignos

172 2512 304 2552 imperio
321 2512 516 2553 judicabant.
576 2514 654 2544 Haec
677 2520 782 2545 autern
797 2516 937 2557 appella-

173 2555 267 2586 tionis
283 2555 417 2596 dignitas
433 2556 469 2586 iis
484 2557 725 2595 concedebatur,
747 2558 802 2600 qui
824 2560 936 2590 decem

172 2599 335 2629 hominum
349 2598 440 2628 millia
457 2599 654 2629 cecidissent.

217 2644 269 2671 18.
296 2641 346 2671 Me
366 2642 489 2671 alterum
506 2652 606 2681 passus
620 2643 686 2683 est.]
733 2642 855 2680 Cicero.
869 2645 936 2677 Ser.

174 2685 314 2725 Sulpicio
337 2689 368 2721 et
391 2685 440 2715 M.
461 2684 611 2716 Marcello
629 2686 717 2717 Coss.
740 2687 771 2716 in
788 2687 933 2719 Ciliciam

173 2728 337 2767 proconsul
360 2728 467 2758 missus
491 2728 557 2766 est;
584 2729 636 2759 ubi
662 2729 736 2759 vicit
757 2728 934 2768 Armenios,

173 2776 206 2800 et
222 2771 439 2801 Pindenissum
453 2772 558 2802 urbem
574 2773 669 2812 cepit.
717 2773 823 2804 Gessit
840 2775 933 2805 etiam

170 2813 286 2846 bellum
309 2825 379 2847 cum
400 2814 581 2854 latronibu5‚
603 2815 659 2858 qui
673 2814 830 2850 Amanum
845 2828 933 2851 mon-

972 1313 1037 1340 tem
1049 1309 1216 1348 tenebant3
1240 1308 1304 1352 qua
1319 1309 1359 1342 de
1374 1308 1469 1342 causa
1480 1308 1501 1340 ὃ,
1514 1308 1663 1340 militibus
1672 1308 1738 1340 Im-

975 1358 1099 1394 perator
1114 1353 1290 1394 appellatus
1302 1359 1360 1384 est.
1404 1353 1499 1384 Anno
1514 1358 1679 1395 sequente,
1701 1353 1740 1384 L.

977 1396 1077 1427 Paulo
1099 1401 1131 1426 et
1155 1397 1193 1428 C.
1207 1397 1361 1428 Marcello
1378 1396 1467 1428 Coss.
1489 1397 1507 1428 ὲ
1530 1396 1688 1438 provincia
1710 1397 1743 1427 in

977 1439 1102 1470 Italiam
1118 1450 1259 1471 reversus
1275 1446 1334 1476 est,
1345 1445 1376 1471 et
1389 1441 1506 1471 Urbem
1519 1439 1743 1475 accessit,cum

974 1482 1041 1523 jam
1074 1483 1227 1523 (Lentulo
1257 1489 1290 1514 et
1315 1483 1469 1514 Marcello
1494 1482 1600 1523 Coss.)
1624 1482 1742 1513 bellum

978 1526 1071 1556 civile
1082 1527 1249 1557 conflatum
1263 1532 1361 1565 esset3
1384 1527 1450 1563 sed,
1466 1525 1540 1567 quia
1550 1536 1613 1556 non
1625 1525 1743 1556 Urbem

982 1569 1135 1609 ingressus
1146 1575 1205 1606 est,
1227 1569 1389 1611 imperium
1405 1569 1541 1606 retinuit,
1566 1573 1599 1599 et
1611 1579 1746 1610 procon-

980 1612 1026 1643 sul
1042 1613 1197 1644 remansit.
1241 1612 1374 1644 Tamdiu
1402 1614 1485 1644 enim
1505 1612 1671 1653 imperium
1694 1622 1744 1642 re-

980 1655 1132 1691 tinebant,
1162 1656 1265 1697 quoad
1294 1656 1428 1687 Romam
1462 1655 1594 1696 ingressi
1628 1654 1743 1687 essent.

981 1699 1143 1729 Habemus
1166 1705 1282 1735 autem,
1306 1710 1343 1729 ex
1358 1699 1412 1729 lib.
1429 1699 1531 1739 Epist.
1545 1699 1585 1728 ad
1602 1697 1745 1729 Atticum

981 1752 1078 1776 nono,
1086 1741 1251 1783 epistolam
1260 1747 1401 1783 tempore
1410 1742 1484 1773 belli
1494 1741 1592 1772 civilis
1599 1741 1745 1782 scriptam

983 1785 1022 1814 ad
1035 1784 1228 1822 Ciceronem,
1241 1784 1328 1825 cujus
1340 1785 1486 1816 salutatio
1498 1784 1540 1815 sic
1555 1784 1744 1815 inscribitur:

979 1827 1018 1860 L.
1057 1828 1208 1858 Cornelius
1246 1828 1356 1858 Balbus
1392 1828 1439 1860 M.
1480 1827 1577 1858 Tullio
1615 1827 1746 1858 Ciceroni

979 1870 1151 1910 Imperatori
1187 1871 1306 1901 salutem
1323 1882 1333 1908 ,·
1378 1876 1410 1902 et
1446 1870 1501 1901 lib.
1540 1872 1592 1901 10.
1652 1870 1747 1901 Coesar

980 1913 1139 1952 Imperator
1176 1912 1222 1944 Μ.
1264 1913 1360 1944 Tullio
1399 1913 1529 1944 Ciceroni
1565 1913 1743 1954 Imperatori

978 1958 1113 1988 salutem.

1025 2002 1077 2030 19.
1117 1998 1216 2030 Fasces
1245 2000 1416 2040 laureatos]
1463 1999 1669 2032 Proconsutes
1693 2010 1746 2032 sex

981 2042 1106 2074 lictores
1121 2044 1313 2080 habuerunt;
1337 2043 1391 2084 qui
1406 2042 1483 2085 ipsis
1497 2042 1596 2075 fasces
1611 2052 1682 2075 curn
1698 2054 1747 2076 se-

983 2085 1104 2117 curibus
1119 2087 1335 2127 praeferebant,
1350 2091 1519 2128 sontesque
1535 2086 1627 2128 virgis
1643 2087 1745 2119 caede-

981 2129 1069 2166 bant,
1093 2134 1126 2159 et
1149 2130 1249 2160 securi
1271 2129 1434 2166 feriebant,
1457 2135 1492 2160 ut
1509 2130 1604 2160 refert
1623 2129 1747 2161 Plutar-

983 2173 1059 2203 chus
1086 2172 1120 2202 in
1150 2171 1242 2203 Rom.
1301 2171 1366 2209 Qui
1399 2178 1503 2203 autern
1537 2171 1775 2213 Imperatores·

983 2215 1109 2246 fuerunt
1131 2215 1292 2256 appellati,
1314 2216 1446 2257 insignia
1466 2217 1581 2248 laureae
1601 2216 1749 2254 fascibus,

986 2259 1212 2299 adjungebant.

1024 2304 1077 2333 ⁶20.
1109 2302 1213 2336 Quoad
1229 2302 1361 2333 tenendus
1370 2302 1502 2344 putavi]
1546 2302 1661 2333 Tenuit
1674 2313 1746 2334 suos

979 2344 1078 2375 fasces
1095 2345 1204 2376 Cicero
1227 2356 1326 2386 usque
1349 2347 1389 2376 ad
1410 2356 1548 2376 mensem
1564 2345 1747 2382 Octobrem,

980 2388 1104 2419 Caesare
1129 2388 1241 2419 iterum
1265 2389 1436 2427 dictatore3
1458 2399 1522 2430 quo
1542 2393 1683 2429 tempore
1704 2391 1745 2420 ad

979 2437 1100 2471 portam
1117 2442 1170 2462 eos
1185 2431 1312 2472 abjecit,
1336 2437 1368 2462 et
1384 2432 1499 2463 Urbem
1514 2431 1669 2471 ingressus
1685 2437 1745 2468 est,

981 2475 1148 2514 postquam
1171 2485 1224 2505 eos
1247 2484 1318 2505 cum
1340 2475 1469 2517 imperio
1491 2484 1589 2505 annus
1612 2480 1745 2516 quatuor

982 2517 1141 2548 tenuisset.

1025 2562 1078 2590 22.
1105 2561 1186 2596 Vide,
1214 2570 1314 2600 quaeso,
1344 2559 1477 2599 Tubero]
1526 2560 1588 2591 Per
1610 2561 1745 2602 epipho-

978 2612 1081 2639 nema,
1113 2604 1154 2634 ad
1178 2603 1372 2634 Tuberonem
1397 2603 1551 2634 convertit
1574 2604 1745 2635 orationem

979 2656 1076 2681 suam,
1099 2650 1129 2677 et
1154 2646 1210 2683 ait,
1233 2647 1257 2676 si
1284 2647 1324 2677 de
1349 2657 1404 2678 suo
1429 2647 1512 2678 facto
1537 2658 1601 2678 non
1623 2647 1746 2678 dubitat

977 2689 1129 2724 confiteri,
1164 2694 1196 2720 et
1231 2689 1292 2730 ipsi
1328 2690 1448 2731 ignovit
1481 2690 1598 2727 Caesar,
1631 2689 1744 2732 quidni

978 2732 1091 2773 Ligarii
1120 2733 1235 2763 factum
1266 2743 1394 2777 quoque
1420 2733 1502 2766 ausit
1533 2732 1688 2774 confiteri,
1709 2738 1745 2775 ut

977 2776 1083 2809 eidem
1094 2776 1256 2818 ignoscat?
1678 2777 1682 2781 ’
