1790 3090
110 195 199 238 438
813 197 1077 233 PHILIPPICA
1099 198 1149 232 11.

201 274 319 329 rens)
341 292 439 320 cum
461 275 537 318 tibi
559 273 730 333 objecta
749 274 807 317 sit
839 276 1032 333 kspecies
1054 275 1283 333 singularis
1303 275 1399 329 viri,
1427 277 1699 332 perterritum
1721 283 1765 319 te

123 328 183 371 75
200 335 257 376 de
278 350 429 376 somno
451 333 644 384 excitari,
662 332 800 374 furere
817 333 947 375 etiam
965 332 1078 390 saepe
1093 333 1360 389 vigilantem.
1403 333 1479 374 Me
1495 333 1672 390 quidem
1690 335 1766 376 mi-

41 421 68 442 l,
202 398 317 433 seret
345 391 557 446 parietum
586 389 776 446 ipsorum
802 396 929 446 atque
953 397 1184 434 tectorum:
1216 390 1321 445 quid
1342 389 1455 431 enim
1477 404 1667 446 unquam
1689 391 1765 432 do-

204 463 299 488 mus
317 448 390 488 illa
403 448 585 498 viderat,
606 446 686 487 nisi
703 445 922 501 pudicum,
944 446 1026 487 nisi
1042 461 1093 487 ex
1108 447 1270 502 optimo
1288 462 1406 488 more
1427 453 1471 487 et
1492 446 1765 488 sanctissimi}

205 504 459 560 disciplina?
504 503 604 543 Fuit
621 502 732 543 enim
748 503 819 544 ille
836 503 912 552 vir,
930 503 981 544 P.
998 503 1049 544 C.
1068 503 1200 558 (sicut
1213 503 1350 555 scitis)
1370 502 1468 544 cum
1490 503 1592 544 foris
1609 504 1765 554 clarus,

205 567 297 601 tum
319 560 435 601 domi
457 559 758 609 admirandum
789 574 929 615 neque
963 560 1088 601 rebus
1119 560 1306 600 externis
1339 561 1477 616 magis
1511 560 1766 610 laudandus,

96 647 100 653 .
128 613 186 656 80
205 616 334 674 quam
350 616 560 659 institutis
579 616 845 658 domesticis.
868 616 1009 672 Hujus
1024 616 1069 657 in
1086 616 1251 658 aedibus
1266 631 1341 671 pro
1357 616 1568 658 cubiculis
1583 616 1767 672 stabula,
1784 631 1788 639 ¹·

204 689 281 752 pro
300 673 498 715 tricliniis
513 674 684 729 popinae
698 679 810 714 sunt.
843 672 1038 729 Etsijam
1052 680 1197 729 negat.
1229 673 1391 720 Nolite,
1413 673 1546 714 nolite
1564 670 1767 729 quaerere.

229 731 360 786 Frugi
375 732 515 772 factus
530 737 615 781 est3
646 729 820 770 mimam
837 729 954 770 illam
972 744 1092 770 suam
1111 736 1244 770 msuas
1266 743 1331 770 res
1350 729 1434 770 sibi
1452 729 1608 770 habere
1618 729 1766 784 jussit,

206 802 257 828 ex
291 786 536 828 Duodecim
562 785 762 838 Tabulis3
794 787 936 827 claves
967 785 1143 837 ademit,
1174 786 1376 841 forasque
1404 785 1562 841 exegit.
1623 784 1767 834 Quam

205 843 332 898 porro
347 850 567 899 spectatus
588 842 709 893 civis,
733 842 864 898 quam
882 842 1105 898 probatus,
1127 843 1250 897 cujus
1269 857 1320 883 ex
1339 842 1455 883 omni
1473 841 1562 883 vita
1578 841 1685 883 nihil
1703 847 1770 883 est

131 897 187 939 85
206 900 445 952 honestiuS‚
466 900 593 955 quam
615 898 732 956 quod
754 913 852 940 cum
869 898 999 940 mima
1020 899 1125 941 fecit
1146 898 1392 941 divortium!

380 1071 546 1124 kimago
568 1070 771 1123 Pompeii.

0 1213 199 1307 m
250 1265 302 1293 80.
325 1261 476 1302 Stabula]
512 1258 674 1291 Stabulum
685 1257 778 1289 mod&
795 1268 850 1300 pro
866 1246 975 1291 diret-²

206 1306 299 1340 sulio,
324 1305 414 1336 mod&
432 1315 487 1345 pro
504 1303 658 1345 lupanari,
682 1302 820 1332 sumitur.

250 1351 303 1378 81.
330 1347 503 1388 Trio-liniis]
557 1345 706 1376 Triclinia
730 1346 799 1375 loca
828 1350 910 1381 sunt,
933 1345 966 1375 in

206 1392 320 1432 quibus
332 1392 484 1421 habentur
498 1389 654 1425 convivia,
677 1388 750 1418 inde
767 1388 863 1424 dicta,
880 1388 965 1429 qudd

205 1435 237 1464 in
255 1434 291 1464 iis
308 1434 418 1476 triplex
437 1437 521 1464 esset
541 1432 639 1464 lectus
663 1432 702 1462 ad
719 1432 966 1462 accumbendum

206 1487 332 1507 mensis.

249 1519 301 1552 lb.
325 1517 554 1559 PopinaesuntJ
598 1517 731 1561 Popinae
747 1516 816 1547 loca
830 1521 911 1552 sunt,
934 1516 968 1546 in

206 1562 318 1602 quibus
340 1562 402 1592 cibi
424 1562 650 1593 concinnantur
670 1565 701 1591 et
717 1560 912 1597 venduntur3
937 1564 969 1590 et

206 1605 405 1636 diversorium
422 1610 470 1635 est
483 1603 620 1634 libidinis
637 1609 668 1634 et
685 1603 774 1643 gulae.

250 1648 300 1679 lb.
345 1648 410 1678 Etsi
431 1649 497 1690 jum
526 1647 639 1688 megan]
686 1645 842 1676 Antonius
871 1649 965 1686 negat

204 1691 271 1721 haec
287 1692 392 1721 omnia
406 1706 413 1727 ς
439 1690 533 1732 quari}
546 1700 608 1722 non
625 1694 672 1720 est
688 1690 728 1721 de
745 1688 808 1719 istis
825 1699 964 1730 quaeren-

204 1734 278 1765 dum
295 1732 437 1777 amplius.

940 1068 1212 1111 moderatus.

1378 1075 1404 1093 ¹¹¹
1415 1071 1592 1123 empuli&

1055 1262 1108 1291 82.
1154 1259 1228 1291 Suas
1241 1270 1284 1291 res
1298 1260 1350 1290 sibi
1364 1259 1587 1301 haber-ejusde]
1643 1260 1772 1293 Iudicat

1012 1303 1135 1340 Cicero,
1160 1303 1238 1334 inter
1254 1303 1425 1334 Antonium
1442 1308 1473 1333 et
1485 1303 1609 1333 mimam
1624 1303 1770 1345 Cytheri-

1011 1347 1081 1377 dem
1106 1347 1220 1376 sactum
1245 1357 1311 1377 esse
1331 1346 1517 1384 divortiu1u3
1541 1356 1611 1376 nam
1635 1346 1701 1378 liaec
1722 1347 1771 1377 di-

1009 1389 1175 1420 vortiorum
1197 1389 1328 1419 formula
1343 1389 1420 1419 fuit:
1445 1391 1499 1421 Res
1514 1395 1580 1420 tuas
1594 1389 1645 1420 tibi
1660 1389 1770 1420 habeto.

1011 1432 1105 1468 Item,
1130 1432 1186 1462 Res
1201 1438 1268 1462 tuas
1280 1433 1332 1462 tibi
1346 1433 1436 1472 agito.

1056 1477 1108 1506 83.
1134 1474 1178 1504 Ex
1190 1474 1348 1505 Duodecim
1361 1474 1504 1514 Tabulis]
1540 1473 1588 1504 Ex
1600 1474 1670 1515 lege
1681 1474 1774 1505 Duo-

1012 1518 1114 1548 decim
1129 1517 1329 1554 Tabularum,
1353 1518 1392 1548 ad
1408 1517 1586 1548 faciendum
1603 1518 1770 1549 divortium

1013 1571 1107 1592 causa
1123 1566 1188 1590 erat
1202 1561 1399 1601 exponenda,
1422 1570 1522 1601 eaque
1533 1559 1629 1601 justa.

1050 1603 1100 1634 lb.
1126 1603 1224 1633 Claves
1239 1604 1373 1644 ademit]
1427 1602 1507 1633 Cum
1523 1602 1655 1644 primum
1673 1604 1773 1635 mariti

1009 1646 1135 1677 domuin
1151 1646 1292 1677 mulieres
1308 1645 1573 1687 ingrediebantur,
1596 1646 1632 1676 iis
1650 1646 1668 1676 a
1682 1647 1772 1677 mari-

1009 1694 1040 1719 to
1056 1689 1158 1720 claves
1175 1689 1339 1725 dabantur,
1363 1689 1476 1729 quibus
1498 1688 1693 1720 indicabatur
1716 1701 1769 1721 eas

1010 1731 1120 1764 domus
1136 1732 1251 1762 habere
1272 1737 1470 1774 potestatem.

544 1934 661 1982 Quid
676 1934 809 1987 egerit
830 1932 1051 1974 Antonius
1067 1934 1114 1973 in
1126 1930 1303 1986 privat&
1323 1933 1424 1972 υἱίᾶ.

266 2104 344 2146 ΧΙ.
379 2104 439 2146 At
460 2102 589 2160 quam
610 2101 759 2145 crebro
779 2108 969 2158 usurpat,
992 2104 1056 2145 Et
1076 2105 1241 2153 consul,
1264 2108 1303 2144 et
1317 2102 1564 2145 Antonius!
1597 2102 1682 2144 hoc
1703 2108 1771 2144 est

207 2162 366 2213 dicere,
386 2168 429 2203 et
442 2161 605 2212 consul,
629 2167 671 2201 et
685 2159 1073 2215 impudicissimus3
1106 2167 1149 2201 et
1166 2160 1332 2211 consul,
1355 2166 1398 2201 et
1410 2160 1539 2201 homo
1558 2159 1769 2215 nequissi-

206 2234 321 2260 mus:
345 2218 449 2275 quid
464 2217 577 2258 enim
592 2224 657 2258 est
670 2217 787 2257 aliud
801 2217 1045 2257 Antonius?
1067 2231 1180 2268 nam,
1195 2216 1231 2257 si
1249 2216 1436 2271 dignitas
1454 2215 1767 2272 significaretur

205 2275 249 2316 in
266 2275 454 2326 nomine,
473 2273 656 2315 dixisset
668 2273 835 2325 (credo)
857 2273 1089 2329 aliquando
1103 2288 1207 2314 avus
1224 2280 1337 2324 tuus,
1358 2275 1422 2314 Et
1438 2275 1602 2327 consul,
1620 2279 1661 2314 et
1675 2273 1768 2314 Λη-

159 2330 187 2369 5
205 2335 366 2373 tonius.
389 2331 622 2386 Nunquam
632 2330 755 2371 dixit.
780 2330 977 2371 Dixisset
992 2329 1121 2371 etiam
1135 2330 1304 2385 collega
1313 2335 1632 2385 meus,patruus
1646 2335 1765 2371 tuus:

204 2388 287 2430 nisi
308 2394 355 2431 tu
375 2389 493 2430 solus
514 2402 559 2429 es
583 2386 812 2429 Antonius.

247 2548 278 2576 1.
322 2545 362 2575 At
387 2545 472 2584 (Ιιιὰηι
503 2544 598 2576 crebri)
623 2549 759 2584 usurpat,
794 2543 835 2573 Et
864 2545 962 2575 consul

200 2595 229 2619 et
265 2588 443 2628 Antonius!]
503 2587 534 2617 A
566 2587 724 2617 notatione
761 2587 894 2617 nominis
931 2587 962 2617 in

193 2631 351 2661 ‘invidiam
379 2631 471 2661 trahit
499 2629 683 2665 Antonium,
724 2630 870 2670 quoniam
895 2631 962 2671 ipse

201 2685 313 2704 nomen
341 2684 429 2704 suum
454 2677 485 2703 et
509 2672 692 2713 dignitatem
721 2673 752 2702 in
778 2673 898 2713 legibus
932 2679 963 2703 et

201 2717 313 2747 edictis
339 2716 528 2756 usurpabat3
570 2725 632 2745 non
663 2715 746 2745 enirn
775 2717 873 2746 consul
898 2716 962 2746 An-

199 2762 306 2795 tonius,
333 2760 387 2790 sed
421 2759 521 2789 consul
549 2764 576 2788 et
604 2759 761 2796 Antonius,
792 2759 831 2789 ad
863 2758 961 2799 majo-

198 2812 262 2833 rem
279 2802 336 2833 sibi
358 2802 571 2835 auctoritatem
594 2801 834 2840 conciliandam,
861 2812 961 2844 appo-

197 2847 304 2878 nebat.

874 2387 959 2428 Sed
984 2387 1135 2429 omitto
1158 2401 1208 2428 ea
1224 2393 1419 2444 peccata,
1442 2401 1536 2444 quae
1556 2400 1641 2445 non
1664 2392 1765 2428 sunt

1048 2547 1080 2576 3.
1103 2545 1134 2575 Si
1149 2545 1306 2586 dignitas]
1340 2544 1373 2575 Si
1388 2543 1491 2585 aliqua
1506 2543 1614 2574 fuisset
1630 2543 1766 2585 dignitas

1007 2587 1038 2617 in
1055 2588 1184 2618 Antonii
1200 2588 1336 2623 nomine,
1361 2597 1436 2617 avus
1456 2585 1521 2626 ejus
1546 2587 1594 2617 M.
1611 2587 1768 2618 Antonius

1004 2635 1116 2666 orator,
1141 2631 1194 2671 qui
1206 2630 1313 2660 consul
1326 2630 1394 2667 fuit,
1419 2629 1546 2660 dixisset
1561 2640 1593 2660 se
1609 2635 1641 2661 et
1653 2641 1764 2661 consu-

1005 2673 1064 2703 lem
1082 2679 1113 2703 et
1128 2673 1311 2704 Antonium.

1049 2717 1080 2748 5.
1104 2715 1264 2756 Patruus]
1312 2714 1351 2746 C.
1367 2714 1536 2755 Antonius,
1559 2717 1696 2757 quicum
1714 2716 1767 2748 Ci-

1004 2768 1117 2789 cerone
1131 2758 1238 2789 consul
1254 2757 1321 2788 fuit.

1048 2804 1078 2832 6.
1125 2801 1192 2831 Nisi
1216 2807 1250 2832 ιιι
1275 2802 1350 2831 solus
1373 2802 1428 2843 es.]
1474 2801 1514 2834 Id
1535 2806 1595 2843 est,
1619 2803 1770 2834 nisidicas

1005 2844 1094 2876 solum
1112 2850 1138 2876 te
1152 2845 1299 2876 nominari
1312 2844 1486 2878 Antonium.
