<?xml version="1.0" encoding="UTF-8"?>
<!DOCTYPE html PUBLIC "-//W3C//DTD XHTML 1.0 Transitional//EN"
    "http://www.w3.org/TR/xhtml1/DTD/xhtml1-transitional.dtd">
<html xmlns="http://www.w3.org/1999/xhtml" xml:lang="en" lang="en">
 <head>
  <title>
</title>
<meta http-equiv="Content-Type" content="text/html;charset=utf-8" />
  <meta name='ocr-system' content='tesseract 3.04.00' />
  <meta name='ocr-capabilities' content='ocr_page ocr_carea ocr_par ocr_line ocrx_word'/>
</head>
<body>
  <div class='ocr_page' id='page_1' title='image "./selectaeoratione00ciceuoft_0226.png"; bbox 0 0 1790 3090; ppageno 0'>
   <div class='ocr_carea' id='block_1_1' title="bbox 43 117 125 161">
    <p class='ocr_par' dir='ltr' id='par_1_1' title="bbox 43 117 125 161">
     <span class='ocr_line' id='line_1_1' title="bbox 43 117 125 161; baseline 0 0"><span class='ocrx_word' id='word_1_1' title='bbox 43 117 125 161; x_wconf 89' lang='grc'>186</span> 
     </span>
    </p>
   </div>
   <div class='ocr_carea' id='block_1_2' title="bbox 44 421 547 479">
    <p class='ocr_par' dir='ltr' id='par_1_2' title="bbox 44 421 547 479">
     <span class='ocr_line' id='line_1_2' title="bbox 44 421 547 479; baseline 0 -18"><span class='ocrx_word' id='word_1_2' title='bbox 44 421 100 462; x_wconf 83' lang='lat'>25</span> <span class='ocrx_word' id='word_1_3' title='bbox 120 421 289 479; x_wconf 79' lang='lat' dir='ltr'>gladiis,</span> <span class='ocrx_word' id='word_1_4' title='bbox 311 421 547 462; x_wconf 82' lang='lat' dir='ltr'>consecuti.</span> 
     </span>
    </p>
   </div>
   <div class='ocr_carea' id='block_1_3' title="bbox 727 116 1055 155">
    <p class='ocr_par' dir='ltr' id='par_1_3' title="bbox 727 116 1055 155">
     <span class='ocr_line' id='line_1_3' title="bbox 727 116 1055 155; baseline -0.006 -3"><span class='ocrx_word' id='word_1_5' title='bbox 727 117 819 155; x_wconf 84' lang='lat' dir='ltr'>PRO</span> <span class='ocrx_word' id='word_1_6' title='bbox 843 116 1055 153; x_wconf 83' lang='lat' dir='ltr'>MURENA.</span> 
     </span>
    </p>
   </div>
   <div class='ocr_carea' id='block_1_4' title="bbox 116 190 1674 419">
    <p class='ocr_par' dir='ltr' id='par_1_4' title="bbox 116 190 1674 419">
     <span class='ocr_line' id='line_1_4' title="bbox 116 190 1670 247; baseline -0.002 -10"><span class='ocrx_word' id='word_1_7' title='bbox 116 193 244 246; x_wconf 80' lang='lat' dir='ltr'>sidio,</span> <span class='ocrx_word' id='word_1_8' title='bbox 267 200 311 237; x_wconf 90' lang='lat' dir='ltr'>et</span> <span class='ocrx_word' id='word_1_9' title='bbox 336 193 390 237; x_wconf 87' lang='lat' dir='ltr'>de</span> <span class='ocrx_word' id='word_1_10' title='bbox 412 191 611 236; x_wconf 67' lang='lat' dir='ltr'>custodia</span> <span class='ocrx_word' id='word_1_11' title='bbox 631 193 834 247; x_wconf 89' lang='lat' dir='ltr'>civitatis,</span> <span class='ocrx_word' id='word_1_12' title='bbox 855 195 1007 237; x_wconf 83' lang='lat' dir='ltr'>vestris</span> <span class='ocrx_word' id='word_1_13' title='bbox 1029 191 1252 235; x_wconf 83' lang='lat' dir='ltr'>sententiis</span> <span class='ocrx_word' id='word_1_14' title='bbox 1274 190 1488 234; x_wconf 85' lang='lat' dir='ltr'>deturbari</span> <span class='ocrx_word' id='word_1_15' title='bbox 1508 192 1670 235; x_wconf 87' lang='lat' dir='ltr'>volunt.</span> 
     </span>
     <span class='ocr_line' id='line_1_5' title="bbox 118 249 1671 308; baseline -0.002 -15"><span class='ocrx_word' id='word_1_16' title='bbox 118 252 310 301; x_wconf 88' lang='lat' dir='ltr'>Quorum</span> <span class='ocrx_word' id='word_1_17' title='bbox 323 266 403 308; x_wconf 83' lang='lat' dir='ltr'>ego</span> <span class='ocrx_word' id='word_1_18' title='bbox 419 252 571 292; x_wconf 89' lang='lat' dir='ltr'>ferrum</span> <span class='ocrx_word' id='word_1_19' title='bbox 589 257 632 292; x_wconf 91' lang='lat' dir='ltr'>et</span> <span class='ocrx_word' id='word_1_20' title='bbox 646 252 870 293; x_wconf 80' lang='lat' dir='ltr'>audaciam</span> <span class='ocrx_word' id='word_1_21' title='bbox 887 251 1016 307; x_wconf 86' lang='lat' dir='ltr'>rejeci</span> <span class='ocrx_word' id='word_1_22' title='bbox 1030 250 1073 291; x_wconf 90' lang='lat' dir='ltr'>in</span> <span class='ocrx_word' id='word_1_23' title='bbox 1087 250 1268 306; x_wconf 86' lang='lat' dir='ltr'>Campo,</span> <span class='ocrx_word' id='word_1_24' title='bbox 1279 249 1495 290; x_wconf 83' lang='lat' dir='ltr'>debilitavi</span> <span class='ocrx_word' id='word_1_25' title='bbox 1509 249 1552 289; x_wconf 91' lang='lat' dir='ltr'>in</span> <span class='ocrx_word' id='word_1_26' title='bbox 1565 250 1671 299; x_wconf 87' lang='lat' dir='ltr'>foro,</span> 
     </span>
     <span class='ocr_line' id='line_1_6' title="bbox 118 306 1674 365; baseline -0.003 -14"><span class='ocrx_word' id='word_1_27' title='bbox 118 309 354 365; x_wconf 83' lang='lat' dir='ltr'>compressi</span> <span class='ocrx_word' id='word_1_28' title='bbox 371 308 499 348; x_wconf 91' lang='lat' dir='ltr'>etiam</span> <span class='ocrx_word' id='word_1_29' title='bbox 519 307 636 349; x_wconf 89' lang='lat' dir='ltr'>domi</span> <span class='ocrx_word' id='word_1_30' title='bbox 653 323 758 348; x_wconf 85' lang='lat' dir='ltr'>meae</span> <span class='ocrx_word' id='word_1_31' title='bbox 775 309 903 365; x_wconf 68' lang='lat' dir='ltr'>saepe,</span> <span class='ocrx_word' id='word_1_32' title='bbox 918 308 1115 364; x_wconf 78' lang='lat' dir='ltr'>judices3</span> <span class='ocrx_word' id='word_1_33' title='bbox 1146 307 1213 347; x_wconf 92' lang='lat' dir='ltr'>his</span> <span class='ocrx_word' id='word_1_34' title='bbox 1231 321 1305 347; x_wconf 94' lang='lat' dir='ltr'>vos</span> <span class='ocrx_word' id='word_1_35' title='bbox 1325 306 1359 346; x_wconf 90' lang='lat' dir='ltr'>si</span> <span class='ocrx_word' id='word_1_36' title='bbox 1378 307 1556 347; x_wconf 84' lang='lat' dir='ltr'>alterum</span> <span class='ocrx_word' id='word_1_37' title='bbox 1573 320 1674 347; x_wconf 89' lang='lat' dir='ltr'>con-</span> 
     </span>
     <span class='ocr_line' id='line_1_7' title="bbox 119 362 1671 419; baseline -0.003 -12"><span class='ocrx_word' id='word_1_38' title='bbox 119 367 256 407; x_wconf 89' lang='lat' dir='ltr'>sulem</span> <span class='ocrx_word' id='word_1_39' title='bbox 277 364 553 412; x_wconf 83' lang='lat' dir='ltr'>tradideritis,</span> <span class='ocrx_word' id='word_1_40' title='bbox 573 364 670 419; x_wconf 87' lang='lat' dir='ltr'>plus</span> <span class='ocrx_word' id='word_1_41' title='bbox 693 365 826 405; x_wconf 89' lang='lat' dir='ltr'>multo</span> <span class='ocrx_word' id='word_1_42' title='bbox 859 372 982 405; x_wconf 88' lang='lat' dir='ltr'>erunt</span> <span class='ocrx_word' id='word_1_43' title='bbox 1002 364 1153 405; x_wconf 81' lang='lat' dir='ltr'>vestris</span> <span class='ocrx_word' id='word_1_44' title='bbox 1178 362 1420 414; x_wconf 85' lang='lat' dir='ltr'>sententiis,</span> <span class='ocrx_word' id='word_1_45' title='bbox 1437 362 1567 418; x_wconf 74' lang='lat' dir='ltr'>quam</span> <span class='ocrx_word' id='word_1_46' title='bbox 1584 362 1671 403; x_wconf 87' lang='lat' dir='ltr'>suis</span> 
     </span>
    </p>
   </div>
   <div class='ocr_carea' id='block_1_5' title="bbox 609 418 1671 476">
    <p class='ocr_par' dir='ltr' id='par_1_5' title="bbox 609 418 1671 476">
     <span class='ocr_line' id='line_1_8' title="bbox 609 418 1671 476; baseline 0 -17"><span class='ocrx_word' id='word_1_47' title='bbox 609 420 763 476; x_wconf 80' lang='lat' dir='ltr'>Magni</span> <span class='ocrx_word' id='word_1_48' title='bbox 783 420 1172 476; x_wconf 83' lang='lat' dir='ltr'>interest,judices‚</span> <span class='ocrx_word' id='word_1_49' title='bbox 1190 419 1251 472; x_wconf 92' lang='lat' dir='ltr'>(id</span> <span class='ocrx_word' id='word_1_50' title='bbox 1270 419 1389 474; x_wconf 86' lang='lat' dir='ltr'>quod</span> <span class='ocrx_word' id='word_1_51' title='bbox 1412 434 1507 474; x_wconf 77' lang='lat' dir='ltr'>ego,</span> <span class='ocrx_word' id='word_1_52' title='bbox 1525 418 1671 460; x_wconf 84' lang='lat' dir='ltr'>multis</span> 
     </span>
    </p>
   </div>
   <div class='ocr_carea' id='block_1_6' title="bbox 119 475 1676 534">
    <p class='ocr_par' dir='ltr' id='par_1_6' title="bbox 119 475 1676 534">
     <span class='ocr_line' id='line_1_9' title="bbox 119 475 1676 534; baseline -0.002 -15"><span class='ocrx_word' id='word_1_53' title='bbox 119 477 474 534; x_wconf 83' lang='lat' dir='ltr'>repugnantibus,</span> <span class='ocrx_word' id='word_1_54' title='bbox 492 476 559 533; x_wconf 84' lang='lat' dir='ltr'>egi</span> <span class='ocrx_word' id='word_1_55' title='bbox 579 483 708 532; x_wconf 90' lang='lat' dir='ltr'>atque</span> <span class='ocrx_word' id='word_1_56' title='bbox 728 477 907 532; x_wconf 88' lang='lat' dir='ltr'>perfeci)</span> <span class='ocrx_word' id='word_1_57' title='bbox 926 491 1019 517; x_wconf 87' lang='lat' dir='ltr'>esse</span> <span class='ocrx_word' id='word_1_58' title='bbox 1036 475 1242 516; x_wconf 76' lang='lat' dir='ltr'>&#39;Kalendis</span> <span class='ocrx_word' id='word_1_59' title='bbox 1258 475 1429 518; x_wconf 87' lang='lat' dir='ltr'>Januar.</span> <span class='ocrx_word' id='word_1_60' title='bbox 1445 476 1489 516; x_wconf 93' lang='lat' dir='ltr'>in</span> <span class='ocrx_word' id='word_1_61' title='bbox 1507 475 1676 530; x_wconf 81' lang='lat' dir='ltr'>Repub.</span> 
     </span>
    </p>
   </div>
   <div class='ocr_carea' id='block_1_7' title="bbox 120 535 475 576">
    <p class='ocr_par' dir='ltr' id='par_1_7' title="bbox 120 535 475 576">
     <span class='ocr_line' id='line_1_10' title="bbox 120 535 475 576; baseline -0.003 0"><span class='ocrx_word' id='word_1_62' title='bbox 120 539 230 576; x_wconf 86' lang='lat' dir='ltr'>duos</span> <span class='ocrx_word' id='word_1_63' title='bbox 262 535 475 575; x_wconf 88' lang='lat' dir='ltr'>consules.</span> 
     </span>
    </p>
   </div>
   <div class='ocr_carea' id='block_1_8' title="bbox 536 531 1679 584">
    <p class='ocr_par' dir='ltr' id='par_1_8' title="bbox 536 531 1679 584">
     <span class='ocr_line' id='line_1_11' title="bbox 536 531 1679 584; baseline -0.003 -10"><span class='ocrx_word' id='word_1_64' title='bbox 536 533 680 574; x_wconf 88' lang='lat' dir='ltr'>Nolite</span> <span class='ocrx_word' id='word_1_65' title='bbox 712 533 919 583; x_wconf 86' lang='lat' dir='ltr'>arbitrari,</span> <span class='ocrx_word' id='word_1_66' title='bbox 948 531 1234 573; x_wconf 86' lang='lat' dir='ltr'>mediocribus</span> <span class='ocrx_word' id='word_1_67' title='bbox 1265 532 1469 584; x_wconf 90' lang='lat' dir='ltr'>consiliis,</span> <span class='ocrx_word' id='word_1_68' title='bbox 1490 539 1564 573; x_wconf 88' lang='lat' dir='ltr'>aut</span> <span class='ocrx_word' id='word_1_69' title='bbox 1593 531 1679 572; x_wconf 88' lang='lat' dir='ltr'>usi-</span> 
     </span>
    </p>
   </div>
   <div class='ocr_carea' id='block_1_9' title="bbox 121 587 1678 646">
    <p class='ocr_par' dir='ltr' id='par_1_9' title="bbox 121 587 1678 646">
     <span class='ocr_line' id='line_1_12' title="bbox 121 587 1678 646; baseline -0.003 -14"><span class='ocrx_word' id='word_1_70' title='bbox 121 592 222 633; x_wconf 83' lang='lat' dir='ltr'>tatis</span> <span class='ocrx_word' id='word_1_71' title='bbox 251 591 345 641; x_wconf 87' lang='lat' dir='ltr'>viis,</span> <span class='ocrx_word' id='word_1_72' title='bbox 367 599 441 631; x_wconf 88' lang='lat' dir='ltr'>aut</span> <span class='ocrx_word' id='word_1_73' title='bbox 475 591 569 646; x_wconf 78' lang='lat' dir='ltr'>lege</span> <span class='ocrx_word' id='word_1_74' title='bbox 604 590 812 645; x_wconf 64' lang='lat' dir='ltr'>improba,</span> <span class='ocrx_word' id='word_1_75' title='bbox 833 596 906 630; x_wconf 89' lang='lat' dir='ltr'>aut</span> <span class='ocrx_word' id='word_1_76' title='bbox 937 587 1179 644; x_wconf 62' lang='lat' dir='ltr'>perniciosa</span> <span class='ocrx_word' id='word_1_77' title='bbox 1217 588 1454 643; x_wconf 80' lang='lat' dir='ltr'>largitione,</span> <span class='ocrx_word' id='word_1_78' title='bbox 1482 588 1678 630; x_wconf 88' lang='lat' dir='ltr'>auditum</span> 
     </span>
    </p>
   </div>
   <div class='ocr_carea' id='block_1_10' title="bbox 47 644 1679 760">
    <p class='ocr_par' dir='ltr' id='par_1_10' title="bbox 47 644 1679 760">
     <span class='ocr_line' id='line_1_13' title="bbox 121 644 1136 704; baseline -0.002 -16"><span class='ocrx_word' id='word_1_79' title='bbox 121 647 354 704; x_wconf 89' lang='lat' dir='ltr'>aliquando</span> <span class='ocrx_word' id='word_1_80' title='bbox 375 647 551 703; x_wconf 87' lang='lat' dir='ltr'>aliquod</span> <span class='ocrx_word' id='word_1_81' title='bbox 587 647 746 687; x_wconf 85' lang='lat' dir='ltr'>malum</span> <span class='ocrx_word' id='word_1_82' title='bbox 781 646 967 701; x_wconf 84' lang='lat' dir='ltr'>Reipub.</span> <span class='ocrx_word' id='word_1_83' title='bbox 989 644 1136 701; x_wconf 84' lang='lat' dir='ltr'>quaeri.</span> 
     </span>
     <span class='ocr_line' id='line_1_14' title="bbox 47 700 1679 760; baseline -0.002 -14"><span class='ocrx_word' id='word_1_84' title='bbox 47 704 103 745; x_wconf 84' lang='lat'>30</span> <span class='ocrx_word' id='word_1_85' title='bbox 123 705 253 746; x_wconf 85' lang='lat' dir='ltr'>vitate</span> <span class='ocrx_word' id='word_1_86' title='bbox 286 703 478 752; x_wconf 85' lang='lat' dir='ltr'>consilia,</span> <span class='ocrx_word' id='word_1_87' title='bbox 501 703 689 760; x_wconf 84' lang='lat' dir='ltr'>judices,</span> <span class='ocrx_word' id='word_1_88' title='bbox 717 702 847 743; x_wconf 87' lang='lat' dir='ltr'>Urbis</span> <span class='ocrx_word' id='word_1_89' title='bbox 884 702 1093 752; x_wconf 83' lang='lat' dir='ltr'>delendae,</span> <span class='ocrx_word' id='word_1_90' title='bbox 1127 700 1282 743; x_wconf 88' lang='lat' dir='ltr'>civium</span> <span class='ocrx_word' id='word_1_91' title='bbox 1313 701 1679 750; x_wconf 85' lang='lat' dir='ltr'>trucidandorum,</span> 
     </span>
    </p>
   </div>
   <div class='ocr_carea' id='block_1_11' title="bbox 1198 644 1679 686">
    <p class='ocr_par' dir='ltr' id='par_1_11' title="bbox 1198 644 1679 686">
     <span class='ocr_line' id='line_1_15' title="bbox 1198 644 1679 686; baseline 0 0"><span class='ocrx_word' id='word_1_92' title='bbox 1198 644 1310 686; x_wconf 87' lang='lat' dir='ltr'>Inita</span> <span class='ocrx_word' id='word_1_93' title='bbox 1330 652 1430 686; x_wconf 87' lang='lat' dir='ltr'>sunt</span> <span class='ocrx_word' id='word_1_94' title='bbox 1450 646 1493 686; x_wconf 93' lang='lat' dir='ltr'>in</span> <span class='ocrx_word' id='word_1_95' title='bbox 1514 645 1599 686; x_wconf 67' lang='lat' dir='ltr'>hac</span> <span class='ocrx_word' id='word_1_96' title='bbox 1620 644 1679 686; x_wconf 90' lang='lat' dir='ltr'>ci-</span> 
     </span>
    </p>
   </div>
   <div class='ocr_carea' id='block_1_12' title="bbox 121 757 1682 872">
    <p class='ocr_par' dir='ltr' id='par_1_12' title="bbox 121 757 1682 872">
     <span class='ocr_line' id='line_1_16' title="bbox 121 757 1679 814; baseline -0.003 -11"><span class='ocrx_word' id='word_1_97' title='bbox 121 760 307 803; x_wconf 88' lang='lat' dir='ltr'>nominis</span> <span class='ocrx_word' id='word_1_98' title='bbox 340 760 526 801; x_wconf 87' lang='lat' dir='ltr'>Romani</span> <span class='ocrx_word' id='word_1_99' title='bbox 566 759 893 814; x_wconf 80' lang='lat' dir='ltr'>exstinguendi3</span> <span class='ocrx_word' id='word_1_100' title='bbox 925 766 1053 814; x_wconf 89' lang='lat' dir='ltr'>atque</span> <span class='ocrx_word' id='word_1_101' title='bbox 1076 758 1169 799; x_wconf 83' lang='lat' dir='ltr'>haee</span> <span class='ocrx_word' id='word_1_102' title='bbox 1197 757 1328 809; x_wconf 86' lang='lat' dir='ltr'>cives,</span> <span class='ocrx_word' id='word_1_103' title='bbox 1351 757 1468 799; x_wconf 85' lang='lat' dir='ltr'>cives</span> <span class='ocrx_word' id='word_1_104' title='bbox 1489 757 1679 814; x_wconf 89' lang='lat' dir='ltr'>inquam,</span> 
     </span>
     <span class='ocr_line' id='line_1_17' title="bbox 123 814 1682 872; baseline -0.002 -13"><span class='ocrx_word' id='word_1_105' title='bbox 123 818 158 859; x_wconf 86' lang='lat' dir='ltr'>si</span> <span class='ocrx_word' id='word_1_106' title='bbox 181 833 255 859; x_wconf 88' lang='lat' dir='ltr'>eos</span> <span class='ocrx_word' id='word_1_107' title='bbox 276 817 360 857; x_wconf 86' lang='lat' dir='ltr'>hoc</span> <span class='ocrx_word' id='word_1_108' title='bbox 381 817 552 858; x_wconf 89' lang='lat' dir='ltr'>nomine</span> <span class='ocrx_word' id='word_1_109' title='bbox 586 816 790 872; x_wconf 85' lang='lat' dir='ltr'>appellari</span> <span class='ocrx_word' id='word_1_110' title='bbox 817 817 881 856; x_wconf 85' lang='lat' dir='ltr'>fas</span> <span class='ocrx_word' id='word_1_111' title='bbox 903 823 982 866; x_wconf 89' lang='lat' dir='ltr'>est,</span> <span class='ocrx_word' id='word_1_112' title='bbox 1005 816 1057 856; x_wconf 90' lang='lat' dir='ltr'>de</span> <span class='ocrx_word' id='word_1_113' title='bbox 1088 814 1226 870; x_wconf 71' lang='lat' dir='ltr'>patria</span> <span class='ocrx_word' id='word_1_114' title='bbox 1246 814 1324 854; x_wconf 66' lang='lat' dir='ltr'>sua</span> <span class='ocrx_word' id='word_1_115' title='bbox 1346 821 1390 855; x_wconf 88' lang='lat' dir='ltr'>et</span> <span class='ocrx_word' id='word_1_116' title='bbox 1409 814 1617 871; x_wconf 82' lang='lat' dir='ltr'>cogitant,</span> <span class='ocrx_word' id='word_1_117' title='bbox 1638 821 1682 856; x_wconf 88' lang='lat' dir='ltr'>et</span> 
     </span>
    </p>
   </div>
   <div class='ocr_carea' id='block_1_13' title="bbox 124 874 433 930">
    <p class='ocr_par' dir='ltr' id='par_1_13' title="bbox 124 874 433 930">
     <span class='ocr_line' id='line_1_18' title="bbox 124 874 433 930; baseline -0.006 -15"><span class='ocrx_word' id='word_1_118' title='bbox 124 874 433 930; x_wconf 80' lang='lat' dir='ltr'>cogitaverunt.</span> 
     </span>
    </p>
   </div>
   <div class='ocr_carea' id='block_1_14' title="bbox 493 871 1682 928">
    <p class='ocr_par' dir='ltr' id='par_1_14' title="bbox 493 871 1682 928">
     <span class='ocr_line' id='line_1_19' title="bbox 493 871 1682 928; baseline -0.001 -15"><span class='ocrx_word' id='word_1_119' title='bbox 493 873 659 913; x_wconf 88' lang='lat' dir='ltr'>Horum</span> <span class='ocrx_word' id='word_1_120' title='bbox 680 887 760 928; x_wconf 84' lang='lat' dir='ltr'>ego</span> <span class='ocrx_word' id='word_1_121' title='bbox 797 871 990 928; x_wconf 88' lang='lat' dir='ltr'>quotidie</span> <span class='ocrx_word' id='word_1_122' title='bbox 1023 871 1213 912; x_wconf 90' lang='lat' dir='ltr'>consiliis</span> <span class='ocrx_word' id='word_1_123' title='bbox 1244 885 1436 921; x_wconf 87' lang='lat' dir='ltr'>occurrO,</span> <span class='ocrx_word' id='word_1_124' title='bbox 1455 871 1682 912; x_wconf 89' lang='lat' dir='ltr'>audaciam</span> 
     </span>
    </p>
   </div>
   <div class='ocr_carea' id='block_1_15' title="bbox 124 927 1682 984">
    <p class='ocr_par' dir='ltr' id='par_1_15' title="bbox 124 927 1682 984">
     <span class='ocr_line' id='line_1_20' title="bbox 124 927 1682 984; baseline -0.001 -14"><span class='ocrx_word' id='word_1_125' title='bbox 124 930 319 980; x_wconf 88' lang='lat' dir='ltr'>debilito,</span> <span class='ocrx_word' id='word_1_126' title='bbox 340 928 488 970; x_wconf 86' lang='lat' dir='ltr'>sceleri</span> <span class='ocrx_word' id='word_1_127' title='bbox 505 929 684 969; x_wconf 89' lang='lat' dir='ltr'>resisto:</span> <span class='ocrx_word' id='word_1_128' title='bbox 717 928 793 969; x_wconf 90' lang='lat' dir='ltr'>sed</span> <span class='ocrx_word' id='word_1_129' title='bbox 810 943 885 969; x_wconf 91' lang='lat' dir='ltr'>vos</span> <span class='ocrx_word' id='word_1_130' title='bbox 903 943 1072 979; x_wconf 90' lang='lat' dir='ltr'>moneo,</span> <span class='ocrx_word' id='word_1_131' title='bbox 1086 928 1282 983; x_wconf 83' lang='lat' dir='ltr'>judices:</span> <span class='ocrx_word' id='word_1_132' title='bbox 1315 927 1359 968; x_wconf 90' lang='lat' dir='ltr'>in</span> <span class='ocrx_word' id='word_1_133' title='bbox 1376 928 1493 969; x_wconf 84' lang='lat' dir='ltr'>exitu</span> <span class='ocrx_word' id='word_1_134' title='bbox 1509 929 1682 984; x_wconf 87' lang='lat' dir='ltr'>estjam</span> 
     </span>
    </p>
   </div>
   <div class='ocr_carea' id='block_1_16' title="bbox 50 984 1682 1040">
    <p class='ocr_par' dir='ltr' id='par_1_16' title="bbox 50 984 1682 1040">
     <span class='ocr_line' id='line_1_21' title="bbox 50 984 1682 1040; baseline -0.001 -14"><span class='ocrx_word' id='word_1_135' title='bbox 50 986 105 1026; x_wconf 88' lang='grc'>35</span> <span class='ocrx_word' id='word_1_136' title='bbox 125 1001 245 1028; x_wconf 87' lang='lat' dir='ltr'>meus</span> <span class='ocrx_word' id='word_1_137' title='bbox 267 985 518 1026; x_wconf 86' lang='lat' dir='ltr'>consulatus</span> <span class='ocrx_word' id='word_1_138' title='bbox 536 1002 543 1025; x_wconf 93' lang='lat'><strong>:</strong></span> <span class='ocrx_word' id='word_1_139' title='bbox 576 984 708 1025; x_wconf 87' lang='lat' dir='ltr'>nolite</span> <span class='ocrx_word' id='word_1_140' title='bbox 730 984 834 1024; x_wconf 86' lang='lat' dir='ltr'>mihi</span> <span class='ocrx_word' id='word_1_141' title='bbox 857 984 1103 1024; x_wconf 82' lang='lat' dir='ltr'>subtrahere</span> <span class='ocrx_word' id='word_1_142' title='bbox 1124 984 1356 1024; x_wconf 78' lang='lat' dir='ltr'>avicarium</span> <span class='ocrx_word' id='word_1_143' title='bbox 1377 999 1482 1025; x_wconf 83' lang='lat' dir='ltr'>meae</span> <span class='ocrx_word' id='word_1_144' title='bbox 1502 985 1682 1040; x_wconf 82' lang='lat' dir='ltr'>diligen-</span> 
     </span>
    </p>
   </div>
   <div class='ocr_carea' id='block_1_17' title="bbox 51 1039 1689 1379">
    <p class='ocr_par' dir='ltr' id='par_1_17' title="bbox 51 1039 1688 1324">
     <span class='ocr_line' id='line_1_22' title="bbox 123 1039 1681 1096; baseline -0.001 -12"><span class='ocrx_word' id='word_1_145' title='bbox 123 1044 196 1084; x_wconf 82' lang='lat' dir='ltr'>tiae</span> <span class='ocrx_word' id='word_1_146' title='bbox 214 1059 224 1094; x_wconf 84' lang='lat'>3</span> <span class='ocrx_word' id='word_1_147' title='bbox 256 1042 390 1083; x_wconf 80' lang='lat' dir='ltr'>nolite</span> <span class='ocrx_word' id='word_1_148' title='bbox 412 1042 597 1082; x_wconf 81' lang='lat' dir='ltr'>adimere</span> <span class='ocrx_word' id='word_1_149' title='bbox 615 1055 725 1090; x_wconf 86' lang='lat' dir='ltr'>eum,</span> <span class='ocrx_word' id='word_1_150' title='bbox 745 1040 814 1081; x_wconf 90' lang='lat' dir='ltr'>cui</span> <span class='ocrx_word' id='word_1_151' title='bbox 830 1040 983 1096; x_wconf 83' lang='lat' dir='ltr'>Remp.</span> <span class='ocrx_word' id='word_1_152' title='bbox 1001 1040 1127 1095; x_wconf 84' lang='lat' dir='ltr'>cupio</span> <span class='ocrx_word' id='word_1_153' title='bbox 1149 1040 1316 1080; x_wconf 84' lang='lat' dir='ltr'>tradere</span> <span class='ocrx_word' id='word_1_154' title='bbox 1337 1039 1610 1092; x_wconf 86' lang='lat' dir='ltr'>incolumem,</span> <span class='ocrx_word' id='word_1_155' title='bbox 1627 1042 1681 1082; x_wconf 88' lang='lat' dir='ltr'>ab</span> 
     </span>
     <span class='ocr_line' id='line_1_23' title="bbox 123 1096 1670 1153; baseline -0.001 -13"><span class='ocrx_word' id='word_1_156' title='bbox 123 1099 193 1141; x_wconf 88' lang='lat' dir='ltr'>his</span> <span class='ocrx_word' id='word_1_157' title='bbox 214 1099 344 1140; x_wconf 88' lang='lat' dir='ltr'>tantis</span> <span class='ocrx_word' id='word_1_158' title='bbox 365 1097 565 1153; x_wconf 83' lang='lat' dir='ltr'>periculis</span> <span class='ocrx_word' id='word_1_159' title='bbox 588 1096 917 1138; x_wconf 88' lang='lat' dir='ltr'>defendendam.</span> <span class='ocrx_word' id='word_1_160' title='bbox 973 1096 1120 1151; x_wconf 83' lang='lat' dir='ltr'>Atque</span> <span class='ocrx_word' id='word_1_161' title='bbox 1151 1096 1204 1136; x_wconf 90' lang='lat' dir='ltr'>ad</span> <span class='ocrx_word' id='word_1_162' title='bbox 1232 1096 1326 1136; x_wconf 81' lang='lat' dir='ltr'>haec</span> <span class='ocrx_word' id='word_1_163' title='bbox 1356 1097 1480 1147; x_wconf 89' lang='lat' dir='ltr'>mala,</span> <span class='ocrx_word' id='word_1_164' title='bbox 1496 1097 1670 1152; x_wconf 87' lang='lat' dir='ltr'>judices</span> 
     </span>
     <span class='ocr_line' id='line_1_24' title="bbox 125 1152 1683 1212; baseline -0.002 -15"><span class='ocrx_word' id='word_1_165' title='bbox 125 1156 230 1212; x_wconf 89' lang='lat' dir='ltr'>quid</span> <span class='ocrx_word' id='word_1_166' title='bbox 259 1155 439 1196; x_wconf 81' lang='lat' dir='ltr'>accedat</span> <span class='ocrx_word' id='word_1_167' title='bbox 472 1153 603 1204; x_wconf 83' lang='lat' dir='ltr'>aliud,</span> <span class='ocrx_word' id='word_1_168' title='bbox 625 1168 711 1193; x_wconf 92' lang='lat' dir='ltr'>non</span> <span class='ocrx_word' id='word_1_169' title='bbox 741 1152 926 1193; x_wconf 76' lang='lat' dir='ltr'>videtis?</span> <span class='ocrx_word' id='word_1_170' title='bbox 986 1152 1059 1200; x_wconf 91' lang='lat' dir='ltr'>Te,</span> <span class='ocrx_word' id='word_1_171' title='bbox 1082 1160 1122 1192; x_wconf 88' lang='lat' dir='ltr'>te</span> <span class='ocrx_word' id='word_1_172' title='bbox 1145 1153 1331 1207; x_wconf 85' lang='lat' dir='ltr'>appello,</span> <span class='ocrx_word' id='word_1_173' title='bbox 1354 1152 1490 1205; x_wconf 87' lang='lat' dir='ltr'>Cato;</span> <span class='ocrx_word' id='word_1_174' title='bbox 1522 1168 1683 1194; x_wconf 89' lang='lat' dir='ltr'>non-ne</span> 
     </span>
     <span class='ocr_line' id='line_1_25' title="bbox 125 1208 1688 1268; baseline -0.002 -15"><span class='ocrx_word' id='word_1_175' title='bbox 125 1211 334 1268; x_wconf 85' lang='lat' dir='ltr'>prospicis</span> <span class='ocrx_word' id='word_1_176' title='bbox 363 1217 664 1266; x_wconf 83' lang='lat' dir='ltr'>tempestatem</span> <span class='ocrx_word' id='word_1_177' title='bbox 684 1209 784 1250; x_wconf 88' lang='lat' dir='ltr'>anni</span> <span class='ocrx_word' id='word_1_178' title='bbox 807 1210 896 1250; x_wconf 72' lang='lat' dir='ltr'>tui?</span> <span class='ocrx_word' id='word_1_179' title='bbox 924 1210 1012 1264; x_wconf 86' lang='lat' dir='ltr'>jam</span> <span class='ocrx_word' id='word_1_180' title='bbox 1034 1208 1147 1249; x_wconf 89' lang='lat' dir='ltr'>enim</span> <span class='ocrx_word' id='word_1_181' title='bbox 1169 1208 1369 1249; x_wconf 69' lang='lat' dir='ltr'>hesterna</span> <span class='ocrx_word' id='word_1_182' title='bbox 1392 1209 1601 1251; x_wconf 90' lang='lat' dir='ltr'>concione</span> <span class='ocrx_word' id='word_1_183' title='bbox 1622 1210 1688 1250; x_wconf 91' lang='lat' dir='ltr'>in-</span> 
     </span>
     <span class='ocr_line' id='line_1_26' title="bbox 51 1265 1688 1324; baseline -0.001 -14"><span class='ocrx_word' id='word_1_184' title='bbox 51 1267 108 1310; x_wconf 88' lang='lat'>40</span> <span class='ocrx_word' id='word_1_185' title='bbox 126 1269 269 1311; x_wconf 86' lang='lat' dir='ltr'>tonuit</span> <span class='ocrx_word' id='word_1_186' title='bbox 281 1282 363 1309; x_wconf 83' lang='lat' dir='ltr'>vox</span> <span class='ocrx_word' id='word_1_187' title='bbox 379 1267 622 1324; x_wconf 84' lang='lat' dir='ltr'>perniciosa</span> <span class='ocrx_word' id='word_1_188' title='bbox 638 1265 850 1322; x_wconf 81' lang='lat' dir='ltr'>designati</span> <span class='ocrx_word' id='word_1_189' title='bbox 868 1265 1064 1319; x_wconf 88' lang='lat' dir='ltr'>[tribuni]</span> <span class='ocrx_word' id='word_1_190' title='bbox 1078 1265 1257 1321; x_wconf 82' lang='lat' dir='ltr'>collegae</span> <span class='ocrx_word' id='word_1_191' title='bbox 1273 1265 1335 1306; x_wconf 89' lang='lat' dir='ltr'>tui</span> <span class='ocrx_word' id='word_1_192' title='bbox 1351 1282 1360 1307; x_wconf 74' lang='grc' dir='ltr'>ε</span> <span class='ocrx_word' id='word_1_193' title='bbox 1393 1273 1544 1308; x_wconf 88' lang='lat' dir='ltr'>contra</span> <span class='ocrx_word' id='word_1_194' title='bbox 1558 1280 1688 1322; x_wconf 89' lang='lat' dir='ltr'>quem</span> 
     </span>
    </p>

    <p class='ocr_par' dir='ltr' id='par_1_18' title="bbox 127 1321 1689 1379">
     <span class='ocr_line' id='line_1_27' title="bbox 127 1321 1689 1379; baseline -0.002 -12"><span class='ocrx_word' id='word_1_195' title='bbox 127 1326 309 1368; x_wconf 89' lang='lat' dir='ltr'>multum</span> <span class='ocrx_word' id='word_1_196' title='bbox 343 1335 417 1365; x_wconf 87' lang='lat' dir='ltr'>tua</span> <span class='ocrx_word' id='word_1_197' title='bbox 443 1338 578 1375; x_wconf 89' lang='lat' dir='ltr'>mens,</span> <span class='ocrx_word' id='word_1_198' title='bbox 610 1324 791 1363; x_wconf 88' lang='lat' dir='ltr'>multum</span> <span class='ocrx_word' id='word_1_199' title='bbox 824 1337 972 1364; x_wconf 87' lang='lat' dir='ltr'>omnes</span> <span class='ocrx_word' id='word_1_200' title='bbox 1013 1321 1115 1363; x_wconf 93' lang='lat' dir='ltr'>boni</span> <span class='ocrx_word' id='word_1_201' title='bbox 1153 1321 1442 1378; x_wconf 85' lang='lat' dir='ltr'>providerunt,</span> <span class='ocrx_word' id='word_1_202' title='bbox 1463 1323 1538 1379; x_wconf 91' lang='lat' dir='ltr'>qui</span> <span class='ocrx_word' id='word_1_203' title='bbox 1570 1332 1612 1364; x_wconf 86' lang='lat' dir='ltr'>te</span> <span class='ocrx_word' id='word_1_204' title='bbox 1633 1323 1689 1364; x_wconf 85' lang='lat' dir='ltr'>ad</span> 
     </span>
    </p>
   </div>
   <div class='ocr_carea' id='block_1_18' title="bbox 127 1381 966 1437">
    <p class='ocr_par' dir='ltr' id='par_1_19' title="bbox 127 1381 966 1437">
     <span class='ocr_line' id='line_1_28' title="bbox 127 1381 966 1437; baseline -0.006 -13"><span class='ocrx_word' id='word_1_205' title='bbox 127 1381 368 1424; x_wconf 69' lang='lat' dir='ltr'>tribunatus</span> <span class='ocrx_word' id='word_1_206' title='bbox 407 1381 658 1437; x_wconf 84' lang='lat' dir='ltr'>petitionem</span> <span class='ocrx_word' id='word_1_207' title='bbox 691 1386 966 1421; x_wconf 87' lang='lat' dir='ltr'>vocaverunt.</span> 
     </span>
    </p>
   </div>
   <div class='ocr_carea' id='block_1_19' title="bbox 1027 1378 1689 1434">
    <p class='ocr_par' dir='ltr' id='par_1_20' title="bbox 1027 1378 1689 1434">
     <span class='ocr_line' id='line_1_29' title="bbox 1027 1378 1689 1434; baseline 0.005 -16"><span class='ocrx_word' id='word_1_208' title='bbox 1027 1378 1198 1430; x_wconf 89' lang='lat' dir='ltr'>Omnia,</span> <span class='ocrx_word' id='word_1_209' title='bbox 1219 1393 1312 1434; x_wconf 84' lang='lat' dir='ltr'>quae</span> <span class='ocrx_word' id='word_1_210' title='bbox 1348 1394 1421 1434; x_wconf 90' lang='lat' dir='ltr'>per</span> <span class='ocrx_word' id='word_1_211' title='bbox 1456 1380 1540 1421; x_wconf 90' lang='lat' dir='ltr'>hoc</span> <span class='ocrx_word' id='word_1_212' title='bbox 1557 1380 1689 1421; x_wconf 88' lang='lat' dir='ltr'>trien-</span> 
     </span>
    </p>
   </div>
   <div class='ocr_carea' id='block_1_20' title="bbox 128 1435 1690 1544">
    <p class='ocr_par' dir='ltr' id='par_1_21' title="bbox 128 1435 1690 1544">
     <span class='ocr_line' id='line_1_30' title="bbox 128 1435 1690 1493; baseline -0.002 -13"><span class='ocrx_word' id='word_1_213' title='bbox 128 1440 247 1481; x_wconf 90' lang='lat' dir='ltr'>nium</span> <span class='ocrx_word' id='word_1_214' title='bbox 277 1437 441 1493; x_wconf 76' lang='lat' dir='ltr'>agitata</span> <span class='ocrx_word' id='word_1_215' title='bbox 470 1443 585 1487; x_wconf 87' lang='lat' dir='ltr'>sunt,</span> <span class='ocrx_word' id='word_1_216' title='bbox 601 1437 693 1492; x_wconf 92' lang='lat' dir='ltr'>jam</span> <span class='ocrx_word' id='word_1_217' title='bbox 725 1436 779 1476; x_wconf 88' lang='lat' dir='ltr'>ab</span> <span class='ocrx_word' id='word_1_218' title='bbox 815 1450 865 1477; x_wconf 88' lang='lat' dir='ltr'>eo</span> <span class='ocrx_word' id='word_1_219' title='bbox 894 1442 1099 1491; x_wconf 87' lang='lat' dir='ltr'>tempore,</span> <span class='ocrx_word' id='word_1_220' title='bbox 1120 1450 1205 1490; x_wconf 91' lang='lat' dir='ltr'>quo</span> <span class='ocrx_word' id='word_1_221' title='bbox 1225 1437 1248 1475; x_wconf 77' lang='lat' dir='ltr'>a</span> <span class='ocrx_word' id='word_1_222' title='bbox 1270 1435 1317 1476; x_wconf 91' lang='lat' dir='ltr'>L.</span> <span class='ocrx_word' id='word_1_223' title='bbox 1338 1435 1528 1477; x_wconf 74' lang='lat' dir='ltr'>Catilina</span> <span class='ocrx_word' id='word_1_224' title='bbox 1546 1443 1590 1477; x_wconf 91' lang='lat' dir='ltr'>et</span> <span class='ocrx_word' id='word_1_225' title='bbox 1608 1436 1690 1477; x_wconf 91' lang='lat' dir='ltr'>Cn.</span> 
     </span>
     <span class='ocr_line' id='line_1_31' title="bbox 130 1491 1689 1544; baseline -0.001 -8"><span class='ocrx_word' id='word_1_226' title='bbox 130 1495 290 1537; x_wconf 86' lang='lat' dir='ltr'>Pisone</span> <span class='ocrx_word' id='word_1_227' title='bbox 310 1494 464 1535; x_wconf 85' lang='lat' dir='ltr'>initum</span> <span class='ocrx_word' id='word_1_228' title='bbox 486 1493 717 1534; x_wconf 88' lang='lat' dir='ltr'>consilium</span> <span class='ocrx_word' id='word_1_229' title='bbox 744 1492 917 1533; x_wconf 73' lang='lat' dir='ltr'>senatus</span> <span class='ocrx_word' id='word_1_230' title='bbox 948 1491 1235 1532; x_wconf 85' lang='lat' dir='ltr'>interficiendi</span> <span class='ocrx_word' id='word_1_231' title='bbox 1271 1491 1390 1533; x_wconf 89' lang='lat' dir='ltr'>scitis</span> <span class='ocrx_word' id='word_1_232' title='bbox 1413 1507 1522 1544; x_wconf 88' lang='lat' dir='ltr'>esse,</span> <span class='ocrx_word' id='word_1_233' title='bbox 1544 1492 1589 1533; x_wconf 91' lang='lat' dir='ltr'>in</span> <span class='ocrx_word' id='word_1_234' title='bbox 1608 1493 1689 1534; x_wconf 86' lang='lat' dir='ltr'>hos</span> 
     </span>
    </p>
   </div>
   <div class='ocr_carea' id='block_1_21' title="bbox 52 1549 1225 1604">
    <p class='ocr_par' dir='ltr' id='par_1_22' title="bbox 52 1549 1225 1604">
     <span class='ocr_line' id='line_1_32' title="bbox 52 1549 1225 1604; baseline -0.002 -13"><span class='ocrx_word' id='word_1_235' title='bbox 52 1551 112 1592; x_wconf 83' lang='grc'>45</span> <span class='ocrx_word' id='word_1_236' title='bbox 132 1552 240 1602; x_wconf 82' lang='lat' dir='ltr'>dies,</span> <span class='ocrx_word' id='word_1_237' title='bbox 257 1551 301 1591; x_wconf 88' lang='lat' dir='ltr'>in</span> <span class='ocrx_word' id='word_1_238' title='bbox 320 1550 399 1591; x_wconf 86' lang='lat' dir='ltr'>hos</span> <span class='ocrx_word' id='word_1_239' title='bbox 417 1564 602 1601; x_wconf 87' lang='lat' dir='ltr'>menses,</span> <span class='ocrx_word' id='word_1_240' title='bbox 616 1549 660 1589; x_wconf 91' lang='lat' dir='ltr'>in</span> <span class='ocrx_word' id='word_1_241' title='bbox 680 1549 764 1589; x_wconf 89' lang='lat' dir='ltr'>hoc</span> <span class='ocrx_word' id='word_1_242' title='bbox 781 1557 965 1604; x_wconf 84' lang='lat' dir='ltr'>tempus,</span> <span class='ocrx_word' id='word_1_243' title='bbox 983 1554 1225 1603; x_wconf 89' lang='lat' dir='ltr'>erumpunt.</span> 
     </span>
    </p>
   </div>
   <div class='ocr_carea' id='block_1_22' title="bbox 1287 1548 1691 1604">
    <p class='ocr_par' dir='ltr' id='par_1_23' title="bbox 1287 1548 1691 1604">
     <span class='ocr_line' id='line_1_33' title="bbox 1287 1548 1691 1604; baseline 0 -15"><span class='ocrx_word' id='word_1_244' title='bbox 1287 1548 1373 1596; x_wconf 80' lang='lat' dir='ltr'>Qui</span> <span class='ocrx_word' id='word_1_245' title='bbox 1394 1549 1514 1590; x_wconf 90' lang='lat' dir='ltr'>locus</span> <span class='ocrx_word' id='word_1_246' title='bbox 1531 1550 1691 1604; x_wconf 85' lang='lat' dir='ltr'>est,ju-</span> 
     </span>
    </p>
   </div>
   <div class='ocr_carea' id='block_1_23' title="bbox 132 1604 1693 1780">
    <p class='ocr_par' dir='ltr' id='par_1_24' title="bbox 132 1604 1693 1780">
     <span class='ocr_line' id='line_1_34' title="bbox 132 1604 1691 1662; baseline -0.003 -12"><span class='ocrx_word' id='word_1_247' title='bbox 132 1607 280 1650; x_wconf 76' lang='lat' dir='ltr'>dices?</span> <span class='ocrx_word' id='word_1_248' title='bbox 313 1608 428 1662; x_wconf 90' lang='lat' dir='ltr'>quod</span> <span class='ocrx_word' id='word_1_249' title='bbox 450 1605 652 1662; x_wconf 79' lang='lat' dir='ltr'>tempus?</span> <span class='ocrx_word' id='word_1_250' title='bbox 683 1604 757 1660; x_wconf 90' lang='lat' dir='ltr'>qui</span> <span class='ocrx_word' id='word_1_251' title='bbox 779 1605 900 1647; x_wconf 73' lang='lat' dir='ltr'>dies?</span> <span class='ocrx_word' id='word_1_252' title='bbox 931 1620 1027 1661; x_wconf 70' lang='lat' dir='ltr'>quae</span> <span class='ocrx_word' id='word_1_253' title='bbox 1047 1605 1161 1645; x_wconf 69' lang='lat' dir='ltr'>nox?</span> <span class='ocrx_word' id='word_1_254' title='bbox 1192 1604 1290 1645; x_wconf 73' lang='lat' dir='ltr'>cum</span> <span class='ocrx_word' id='word_1_255' title='bbox 1311 1619 1392 1660; x_wconf 86' lang='lat' dir='ltr'>ego</span> <span class='ocrx_word' id='word_1_256' title='bbox 1415 1620 1502 1646; x_wconf 88' lang='lat' dir='ltr'>non</span> <span class='ocrx_word' id='word_1_257' title='bbox 1522 1620 1575 1647; x_wconf 84' lang='lat' dir='ltr'>ex</span> <span class='ocrx_word' id='word_1_258' title='bbox 1596 1606 1691 1646; x_wconf 91' lang='lat' dir='ltr'>illo-</span> 
     </span>
     <span class='ocr_line' id='line_1_35' title="bbox 132 1661 1691 1713; baseline -0.002 -7"><span class='ocrx_word' id='word_1_259' title='bbox 132 1680 224 1707; x_wconf 88' lang='lat' dir='ltr'>rum</span> <span class='ocrx_word' id='word_1_260' title='bbox 244 1663 412 1705; x_wconf 90' lang='lat' dir='ltr'>insidiis</span> <span class='ocrx_word' id='word_1_261' title='bbox 434 1678 484 1704; x_wconf 90' lang='lat' dir='ltr'>ac</span> <span class='ocrx_word' id='word_1_262' title='bbox 505 1662 782 1704; x_wconf 85' lang='lat' dir='ltr'>mucronibus</span> <span class='ocrx_word' id='word_1_263' title='bbox 803 1676 889 1703; x_wconf 91' lang='lat' dir='ltr'>non</span> <span class='ocrx_word' id='word_1_264' title='bbox 911 1661 1048 1702; x_wconf 70' lang='lat' dir='ltr'>solum</span> <span class='ocrx_word' id='word_1_265' title='bbox 1068 1675 1180 1713; x_wconf 90' lang='lat' dir='ltr'>meo,</span> <span class='ocrx_word' id='word_1_266' title='bbox 1201 1661 1277 1702; x_wconf 89' lang='lat' dir='ltr'>sed</span> <span class='ocrx_word' id='word_1_267' title='bbox 1295 1662 1430 1702; x_wconf 87' lang='lat' dir='ltr'>multo</span> <span class='ocrx_word' id='word_1_268' title='bbox 1453 1662 1583 1703; x_wconf 88' lang='lat' dir='ltr'>etiam</span> <span class='ocrx_word' id='word_1_269' title='bbox 1605 1676 1691 1703; x_wconf 89' lang='lat' dir='ltr'>ma-</span> 
     </span>
     <span class='ocr_line' id='line_1_36' title="bbox 133 1717 1693 1780; baseline -0.001 -18"><span class='ocrx_word' id='word_1_270' title='bbox 133 1719 198 1780; x_wconf 75' lang='lat' dir='ltr'>gis</span> <span class='ocrx_word' id='word_1_271' title='bbox 212 1720 357 1763; x_wconf 90' lang='lat' dir='ltr'>divino</span> <span class='ocrx_word' id='word_1_272' title='bbox 371 1719 564 1771; x_wconf 86' lang='lat' dir='ltr'>consilio,</span> <span class='ocrx_word' id='word_1_273' title='bbox 575 1718 862 1776; x_wconf 88' lang='lat' dir='ltr'>eripiaratque</span> <span class='ocrx_word' id='word_1_274' title='bbox 876 1717 1067 1761; x_wconf 73' lang='lat' dir='ltr'>evolem?</span> <span class='ocrx_word' id='word_1_275' title='bbox 1085 1717 1238 1775; x_wconf 90' lang='lat' dir='ltr'>Neque</span> <span class='ocrx_word' id='word_1_276' title='bbox 1252 1718 1324 1760; x_wconf 89' lang='lat' dir='ltr'>isti</span> <span class='ocrx_word' id='word_1_277' title='bbox 1335 1733 1401 1760; x_wconf 88' lang='lat' dir='ltr'>me</span> <span class='ocrx_word' id='word_1_278' title='bbox 1413 1733 1506 1761; x_wconf 90' lang='lat' dir='ltr'>meo</span> <span class='ocrx_word' id='word_1_279' title='bbox 1520 1719 1693 1762; x_wconf 87' lang='lat' dir='ltr'>nomine</span> 
     </span>
    </p>
   </div>
   <div class='ocr_carea' id='block_1_24' title="bbox 753 1839 1073 1875">
    <p class='ocr_par' dir='ltr' id='par_1_25' title="bbox 753 1839 1073 1875">
     <span class='ocr_line' id='line_1_37' title="bbox 753 1839 1073 1875; baseline -0.003 -1"><span class='ocrx_word' id='word_1_280' title='bbox 753 1839 769 1856; x_wconf 54' lang='grc' dir='ltr'><strong>ὃ</strong></span> <span class='ocrx_word' id='word_1_281' title='bbox 783 1847 1073 1875; x_wconf 79' lang='lat' dir='ltr'>successorem.</span> 
     </span>
    </p>
   </div>
   <div class='ocr_carea' id='block_1_25' title="bbox 136 2014 904 2777">
    <p class='ocr_par' dir='ltr' id='par_1_26' title="bbox 136 2014 898 2187">
     <span class='ocr_line' id='line_1_38' title="bbox 180 2014 897 2057; baseline -0.004 -9"><span class='ocrx_word' id='word_1_282' title='bbox 180 2018 233 2049; x_wconf 68' lang='lat'>22.</span> <span class='ocrx_word' id='word_1_283' title='bbox 255 2015 354 2057; x_wconf 64' lang='lat' dir='ltr'>queci</span> <span class='ocrx_word' id='word_1_284' title='bbox 367 2018 399 2047; x_wconf 80' lang='lat' dir='ltr'>in</span> <span class='ocrx_word' id='word_1_285' title='bbox 413 2015 545 2057; x_wconf 64' lang='lat' dir='ltr'>Campa]</span> <span class='ocrx_word' id='word_1_286' title='bbox 590 2015 629 2047; x_wconf 87' lang='lat' dir='ltr'>In</span> <span class='ocrx_word' id='word_1_287' title='bbox 646 2015 767 2057; x_wconf 85' lang='lat' dir='ltr'>Carnpo</span> <span class='ocrx_word' id='word_1_288' title='bbox 779 2014 897 2046; x_wconf 79' lang='lat' dir='ltr'>Martio</span> 
     </span>
     <span class='ocr_line' id='line_1_39' title="bbox 136 2059 898 2101; baseline -0.004 -10"><span class='ocrx_word' id='word_1_289' title='bbox 136 2060 246 2101; x_wconf 79' lang='lat' dir='ltr'>rejecit</span> <span class='ocrx_word' id='word_1_290' title='bbox 259 2060 393 2100; x_wconf 75' lang='lat' dir='ltr'>impetus</span> <span class='ocrx_word' id='word_1_291' title='bbox 409 2059 647 2100; x_wconf 82' lang='lat' dir='ltr'>conjuratorum,</span> <span class='ocrx_word' id='word_1_292' title='bbox 660 2059 785 2100; x_wconf 89' lang='lat' dir='ltr'>quando</span> <span class='ocrx_word' id='word_1_293' title='bbox 799 2059 830 2088; x_wconf 87' lang='lat' dir='ltr'>in</span> <span class='ocrx_word' id='word_1_294' title='bbox 845 2069 898 2088; x_wconf 92' lang='lat' dir='ltr'>co-</span> 
     </span>
     <span class='ocr_line' id='line_1_40' title="bbox 138 2101 897 2140; baseline -0.001 -7"><span class='ocrx_word' id='word_1_295' title='bbox 138 2103 226 2134; x_wconf 82' lang='lat' dir='ltr'>mitia</span> <span class='ocrx_word' id='word_1_296' title='bbox 240 2102 336 2132; x_wconf 71' lang='lat' dir='ltr'>lorica</span> <span class='ocrx_word' id='word_1_297' title='bbox 352 2108 449 2133; x_wconf 85' lang='lat' dir='ltr'>tectus</span> <span class='ocrx_word' id='word_1_298' title='bbox 461 2102 557 2140; x_wconf 87' lang='lat' dir='ltr'>venit,</span> <span class='ocrx_word' id='word_1_299' title='bbox 571 2108 603 2132; x_wconf 83' lang='lat' dir='ltr'>et</span> <span class='ocrx_word' id='word_1_300' title='bbox 615 2113 720 2133; x_wconf 88' lang='lat' dir='ltr'>omnes</span> <span class='ocrx_word' id='word_1_301' title='bbox 731 2113 763 2132; x_wconf 84' lang='lat' dir='ltr'>se</span> <span class='ocrx_word' id='word_1_302' title='bbox 778 2101 897 2132; x_wconf 90' lang='lat' dir='ltr'>consuli</span> 
     </span>
     <span class='ocr_line' id='line_1_41' title="bbox 139 2146 358 2187; baseline -0.014 -10"><span class='ocrx_word' id='word_1_303' title='bbox 139 2146 358 2187; x_wconf 80' lang='lat' dir='ltr'>adjunxerunt.</span> 
     </span>
    </p>

    <p class='ocr_par' dir='ltr' id='par_1_27' title="bbox 138 2187 899 2316">
     <span class='ocr_line' id='line_1_42' title="bbox 182 2187 897 2229; baseline -0.004 -10"><span class='ocrx_word' id='word_1_304' title='bbox 182 2189 232 2219; x_wconf 89' lang='lat' dir='ltr'>Ib.</span> <span class='ocrx_word' id='word_1_305' title='bbox 271 2188 432 2218; x_wconf 75' lang='lat' dir='ltr'>Debilitavi</span> <span class='ocrx_word' id='word_1_306' title='bbox 455 2189 488 2218; x_wconf 82' lang='lat' dir='ltr'>in</span> <span class='ocrx_word' id='word_1_307' title='bbox 503 2187 603 2229; x_wconf 63' lang='lat' dir='ltr'>fora]</span> <span class='ocrx_word' id='word_1_308' title='bbox 651 2187 841 2218; x_wconf 86' lang='lat' dir='ltr'>Debilitavit</span> <span class='ocrx_word' id='word_1_309' title='bbox 866 2187 897 2217; x_wconf 88' lang='lat' dir='ltr'>in</span> 
     </span>
     <span class='ocr_line' id='line_1_43' title="bbox 138 2230 899 2268; baseline -0.004 -5"><span class='ocrx_word' id='word_1_310' title='bbox 138 2232 218 2268; x_wconf 81' lang='lat' dir='ltr'>foro,</span> <span class='ocrx_word' id='word_1_311' title='bbox 233 2230 303 2262; x_wconf 71' lang='lat' dir='ltr'>cum</span> <span class='ocrx_word' id='word_1_312' title='bbox 319 2236 380 2261; x_wconf 85' lang='lat' dir='ltr'>tam</span> <span class='ocrx_word' id='word_1_313' title='bbox 408 2232 609 2261; x_wconf 76' lang='lat' dir='ltr'>veliementer</span> <span class='ocrx_word' id='word_1_314' title='bbox 634 2232 835 2262; x_wconf 82' lang='lat' dir='ltr'>concionatus</span> <span class='ocrx_word' id='word_1_315' title='bbox 851 2236 899 2260; x_wconf 81' lang='lat' dir='ltr'>est</span> 
     </span>
     <span class='ocr_line' id='line_1_44' title="bbox 139 2273 641 2316; baseline -0.002 -11"><span class='ocrx_word' id='word_1_316' title='bbox 139 2275 225 2316; x_wconf 84' lang='lat' dir='ltr'>apud</span> <span class='ocrx_word' id='word_1_317' title='bbox 242 2274 390 2314; x_wconf 89' lang='lat' dir='ltr'>populum</span> <span class='ocrx_word' id='word_1_318' title='bbox 408 2273 439 2303; x_wconf 92' lang='lat' dir='ltr'>in</span> <span class='ocrx_word' id='word_1_319' title='bbox 460 2273 641 2304; x_wconf 74' lang='lat' dir='ltr'>Catilinam.</span> 
     </span>
    </p>

    <p class='ocr_par' dir='ltr' id='par_1_28' title="bbox 141 2316 900 2519">
     <span class='ocr_line' id='line_1_45' title="bbox 184 2316 899 2357; baseline -0.003 -9"><span class='ocrx_word' id='word_1_320' title='bbox 184 2320 237 2348; x_wconf 71' lang='lat'>⁶23.</span> <span class='ocrx_word' id='word_1_321' title='bbox 285 2316 440 2355; x_wconf 74' lang='lat' dir='ltr'>Compressi</span> <span class='ocrx_word' id='word_1_322' title='bbox 466 2318 542 2346; x_wconf 80' lang='lat' dir='ltr'>domi</span> <span class='ocrx_word' id='word_1_323' title='bbox 568 2316 661 2356; x_wconf 56' lang='lat' dir='ltr'>mean]</span> <span class='ocrx_word' id='word_1_324' title='bbox 708 2316 899 2357; x_wconf 85' lang='lat' dir='ltr'>Compressit</span> 
     </span>
     <span class='ocr_line' id='line_1_46' title="bbox 141 2358 900 2399; baseline -0.003 -9"><span class='ocrx_word' id='word_1_325' title='bbox 141 2360 238 2395; x_wconf 89' lang='lat' dir='ltr'>domi,</span> <span class='ocrx_word' id='word_1_326' title='bbox 248 2358 316 2390; x_wconf 70' lang='lat' dir='ltr'>cum</span> <span class='ocrx_word' id='word_1_327' title='bbox 328 2359 490 2390; x_wconf 85' lang='lat' dir='ltr'>Cornelius</span> <span class='ocrx_word' id='word_1_328' title='bbox 509 2370 604 2399; x_wconf 87' lang='lat' dir='ltr'>eques</span> <span class='ocrx_word' id='word_1_329' title='bbox 618 2359 712 2391; x_wconf 88' lang='lat' dir='ltr'>Rom.</span> <span class='ocrx_word' id='word_1_330' title='bbox 724 2364 756 2389; x_wconf 83' lang='lat' dir='ltr'>et</span> <span class='ocrx_word' id='word_1_331' title='bbox 770 2360 808 2390; x_wconf 90' lang='lat' dir='ltr'>T.</span> <span class='ocrx_word' id='word_1_332' title='bbox 820 2359 900 2389; x_wconf 86' lang='lat' dir='ltr'>Var-</span> 
     </span>
     <span class='ocr_line' id='line_1_47' title="bbox 141 2401 899 2443; baseline -0.001 -11"><span class='ocrx_word' id='word_1_333' title='bbox 141 2402 286 2443; x_wconf 83' lang='lat' dir='ltr'>gunteius</span> <span class='ocrx_word' id='word_1_334' title='bbox 314 2402 397 2432; x_wconf 50' lang='lat' dir='ltr'>missi</span> <span class='ocrx_word' id='word_1_335' title='bbox 418 2402 436 2431; x_wconf 70' lang='lat' dir='ltr'>a</span> <span class='ocrx_word' id='word_1_336' title='bbox 459 2401 594 2432; x_wconf 59' lang='lat' dir='ltr'>Catilina⁴</span> <span class='ocrx_word' id='word_1_337' title='bbox 620 2407 701 2437; x_wconf 87' lang='lat' dir='ltr'>sunt,</span> <span class='ocrx_word' id='word_1_338' title='bbox 717 2401 806 2441; x_wconf 87' lang='lat' dir='ltr'>quasi</span> <span class='ocrx_word' id='word_1_339' title='bbox 828 2412 899 2431; x_wconf 88' lang='lat' dir='ltr'>eum</span> 
     </span>
     <span class='ocr_line' id='line_1_48' title="bbox 142 2444 899 2481; baseline -0.003 -6"><span class='ocrx_word' id='word_1_340' title='bbox 142 2444 322 2481; x_wconf 83' lang='lat' dir='ltr'>salutaturi;</span> <span class='ocrx_word' id='word_1_341' title='bbox 347 2445 401 2474; x_wconf 86' lang='lat' dir='ltr'>sed</span> <span class='ocrx_word' id='word_1_342' title='bbox 419 2445 526 2475; x_wconf 65' lang='lat' dir='ltr'>revera</span> <span class='ocrx_word' id='word_1_343' title='bbox 542 2450 576 2476; x_wconf 88' lang='lat' dir='ltr'>ut</span> <span class='ocrx_word' id='word_1_344' title='bbox 594 2455 664 2476; x_wconf 89' lang='lat' dir='ltr'>eum</span> <span class='ocrx_word' id='word_1_345' title='bbox 680 2444 899 2477; x_wconf 84' lang='lat' dir='ltr'>interficerent.</span> 
     </span>
     <span class='ocr_line' id='line_1_49' title="bbox 142 2487 488 2519; baseline -0.009 0"><span class='ocrx_word' id='word_1_346' title='bbox 142 2488 229 2519; x_wconf 81' lang='lat' dir='ltr'>Vide</span> <span class='ocrx_word' id='word_1_347' title='bbox 245 2487 334 2517; x_wconf 84' lang='lat' dir='ltr'>Orat.</span> <span class='ocrx_word' id='word_1_348' title='bbox 349 2487 380 2516; x_wconf 90' lang='lat' dir='ltr'>in</span> <span class='ocrx_word' id='word_1_349' title='bbox 394 2487 488 2517; x_wconf 81' lang='lat' dir='ltr'>Catil.</span> 
     </span>
    </p>

    <p class='ocr_par' dir='ltr' id='par_1_29' title="bbox 186 2530 576 2570">
     <span class='ocr_line' id='line_1_50' title="bbox 186 2530 576 2570; baseline -0.003 -9"><span class='ocrx_word' id='word_1_350' title='bbox 186 2530 238 2561; x_wconf 83' lang='lat' dir='ltr'>Ib.</span> <span class='ocrx_word' id='word_1_351' title='bbox 259 2531 393 2560; x_wconf 80' lang='lat' dir='ltr'>Alterum</span> <span class='ocrx_word' id='word_1_352' title='bbox 406 2530 576 2570; x_wconf 66' lang='lat' dir='ltr'>consulem]</span> 
     </span>
    </p>

    <p class='ocr_par' dir='ltr' id='par_1_30' title="bbox 142 2572 904 2691">
     <span class='ocr_line' id='line_1_51' title="bbox 186 2572 904 2614; baseline -0.006 -10"><span class='ocrx_word' id='word_1_353' title='bbox 186 2576 239 2604; x_wconf 72' lang='lat'>⁶25.</span> <span class='ocrx_word' id='word_1_354' title='bbox 268 2572 371 2602; x_wconf 77' lang='lat' dir='ltr'>Multis</span> <span class='ocrx_word' id='word_1_355' title='bbox 396 2572 651 2614; x_wconf 67' lang='lat' dir='ltr'>repugnantibus]</span> <span class='ocrx_word' id='word_1_356' title='bbox 708 2572 844 2602; x_wconf 81' lang='lat' dir='ltr'>Catilina</span> <span class='ocrx_word' id='word_1_357' title='bbox 873 2575 904 2601; x_wconf 86' lang='lat' dir='ltr'>et</span> 
     </span>
     <span class='ocr_line' id='line_1_52' title="bbox 143 2614 904 2655; baseline -0.004 -8"><span class='ocrx_word' id='word_1_358' title='bbox 143 2617 248 2647; x_wconf 72' lang='lat' dir='ltr'>caeteri</span> <span class='ocrx_word' id='word_1_359' title='bbox 261 2615 415 2655; x_wconf 79' lang='lat' dir='ltr'>conjurati</span> <span class='ocrx_word' id='word_1_360' title='bbox 430 2617 579 2646; x_wconf 81' lang='lat' dir='ltr'>nolebant</span> <span class='ocrx_word' id='word_1_361' title='bbox 601 2625 668 2646; x_wconf 88' lang='lat' dir='ltr'>esse</span> <span class='ocrx_word' id='word_1_362' title='bbox 683 2614 825 2646; x_wconf 85' lang='lat' dir='ltr'>consules</span> <span class='ocrx_word' id='word_1_363' title='bbox 842 2614 904 2645; x_wconf 86' lang='lat' dir='ltr'>Ca-</span> 
     </span>
     <span class='ocr_line' id='line_1_53' title="bbox 142 2658 433 2691; baseline -0.01 0"><span class='ocrx_word' id='word_1_364' title='bbox 142 2659 245 2691; x_wconf 86' lang='lat' dir='ltr'>lendis</span> <span class='ocrx_word' id='word_1_365' title='bbox 267 2658 433 2690; x_wconf 83' lang='lat' dir='ltr'>Januariis.</span> 
     </span>
    </p>

    <p class='ocr_par' dir='ltr' id='par_1_31' title="bbox 143 2699 903 2777">
     <span class='ocr_line' id='line_1_54' title="bbox 187 2699 902 2742; baseline -0.004 -8"><span class='ocrx_word' id='word_1_366' title='bbox 187 2704 241 2734; x_wconf 71' lang='grc'>34.</span> <span class='ocrx_word' id='word_1_367' title='bbox 287 2701 325 2732; x_wconf 84' lang='lat' dir='ltr'>In</span> <span class='ocrx_word' id='word_1_368' title='bbox 353 2703 432 2732; x_wconf 69' lang='lat' dir='ltr'>exitu</span> <span class='ocrx_word' id='word_1_369' title='bbox 458 2702 582 2742; x_wconf 78' lang='lat' dir='ltr'>estjam</span> <span class='ocrx_word' id='word_1_370' title='bbox 610 2711 688 2732; x_wconf 83' lang='lat' dir='ltr'>meus</span> <span class='ocrx_word' id='word_1_371' title='bbox 711 2699 902 2742; x_wconf 76' lang='lat' dir='ltr'>consulatus-J</span> 
     </span>
     <span class='ocr_line' id='line_1_55' title="bbox 143 2743 903 2777; baseline 0 -2"><span class='ocrx_word' id='word_1_372' title='bbox 143 2743 294 2777; x_wconf 72' lang='lat' dir='ltr'>Proximis</span> <span class='ocrx_word' id='word_1_373' title='bbox 332 2744 480 2777; x_wconf 76' lang='lat' dir='ltr'>Calendis</span> <span class='ocrx_word' id='word_1_374' title='bbox 516 2743 671 2776; x_wconf 79' lang='lat' dir='ltr'>Januariis</span> <span class='ocrx_word' id='word_1_375' title='bbox 708 2743 903 2776; x_wconf 79' lang='lat' dir='ltr'>consulatum</span> 
     </span>
    </p>
   </div>
   <div class='ocr_carea' id='block_1_26' title="bbox 622 2529 799 2559">
    <p class='ocr_par' dir='ltr' id='par_1_32' title="bbox 622 2529 799 2559">
     <span class='ocr_line' id='line_1_56' title="bbox 622 2529 799 2559; baseline -0.006 0"><span class='ocrx_word' id='word_1_376' title='bbox 622 2529 799 2559; x_wconf 82' lang='lat' dir='ltr'>Murenam.</span> 
     </span>
    </p>
   </div>
   <div class='ocr_carea' id='block_1_27' title="bbox 940 2013 1707 2739">
    <p class='ocr_par' dir='ltr' id='par_1_33' title="bbox 940 2013 1258 2055">
     <span class='ocr_line' id='line_1_57' title="bbox 940 2013 1258 2055; baseline 0.003 -10"><span class='ocrx_word' id='word_1_377' title='bbox 940 2013 1120 2055; x_wconf 83' lang='lat' dir='ltr'>deponebat</span> <span class='ocrx_word' id='word_1_378' title='bbox 1135 2014 1258 2046; x_wconf 87' lang='lat' dir='ltr'>Cicero.</span> 
     </span>
    </p>

    <p class='ocr_par' dir='ltr' id='par_1_34' title="bbox 940 2057 1700 2141">
     <span class='ocr_line' id='line_1_58' title="bbox 983 2057 1700 2101; baseline 0.006 -14"><span class='ocrx_word' id='word_1_379' title='bbox 983 2059 1037 2088; x_wconf 85' lang='lat'>40.</span> <span class='ocrx_word' id='word_1_380' title='bbox 1065 2057 1217 2098; x_wconf 78' lang='lat' dir='ltr'>Designaei</span> <span class='ocrx_word' id='word_1_381' title='bbox 1235 2058 1376 2099; x_wconf 73' lang='lat' dir='ltr'>tribuni]</span> <span class='ocrx_word' id='word_1_382' title='bbox 1421 2057 1572 2090; x_wconf 83' lang='lat' dir='ltr'>Metellus</span> <span class='ocrx_word' id='word_1_383' title='bbox 1587 2058 1700 2101; x_wconf 82' lang='lat' dir='ltr'>Nepos</span> 
     </span>
     <span class='ocr_line' id='line_1_59' title="bbox 940 2100 1259 2141; baseline 0.003 -11"><span class='ocrx_word' id='word_1_384' title='bbox 940 2100 1109 2141; x_wconf 71' lang='lat' dir='ltr'>conjuratis</span> <span class='ocrx_word' id='word_1_385' title='bbox 1123 2101 1259 2132; x_wconf 79' lang='lat' dir='ltr'>favebat.</span> 
     </span>
    </p>

    <p class='ocr_par' dir='ltr' id='par_1_35' title="bbox 940 2142 1707 2603">
     <span class='ocr_line' id='line_1_60' title="bbox 984 2142 1702 2185; baseline 0.003 -11"><span class='ocrx_word' id='word_1_386' title='bbox 984 2146 1038 2175; x_wconf 85' lang='lat'>41.</span> <span class='ocrx_word' id='word_1_387' title='bbox 1084 2142 1121 2173; x_wconf 83' lang='lat' dir='ltr'>Te</span> <span class='ocrx_word' id='word_1_388' title='bbox 1144 2145 1184 2173; x_wconf 84' lang='lat' dir='ltr'>ad</span> <span class='ocrx_word' id='word_1_389' title='bbox 1210 2143 1378 2175; x_wconf 68' lang='lat' dir='ltr'>tribunams</span> <span class='ocrx_word' id='word_1_390' title='bbox 1398 2146 1561 2185; x_wconf 78' lang='lat' dir='ltr'>petitionem</span> <span class='ocrx_word' id='word_1_391' title='bbox 1586 2156 1702 2177; x_wconf 81' lang='lat' dir='ltr'>vocave-</span> 
     </span>
     <span class='ocr_line' id='line_1_61' title="bbox 940 2185 1700 2227; baseline 0.001 -10"><span class='ocrx_word' id='word_1_392' title='bbox 940 2187 1040 2227; x_wconf 52' lang='lat' dir='ltr'>runt]</span> <span class='ocrx_word' id='word_1_393' title='bbox 1089 2185 1271 2217; x_wconf 79' lang='lat' dir='ltr'>Plutarchus</span> <span class='ocrx_word' id='word_1_394' title='bbox 1301 2187 1406 2218; x_wconf 84' lang='lat' dir='ltr'>scribit</span> <span class='ocrx_word' id='word_1_395' title='bbox 1432 2187 1542 2218; x_wconf 72' lang='lat' dir='ltr'>invita</span> <span class='ocrx_word' id='word_1_396' title='bbox 1558 2187 1700 2225; x_wconf 87' lang='lat' dir='ltr'>Catonis,</span> 
     </span>
     <span class='ocr_line' id='line_1_62' title="bbox 941 2229 1701 2271; baseline 0.003 -12"><span class='ocrx_word' id='word_1_397' title='bbox 941 2231 1035 2266; x_wconf 82' lang='lat' dir='ltr'>hunc,</span> <span class='ocrx_word' id='word_1_398' title='bbox 1052 2229 1091 2259; x_wconf 86' lang='lat' dir='ltr'>ad</span> <span class='ocrx_word' id='word_1_399' title='bbox 1114 2240 1169 2260; x_wconf 86' lang='lat' dir='ltr'>sua</span> <span class='ocrx_word' id='word_1_400' title='bbox 1192 2231 1310 2270; x_wconf 83' lang='lat' dir='ltr'>praedia</span> <span class='ocrx_word' id='word_1_401' title='bbox 1326 2231 1357 2260; x_wconf 91' lang='lat' dir='ltr'>in</span> <span class='ocrx_word' id='word_1_402' title='bbox 1373 2230 1554 2267; x_wconf 84' lang='lat' dir='ltr'>Lucaniam,</span> <span class='ocrx_word' id='word_1_403' title='bbox 1570 2241 1625 2271; x_wconf 88' lang='lat' dir='ltr'>per</span> <span class='ocrx_word' id='word_1_404' title='bbox 1640 2232 1701 2261; x_wconf 85' lang='lat' dir='ltr'>oti-</span> 
     </span>
     <span class='ocr_line' id='line_1_63' title="bbox 942 2272 1700 2314; baseline 0.003 -12"><span class='ocrx_word' id='word_1_405' title='bbox 942 2272 1227 2308; x_wconf 84' lang='lat' dir='ltr'>um,rusticationis</span> <span class='ocrx_word' id='word_1_406' title='bbox 1257 2272 1356 2314; x_wconf 60' lang='lat' dir='ltr'>gratia</span> <span class='ocrx_word' id='word_1_407' title='bbox 1384 2279 1520 2309; x_wconf 87' lang='lat' dir='ltr'>euntem,</span> <span class='ocrx_word' id='word_1_408' title='bbox 1535 2274 1594 2303; x_wconf 89' lang='lat' dir='ltr'>hoc</span> <span class='ocrx_word' id='word_1_409' title='bbox 1624 2283 1700 2304; x_wconf 86' lang='lat' dir='ltr'>con·</span> 
     </span>
     <span class='ocr_line' id='line_1_64' title="bbox 941 2315 1701 2357; baseline 0 -11"><span class='ocrx_word' id='word_1_410' title='bbox 941 2316 1023 2350; x_wconf 86' lang='lat' dir='ltr'>silio,</span> <span class='ocrx_word' id='word_1_411' title='bbox 1039 2315 1141 2346; x_wconf 81' lang='lat' dir='ltr'>statim</span> <span class='ocrx_word' id='word_1_412' title='bbox 1171 2323 1244 2346; x_wconf 87' lang='lat' dir='ltr'>ante</span> <span class='ocrx_word' id='word_1_413' title='bbox 1272 2327 1434 2357; x_wconf 80' lang='lat' dir='ltr'>vesperam</span> <span class='ocrx_word' id='word_1_414' title='bbox 1459 2315 1526 2356; x_wconf 85' lang='lat' dir='ltr'>ejus</span> <span class='ocrx_word' id='word_1_415' title='bbox 1549 2316 1613 2346; x_wconf 85' lang='lat' dir='ltr'>diei</span> <span class='ocrx_word' id='word_1_416' title='bbox 1637 2327 1701 2357; x_wconf 90' lang='lat' dir='ltr'>quo</span> 
     </span>
     <span class='ocr_line' id='line_1_65' title="bbox 941 2359 1702 2400; baseline 0.003 -12"><span class='ocrx_word' id='word_1_417' title='bbox 941 2359 1044 2388; x_wconf 82' lang='lat' dir='ltr'>suerat</span> <span class='ocrx_word' id='word_1_418' title='bbox 1069 2369 1222 2399; x_wconf 86' lang='lat' dir='ltr'>egressus,</span> <span class='ocrx_word' id='word_1_419' title='bbox 1247 2360 1442 2390; x_wconf 85' lang='lat' dir='ltr'>monentibus</span> <span class='ocrx_word' id='word_1_420' title='bbox 1468 2365 1501 2390; x_wconf 87' lang='lat' dir='ltr'>et</span> <span class='ocrx_word' id='word_1_421' title='bbox 1524 2359 1702 2400; x_wconf 78' lang='lat' dir='ltr'>rogantibus</span> 
     </span>
     <span class='ocr_line' id='line_1_66' title="bbox 943 2401 1703 2442; baseline 0.003 -12"><span class='ocrx_word' id='word_1_422' title='bbox 943 2401 1061 2436; x_wconf 78' lang='lat' dir='ltr'>amicis,</span> <span class='ocrx_word' id='word_1_423' title='bbox 1078 2412 1115 2431; x_wconf 87' lang='lat' dir='ltr'>ex</span> <span class='ocrx_word' id='word_1_424' title='bbox 1144 2402 1212 2442; x_wconf 86' lang='lat' dir='ltr'>ipso</span> <span class='ocrx_word' id='word_1_425' title='bbox 1237 2402 1347 2433; x_wconf 86' lang='lat' dir='ltr'>itinere</span> <span class='ocrx_word' id='word_1_426' title='bbox 1370 2402 1505 2432; x_wconf 87' lang='lat' dir='ltr'>Romam</span> <span class='ocrx_word' id='word_1_427' title='bbox 1528 2402 1703 2439; x_wconf 81' lang='lat' dir='ltr'>revertisse,</span> 
     </span>
     <span class='ocr_line' id='line_1_67' title="bbox 943 2444 1704 2485; baseline 0.004 -13"><span class='ocrx_word' id='word_1_428' title='bbox 943 2449 977 2473; x_wconf 89' lang='lat' dir='ltr'>ut</span> <span class='ocrx_word' id='word_1_429' title='bbox 992 2444 1062 2473; x_wconf 84' lang='lat' dir='ltr'>huic</span> <span class='ocrx_word' id='word_1_430' title='bbox 1078 2455 1144 2474; x_wconf 86' lang='lat' dir='ltr'>sese</span> <span class='ocrx_word' id='word_1_431' title='bbox 1158 2445 1292 2476; x_wconf 84' lang='lat' dir='ltr'>Metello</span> <span class='ocrx_word' id='word_1_432' title='bbox 1306 2451 1338 2475; x_wconf 85' lang='lat' dir='ltr'>et</span> <span class='ocrx_word' id='word_1_433' title='bbox 1352 2444 1417 2485; x_wconf 83' lang='lat' dir='ltr'>ejus</span> <span class='ocrx_word' id='word_1_434' title='bbox 1432 2445 1552 2475; x_wconf 78' lang='lat' dir='ltr'>furiosis</span> <span class='ocrx_word' id='word_1_435' title='bbox 1566 2445 1704 2475; x_wconf 81' lang='lat' dir='ltr'>consiliis</span> 
     </span>
     <span class='ocr_line' id='line_1_68' title="bbox 944 2487 1704 2529; baseline 0.005 -15"><span class='ocrx_word' id='word_1_436' title='bbox 944 2493 1130 2526; x_wconf 78' lang='lat' dir='ltr'>opponeret,</span> <span class='ocrx_word' id='word_1_437' title='bbox 1142 2498 1247 2527; x_wconf 86' lang='lat' dir='ltr'>quem,</span> <span class='ocrx_word' id='word_1_438' title='bbox 1261 2489 1319 2518; x_wconf 89' lang='lat' dir='ltr'>hoc</span> <span class='ocrx_word' id='word_1_439' title='bbox 1330 2488 1399 2528; x_wconf 88' lang='lat' dir='ltr'>ipso</span> <span class='ocrx_word' id='word_1_440' title='bbox 1415 2487 1577 2526; x_wconf 73' lang='lat' dir='ltr'>initinere,</span> <span class='ocrx_word' id='word_1_441' title='bbox 1592 2489 1630 2521; x_wconf 78' lang='lat' dir='ltr'>ad</span> <span class='ocrx_word' id='word_1_442' title='bbox 1648 2498 1704 2529; x_wconf 83' lang='lat' dir='ltr'>pe-</span> 
     </span>
     <span class='ocr_line' id='line_1_69' title="bbox 945 2528 1707 2579; baseline 0.005 -22"><span class='ocrx_word' id='word_1_443' title='bbox 945 2528 1085 2579; x_wconf 65' lang='lat' dir='ltr'>titionem</span> <span class='ocrx_word' id='word_1_444' title='bbox 1100 2529 1272 2560; x_wconf 72' lang='lat' dir='ltr'>tribunatus</span> <span class='ocrx_word' id='word_1_445' title='bbox 1296 2530 1430 2561; x_wconf 87' lang='lat' dir='ltr'>Romam</span> <span class='ocrx_word' id='word_1_446' title='bbox 1453 2541 1629 2571; x_wconf 85' lang='lat' dir='ltr'>properare,</span> <span class='ocrx_word' id='word_1_447' title='bbox 1644 2531 1707 2572; x_wconf 81' lang='lat' dir='ltr'>pri-</span> 
     </span>
     <span class='ocr_line' id='line_1_70' title="bbox 946 2573 1219 2603; baseline 0.004 -2"><span class='ocrx_word' id='word_1_448' title='bbox 946 2582 1030 2601; x_wconf 87' lang='lat' dir='ltr'>mum</span> <span class='ocrx_word' id='word_1_449' title='bbox 1045 2573 1219 2603; x_wconf 86' lang='lat' dir='ltr'>resciverat.</span> 
     </span>
    </p>

    <p class='ocr_par' dir='ltr' id='par_1_36' title="bbox 946 2615 1706 2739">
     <span class='ocr_line' id='line_1_71' title="bbox 991 2615 1706 2658; baseline 0.003 -13"><span class='ocrx_word' id='word_1_450' title='bbox 991 2616 1043 2645; x_wconf 84' lang='lat'>43.</span> <span class='ocrx_word' id='word_1_451' title='bbox 1067 2615 1094 2643; x_wconf 84' lang='lat' dir='ltr'><strong><em>A</em></strong></span> <span class='ocrx_word' id='word_1_452' title='bbox 1121 2615 1158 2645; x_wconf 94' lang='lat' dir='ltr'>L.</span> <span class='ocrx_word' id='word_1_453' title='bbox 1177 2615 1318 2653; x_wconf 66' lang='lat' dir='ltr'>Cantiaci,</span> <span class='ocrx_word' id='word_1_454' title='bbox 1334 2622 1362 2646; x_wconf 85' lang='lat' dir='ltr'>et</span> <span class='ocrx_word' id='word_1_455' title='bbox 1387 2615 1442 2646; x_wconf 88' lang='lat' dir='ltr'>Cn.</span> <span class='ocrx_word' id='word_1_456' title='bbox 1463 2617 1597 2658; x_wconf 69' lang='lat' dir='ltr'>Pisone]</span> <span class='ocrx_word' id='word_1_457' title='bbox 1643 2615 1706 2647; x_wconf 88' lang='lat' dir='ltr'>Lo-</span> 
     </span>
     <span class='ocr_line' id='line_1_72' title="bbox 949 2657 1706 2701; baseline 0.004 -14"><span class='ocrx_word' id='word_1_458' title='bbox 949 2658 1053 2698; x_wconf 79' lang='lat' dir='ltr'>quitur</span> <span class='ocrx_word' id='word_1_459' title='bbox 1069 2657 1108 2688; x_wconf 93' lang='lat' dir='ltr'>de</span> <span class='ocrx_word' id='word_1_460' title='bbox 1135 2658 1234 2699; x_wconf 70' lang='lat' dir='ltr'>prima</span> <span class='ocrx_word' id='word_1_461' title='bbox 1259 2657 1484 2699; x_wconf 84' lang='lat' dir='ltr'>conjuratione,</span> <span class='ocrx_word' id='word_1_462' title='bbox 1499 2670 1568 2701; x_wconf 85' lang='lat' dir='ltr'>quae</span> <span class='ocrx_word' id='word_1_463' title='bbox 1583 2660 1706 2700; x_wconf 86' lang='lat' dir='ltr'>Lepido</span> 
     </span>
     <span class='ocr_line' id='line_1_73' title="bbox 946 2699 1706 2739; baseline 0.004 -8"><span class='ocrx_word' id='word_1_464' title='bbox 946 2706 979 2731; x_wconf 91' lang='lat' dir='ltr'>et</span> <span class='ocrx_word' id='word_1_465' title='bbox 994 2699 1138 2733; x_wconf 86' lang='lat' dir='ltr'>Volcatio</span> <span class='ocrx_word' id='word_1_466' title='bbox 1153 2701 1339 2739; x_wconf 81' lang='lat' dir='ltr'>Coss‚facta</span> <span class='ocrx_word' id='word_1_467' title='bbox 1365 2707 1423 2734; x_wconf 88' lang='lat' dir='ltr'>est.</span> <span class='ocrx_word' id='word_1_468' title='bbox 1468 2703 1553 2735; x_wconf 85' lang='lat' dir='ltr'>Vide</span> <span class='ocrx_word' id='word_1_469' title='bbox 1579 2703 1706 2735; x_wconf 75' lang='lat' dir='ltr'>Sallunt.</span> 
     </span>
    </p>
   </div>
  </div>
 </body>
</html>
