<?xml version="1.0" encoding="UTF-8"?>
<!DOCTYPE html PUBLIC "-//W3C//DTD XHTML 1.0 Transitional//EN"
    "http://www.w3.org/TR/xhtml1/DTD/xhtml1-transitional.dtd">
<html xmlns="http://www.w3.org/1999/xhtml" xml:lang="en" lang="en">
 <head>
  <title>
</title>
<meta http-equiv="Content-Type" content="text/html;charset=utf-8" />
  <meta name='ocr-system' content='tesseract 3.04.00' />
  <meta name='ocr-capabilities' content='ocr_page ocr_carea ocr_par ocr_line ocrx_word'/>
</head>
<body>
  <div class='ocr_page' id='page_1' title='image "./selectaeoratione00ciceuoft_0044.png"; bbox 0 0 1790 3090; ppageno 0'>
   <div class='ocr_carea' id='block_1_1' title="bbox 585 145 1194 189">
    <p class='ocr_par' dir='ltr' id='par_1_1' title="bbox 585 145 1194 189">
     <span class='ocr_line' id='line_1_1' title="bbox 585 145 1194 189; baseline 0.003 -11"><span class='ocrx_word' id='word_1_1' title='bbox 585 145 638 178; x_wconf 87' lang='lat' dir='ltr'>IN</span> <span class='ocrx_word' id='word_1_2' title='bbox 661 145 915 189; x_wconf 81' lang='lat' dir='ltr'>CAECILIUM,</span> <span class='ocrx_word' id='word_1_3' title='bbox 936 146 1194 182; x_wconf 80' lang='lat' dir='ltr'>DIVINATIO.</span> 
     </span>
    </p>
   </div>
   <div class='ocr_carea' id='block_1_2' title="bbox 72 222 1682 736">
    <p class='ocr_par' dir='ltr' id='par_1_2' title="bbox 72 222 1682 736">
     <span class='ocr_line' id='line_1_2' title="bbox 170 222 1682 282; baseline -0.001 -13"><span class='ocrx_word' id='word_1_4' title='bbox 170 225 232 269; x_wconf 84' lang='grc' dir='ltr'>ΙΙ.</span> <span class='ocrx_word' id='word_1_5' title='bbox 267 225 500 269; x_wconf 90' lang='lat' dir='ltr'>Adductus</span> <span class='ocrx_word' id='word_1_6' title='bbox 517 239 626 277; x_wconf 90' lang='lat' dir='ltr'>sum,</span> <span class='ocrx_word' id='word_1_7' title='bbox 653 225 838 282; x_wconf 86' lang='lat' dir='ltr'>judices,</span> <span class='ocrx_word' id='word_1_8' title='bbox 862 224 1020 277; x_wconf 89' lang='lat' dir='ltr'>officio,</span> <span class='ocrx_word' id='word_1_9' title='bbox 1050 225 1152 277; x_wconf 85' lang='lat' dir='ltr'>fide,</span> <span class='ocrx_word' id='word_1_10' title='bbox 1182 222 1494 276; x_wconf 61' lang='lat' dir='ltr'>misericordia,</span> <span class='ocrx_word' id='word_1_11' title='bbox 1523 225 1682 269; x_wconf 84' lang='lat' dir='ltr'>multo-</span> 
     </span>
     <span class='ocr_line' id='line_1_3' title="bbox 111 281 1681 339; baseline -0.002 -12"><span class='ocrx_word' id='word_1_12' title='bbox 111 299 202 327; x_wconf 86' lang='lat' dir='ltr'>rum</span> <span class='ocrx_word' id='word_1_13' title='bbox 223 284 436 326; x_wconf 87' lang='lat' dir='ltr'>bonorum</span> <span class='ocrx_word' id='word_1_14' title='bbox 461 283 673 338; x_wconf 85' lang='lat' dir='ltr'>exemplo,</span> <span class='ocrx_word' id='word_1_15' title='bbox 702 283 835 324; x_wconf 89' lang='lat' dir='ltr'>veteri</span> <span class='ocrx_word' id='word_1_16' title='bbox 873 282 1200 334; x_wconf 84' lang='lat' dir='ltr'>consuetudine,</span> <span class='ocrx_word' id='word_1_17' title='bbox 1230 281 1514 337; x_wconf 76' lang='lat' dir='ltr'>institutoque</span> <span class='ocrx_word' id='word_1_18' title='bbox 1545 283 1681 339; x_wconf 83' lang='lat' dir='ltr'>majo-</span> 
     </span>
     <span class='ocr_line' id='line_1_4' title="bbox 111 338 1680 396; baseline -0.002 -13"><span class='ocrx_word' id='word_1_19' title='bbox 111 357 220 391; x_wconf 88' lang='lat' dir='ltr'>rum,</span> <span class='ocrx_word' id='word_1_20' title='bbox 253 347 302 382; x_wconf 88' lang='lat' dir='ltr'>ut</span> <span class='ocrx_word' id='word_1_21' title='bbox 323 355 431 382; x_wconf 90' lang='lat' dir='ltr'>onus</span> <span class='ocrx_word' id='word_1_22' title='bbox 454 340 538 380; x_wconf 92' lang='lat' dir='ltr'>hoc</span> <span class='ocrx_word' id='word_1_23' title='bbox 556 339 715 380; x_wconf 87' lang='lat' dir='ltr'>laboris</span> <span class='ocrx_word' id='word_1_24' title='bbox 735 347 865 396; x_wconf 84' lang='lat' dir='ltr'>atque</span> <span class='ocrx_word' id='word_1_25' title='bbox 897 338 1041 388; x_wconf 92' lang='lat' dir='ltr'>officii,</span> <span class='ocrx_word' id='word_1_26' title='bbox 1072 353 1158 380; x_wconf 88' lang='lat' dir='ltr'>non</span> <span class='ocrx_word' id='word_1_27' title='bbox 1180 353 1232 380; x_wconf 86' lang='lat' dir='ltr'>ex</span> <span class='ocrx_word' id='word_1_28' title='bbox 1250 353 1360 388; x_wconf 90' lang='lat' dir='ltr'>meo,</span> <span class='ocrx_word' id='word_1_29' title='bbox 1391 339 1467 380; x_wconf 90' lang='lat' dir='ltr'>sed</span> <span class='ocrx_word' id='word_1_30' title='bbox 1490 353 1542 380; x_wconf 88' lang='lat' dir='ltr'>ex</span> <span class='ocrx_word' id='word_1_31' title='bbox 1563 352 1680 380; x_wconf 87' lang='lat' dir='ltr'>meo-</span> 
     </span>
     <span class='ocr_line' id='line_1_5' title="bbox 112 395 1680 452; baseline -0.002 -13"><span class='ocrx_word' id='word_1_32' title='bbox 112 413 205 439; x_wconf 88' lang='lat' dir='ltr'>rum</span> <span class='ocrx_word' id='word_1_33' title='bbox 227 396 572 438; x_wconf 85' lang='lat' dir='ltr'>necessariorum</span> <span class='ocrx_word' id='word_1_34' title='bbox 592 406 800 451; x_wconf 87' lang='lat' dir='ltr'>tempore,</span> <span class='ocrx_word' id='word_1_35' title='bbox 815 395 920 437; x_wconf 91' lang='lat' dir='ltr'>mihi</span> <span class='ocrx_word' id='word_1_36' title='bbox 937 395 1261 452; x_wconf 88' lang='lat' dir='ltr'>suscipiendum</span> <span class='ocrx_word' id='word_1_37' title='bbox 1280 402 1490 452; x_wconf 86' lang='lat' dir='ltr'>putarem.</span> <span class='ocrx_word' id='word_1_38' title='bbox 1521 396 1620 444; x_wconf 86' lang='lat' dir='ltr'>Quo</span> <span class='ocrx_word' id='word_1_39' title='bbox 1635 395 1680 436; x_wconf 86' lang='lat' dir='ltr'>in</span> 
     </span>
     <span class='ocr_line' id='line_1_6' title="bbox 72 451 1680 510; baseline -0.003 -13"><span class='ocrx_word' id='word_1_40' title='bbox 72 457 99 497; x_wconf 88' lang='grc'><em>5</em></span> <span class='ocrx_word' id='word_1_41' title='bbox 112 454 294 510; x_wconf 84' lang='lat' dir='ltr'>negotio</span> <span class='ocrx_word' id='word_1_42' title='bbox 319 461 464 494; x_wconf 86' lang='lat' dir='ltr'>tamen</span> <span class='ocrx_word' id='word_1_43' title='bbox 487 453 561 493; x_wconf 81' lang='lat' dir='ltr'>illa</span> <span class='ocrx_word' id='word_1_44' title='bbox 578 467 646 494; x_wconf 91' lang='lat' dir='ltr'>me</span> <span class='ocrx_word' id='word_1_45' title='bbox 663 467 743 501; x_wconf 89' lang='lat' dir='ltr'>res,</span> <span class='ocrx_word' id='word_1_46' title='bbox 759 451 946 508; x_wconf 86' lang='lat' dir='ltr'>judices,</span> <span class='ocrx_word' id='word_1_47' title='bbox 965 453 1225 503; x_wconf 85' lang='lat' dir='ltr'>consolatur,</span> <span class='ocrx_word' id='word_1_48' title='bbox 1239 451 1355 507; x_wconf 74' lang='lat' dir='ltr'>quod</span> <span class='ocrx_word' id='word_1_49' title='bbox 1377 452 1483 500; x_wconf 89' lang='lat' dir='ltr'>haec,</span> <span class='ocrx_word' id='word_1_50' title='bbox 1505 467 1602 508; x_wconf 85' lang='lat' dir='ltr'>quae</span> <span class='ocrx_word' id='word_1_51' title='bbox 1617 451 1680 493; x_wconf 89' lang='lat' dir='ltr'>vi-</span> 
     </span>
     <span class='ocr_line' id='line_1_7' title="bbox 112 507 1680 564; baseline -0.002 -12"><span class='ocrx_word' id='word_1_52' title='bbox 112 511 239 552; x_wconf 87' lang='lat' dir='ltr'>detur</span> <span class='ocrx_word' id='word_1_53' title='bbox 262 525 356 552; x_wconf 87' lang='lat' dir='ltr'>esse</span> <span class='ocrx_word' id='word_1_54' title='bbox 378 509 600 551; x_wconf 84' lang='lat' dir='ltr'>accusatio</span> <span class='ocrx_word' id='word_1_55' title='bbox 621 523 732 560; x_wconf 83' lang='lat' dir='ltr'>mea,</span> <span class='ocrx_word' id='word_1_56' title='bbox 750 523 837 550; x_wconf 90' lang='lat' dir='ltr'>non</span> <span class='ocrx_word' id='word_1_57' title='bbox 852 507 994 564; x_wconf 73' lang='lat' dir='ltr'>potius</span> <span class='ocrx_word' id='word_1_58' title='bbox 1016 507 1236 549; x_wconf 82' lang='lat' dir='ltr'>accusatio</span> <span class='ocrx_word' id='word_1_59' title='bbox 1258 507 1387 563; x_wconf 60' lang='lat' dir='ltr'>quem</span> <span class='ocrx_word' id='word_1_60' title='bbox 1404 508 1597 550; x_wconf 86' lang='lat' dir='ltr'>defensio</span> <span class='ocrx_word' id='word_1_61' title='bbox 1612 513 1680 549; x_wconf 77' lang='lat' dir='ltr'>est</span> 
     </span>
     <span class='ocr_line' id='line_1_8' title="bbox 111 564 1678 621; baseline -0.001 -12"><span class='ocrx_word' id='word_1_62' title='bbox 111 567 413 609; x_wconf 83' lang='lat' dir='ltr'>existimanda.</span> <span class='ocrx_word' id='word_1_63' title='bbox 435 565 634 608; x_wconf 90' lang='lat' dir='ltr'>Defendo</span> <span class='ocrx_word' id='word_1_64' title='bbox 649 565 760 607; x_wconf 87' lang='lat' dir='ltr'>enirn</span> <span class='ocrx_word' id='word_1_65' title='bbox 775 566 932 606; x_wconf 88' lang='lat' dir='ltr'>multos</span> <span class='ocrx_word' id='word_1_66' title='bbox 946 565 1163 615; x_wconf 84' lang='lat' dir='ltr'>mortales,</span> <span class='ocrx_word' id='word_1_67' title='bbox 1181 564 1338 605; x_wconf 86' lang='lat' dir='ltr'>multas</span> <span class='ocrx_word' id='word_1_68' title='bbox 1355 564 1567 617; x_wconf 85' lang='lat' dir='ltr'>civitates,</span> <span class='ocrx_word' id='word_1_69' title='bbox 1580 579 1678 621; x_wconf 84' lang='lat' dir='ltr'>pro-</span> 
     </span>
     <span class='ocr_line' id='line_1_9' title="bbox 110 620 1679 673; baseline -0.001 -8"><span class='ocrx_word' id='word_1_70' title='bbox 110 623 299 665; x_wconf 84' lang='lat' dir='ltr'>vinciam</span> <span class='ocrx_word' id='word_1_71' title='bbox 318 622 510 664; x_wconf 85' lang='lat' dir='ltr'>Siciliam</span> <span class='ocrx_word' id='word_1_72' title='bbox 535 629 688 664; x_wconf 85' lang='lat' dir='ltr'>totam.</span> <span class='ocrx_word' id='word_1_73' title='bbox 749 621 1056 673; x_wconf 86' lang='lat' dir='ltr'><strong>Quamobrem,</strong></span> <span class='ocrx_word' id='word_1_74' title='bbox 1074 621 1110 662; x_wconf 92' lang='lat' dir='ltr'>si</span> <span class='ocrx_word' id='word_1_75' title='bbox 1127 620 1233 662; x_wconf 91' lang='lat' dir='ltr'>mihi</span> <span class='ocrx_word' id='word_1_76' title='bbox 1253 635 1364 662; x_wconf 90' lang='lat' dir='ltr'>unus</span> <span class='ocrx_word' id='word_1_77' title='bbox 1387 628 1453 663; x_wconf 89' lang='lat' dir='ltr'>est</span> <span class='ocrx_word' id='word_1_78' title='bbox 1471 636 1679 663; x_wconf 85' lang='lat' dir='ltr'>accusan-</span> 
     </span>
     <span class='ocr_line' id='line_1_10' title="bbox 111 677 1676 736; baseline -0.001 -15"><span class='ocrx_word' id='word_1_79' title='bbox 111 680 207 731; x_wconf 91' lang='lat' dir='ltr'><strong>dus,</strong></span> <span class='ocrx_word' id='word_1_80' title='bbox 239 679 552 736; x_wconf 73' lang='lat' dir='ltr'>propemodum</span> <span class='ocrx_word' id='word_1_81' title='bbox 573 693 743 721; x_wconf 83' lang='lat' dir='ltr'>manere</span> <span class='ocrx_word' id='word_1_82' title='bbox 767 678 967 720; x_wconf 89' lang='lat' dir='ltr'>instituto</span> <span class='ocrx_word' id='word_1_83' title='bbox 998 693 1096 720; x_wconf 91' lang='lat' dir='ltr'>meo</span> <span class='ocrx_word' id='word_1_84' title='bbox 1131 678 1288 726; x_wconf 90' lang='lat' dir='ltr'>videor,</span> <span class='ocrx_word' id='word_1_85' title='bbox 1319 684 1363 718; x_wconf 87' lang='lat' dir='ltr'>et</span> <span class='ocrx_word' id='word_1_86' title='bbox 1391 693 1480 719; x_wconf 91' lang='lat' dir='ltr'>non</span> <span class='ocrx_word' id='word_1_87' title='bbox 1500 677 1676 720; x_wconf 73' lang='lat' dir='ltr'>omnino</span> 
     </span>
    </p>
   </div>
   <div class='ocr_carea' id='block_1_3' title="bbox 46 733 1676 791">
    <p class='ocr_par' dir='ltr' id='par_1_3' title="bbox 46 733 1676 791">
     <span class='ocr_line' id='line_1_11' title="bbox 46 733 1676 791; baseline -0.001 -13"><span class='ocrx_word' id='word_1_88' title='bbox 46 738 98 781; x_wconf 88' lang='lat'>10</span> <span class='ocrx_word' id='word_1_89' title='bbox 110 735 136 777; x_wconf 71' lang='grc' dir='ltr'>ὲ</span> <span class='ocrx_word' id='word_1_90' title='bbox 152 736 437 778; x_wconf 83' lang='lat' dir='ltr'>defendendis</span> <span class='ocrx_word' id='word_1_91' title='bbox 453 736 701 778; x_wconf 90' lang='lat' dir='ltr'>hominibus</span> <span class='ocrx_word' id='word_1_92' title='bbox 723 735 1084 791; x_wconf 83' lang='lat' dir='ltr'>sublevandisque</span> <span class='ocrx_word' id='word_1_93' title='bbox 1098 733 1332 776; x_wconf 87' lang='lat' dir='ltr'>discedere.</span> <span class='ocrx_word' id='word_1_94' title='bbox 1365 734 1492 782; x_wconf 78' lang='lat' dir='ltr'>Quod</span> <span class='ocrx_word' id='word_1_95' title='bbox 1507 734 1543 775; x_wconf 90' lang='lat' dir='ltr'>si</span> <span class='ocrx_word' id='word_1_96' title='bbox 1562 735 1676 776; x_wconf 81' lang='lat' dir='ltr'>hanc</span> 
     </span>
    </p>
   </div>
   <div class='ocr_carea' id='block_1_4' title="bbox 43 789 1676 1306">
    <p class='ocr_par' dir='ltr' id='par_1_4' title="bbox 43 789 1676 1306">
     <span class='ocr_line' id='line_1_12' title="bbox 111 789 1676 849; baseline -0.002 -15"><span class='ocrx_word' id='word_1_97' title='bbox 111 807 287 834; x_wconf 83' lang='lat' dir='ltr'>causam</span> <span class='ocrx_word' id='word_1_98' title='bbox 305 799 393 834; x_wconf 85' lang='lat' dir='ltr'>tam</span> <span class='ocrx_word' id='word_1_99' title='bbox 414 793 630 845; x_wconf 84' lang='lat' dir='ltr'>idoneam,</span> <span class='ocrx_word' id='word_1_100' title='bbox 652 800 741 834; x_wconf 83' lang='lat' dir='ltr'>tam</span> <span class='ocrx_word' id='word_1_101' title='bbox 758 793 980 841; x_wconf 83' lang='lat' dir='ltr'>illustrem,</span> <span class='ocrx_word' id='word_1_102' title='bbox 1001 798 1090 833; x_wconf 85' lang='lat' dir='ltr'>tam</span> <span class='ocrx_word' id='word_1_103' title='bbox 1104 805 1276 849; x_wconf 84' lang='lat' dir='ltr'>gravem</span> <span class='ocrx_word' id='word_1_104' title='bbox 1292 805 1379 832; x_wconf 90' lang='lat' dir='ltr'>non</span> <span class='ocrx_word' id='word_1_105' title='bbox 1395 791 1622 833; x_wconf 86' lang='lat' dir='ltr'>haberem:</span> <span class='ocrx_word' id='word_1_106' title='bbox 1639 789 1676 832; x_wconf 86' lang='lat' dir='ltr'>si</span> 
     </span>
     <span class='ocr_line' id='line_1_13' title="bbox 110 847 1676 905; baseline -0.001 -15"><span class='ocrx_word' id='word_1_107' title='bbox 110 856 186 891; x_wconf 80' lang='lat' dir='ltr'>aut</span> <span class='ocrx_word' id='word_1_108' title='bbox 217 850 302 891; x_wconf 92' lang='lat' dir='ltr'>hoc</span> <span class='ocrx_word' id='word_1_109' title='bbox 339 848 365 890; x_wconf 73' lang='grc' dir='ltr'>ὲ,</span> <span class='ocrx_word' id='word_1_110' title='bbox 392 864 460 891; x_wconf 83' lang='grc'>1110</span> <span class='ocrx_word' id='word_1_111' title='bbox 484 849 622 891; x_wconf 81' lang='lat' dir='ltr'>Siculi</span> <span class='ocrx_word' id='word_1_112' title='bbox 644 864 732 891; x_wconf 91' lang='lat' dir='ltr'>non</span> <span class='ocrx_word' id='word_1_113' title='bbox 753 848 977 905; x_wconf 79' lang='lat' dir='ltr'>petissent,</span> <span class='ocrx_word' id='word_1_114' title='bbox 1008 856 1084 890; x_wconf 78' lang='lat' dir='ltr'>aut</span> <span class='ocrx_word' id='word_1_115' title='bbox 1105 848 1209 890; x_wconf 88' lang='lat' dir='ltr'>mihi</span> <span class='ocrx_word' id='word_1_116' title='bbox 1231 862 1325 890; x_wconf 88' lang='lat' dir='ltr'>cum</span> <span class='ocrx_word' id='word_1_117' title='bbox 1350 847 1507 889; x_wconf 85' lang='lat' dir='ltr'>Siculis</span> <span class='ocrx_word' id='word_1_118' title='bbox 1543 862 1676 889; x_wconf 82' lang='lat' dir='ltr'>causa</span> 
     </span>
     <span class='ocr_line' id='line_1_14' title="bbox 108 903 1675 960; baseline -0.001 -14"><span class='ocrx_word' id='word_1_119' title='bbox 108 912 242 947; x_wconf 82' lang='lat' dir='ltr'>tantae</span> <span class='ocrx_word' id='word_1_120' title='bbox 258 906 593 947; x_wconf 85' lang='lat' dir='ltr'>necessitudinis</span> <span class='ocrx_word' id='word_1_121' title='bbox 608 921 694 947; x_wconf 92' lang='lat' dir='ltr'>non</span> <span class='ocrx_word' id='word_1_122' title='bbox 714 905 1013 957; x_wconf 80' lang='lat' dir='ltr'>intercederet,</span> <span class='ocrx_word' id='word_1_123' title='bbox 1028 911 1071 947; x_wconf 93' lang='lat' dir='ltr'>et</span> <span class='ocrx_word' id='word_1_124' title='bbox 1091 906 1190 956; x_wconf 91' lang='lat' dir='ltr'>hoc,</span> <span class='ocrx_word' id='word_1_125' title='bbox 1212 904 1329 960; x_wconf 83' lang='lat' dir='ltr'>quod</span> <span class='ocrx_word' id='word_1_126' title='bbox 1349 903 1478 956; x_wconf 85' lang='lat' dir='ltr'>facio,</span> <span class='ocrx_word' id='word_1_127' title='bbox 1493 919 1561 946; x_wconf 89' lang='lat' dir='ltr'>me</span> <span class='ocrx_word' id='word_1_128' title='bbox 1575 903 1675 945; x_wconf 89' lang='lat' dir='ltr'>Rei-</span> 
     </span>
     <span class='ocr_line' id='line_1_15' title="bbox 108 961 1675 1018; baseline 0 -16"><span class='ocrx_word' id='word_1_129' title='bbox 108 962 213 1018; x_wconf 89' lang='lat' dir='ltr'>pub.</span> <span class='ocrx_word' id='word_1_130' title='bbox 237 962 366 1003; x_wconf 55' lang='lat' dir='ltr'>caus&amp;</span> <span class='ocrx_word' id='word_1_131' title='bbox 389 962 529 1004; x_wconf 83' lang='lat' dir='ltr'>facere</span> <span class='ocrx_word' id='word_1_132' title='bbox 550 963 786 1018; x_wconf 87' lang='lat' dir='ltr'>profiterer,</span> <span class='ocrx_word' id='word_1_133' title='bbox 816 970 862 1004; x_wconf 92' lang='lat' dir='ltr'>ut</span> <span class='ocrx_word' id='word_1_134' title='bbox 883 963 1014 1004; x_wconf 88' lang='lat' dir='ltr'>homo</span> <span class='ocrx_word' id='word_1_135' title='bbox 1034 962 1241 1018; x_wconf 83' lang='lat' dir='ltr'>singulari</span> <span class='ocrx_word' id='word_1_136' title='bbox 1269 961 1523 1017; x_wconf 82' lang='lat' dir='ltr'>cupiditate,</span> <span class='ocrx_word' id='word_1_137' title='bbox 1545 961 1675 1002; x_wconf 85' lang='lat' dir='ltr'>auda·</span> 
     </span>
     <span class='ocr_line' id='line_1_16' title="bbox 43 1017 1674 1076; baseline -0.002 -14"><span class='ocrx_word' id='word_1_138' title='bbox 43 1021 96 1062; x_wconf 88' lang='grc'>15</span> <span class='ocrx_word' id='word_1_139' title='bbox 110 1017 196 1069; x_wconf 54' lang='lat' dir='ltr'>ciet,</span> <span class='ocrx_word' id='word_1_140' title='bbox 210 1018 372 1060; x_wconf 85' lang='lat' dir='ltr'>scelere</span> <span class='ocrx_word' id='word_1_141' title='bbox 387 1019 607 1073; x_wconf 71' lang='lat' dir='ltr'>praeditus,</span> <span class='ocrx_word' id='word_1_142' title='bbox 618 1020 741 1076; x_wconf 85' lang='lat' dir='ltr'>cujus</span> <span class='ocrx_word' id='word_1_143' title='bbox 758 1020 870 1060; x_wconf 84' lang='lat' dir='ltr'>furta</span> <span class='ocrx_word' id='word_1_144' title='bbox 884 1026 1012 1075; x_wconf 80' lang='lat' dir='ltr'>atque</span> <span class='ocrx_word' id='word_1_145' title='bbox 1025 1018 1189 1075; x_wconf 83' lang='lat' dir='ltr'>flagitia</span> <span class='ocrx_word' id='word_1_146' title='bbox 1201 1018 1344 1059; x_wconf 90' lang='lat' dir='ltr'>nonin</span> <span class='ocrx_word' id='word_1_147' title='bbox 1355 1017 1506 1059; x_wconf 57' lang='lat' dir='ltr'>Sicilia</span> <span class='ocrx_word' id='word_1_148' title='bbox 1520 1017 1674 1069; x_wconf 76' lang='lat' dir='ltr'>solum,</span> 
     </span>
     <span class='ocr_line' id='line_1_17' title="bbox 109 1073 1674 1132; baseline -0.001 -16"><span class='ocrx_word' id='word_1_149' title='bbox 109 1075 186 1116; x_wconf 90' lang='lat' dir='ltr'>sed</span> <span class='ocrx_word' id='word_1_150' title='bbox 204 1074 247 1115; x_wconf 90' lang='lat' dir='ltr'>in</span> <span class='ocrx_word' id='word_1_151' title='bbox 259 1075 750 1127; x_wconf 60' lang='lat' dir='ltr'>Aehaffi‚Asifi‚Cilicia‚</span> <span class='ocrx_word' id='word_1_152' title='bbox 766 1074 1200 1132; x_wconf 55' lang='lat' dir='ltr'>PamphylifiuRomae</span> <span class='ocrx_word' id='word_1_153' title='bbox 1213 1073 1400 1129; x_wconf 89' lang='lat' dir='ltr'>denique</span> <span class='ocrx_word' id='word_1_154' title='bbox 1414 1082 1513 1115; x_wconf 85' lang='lat' dir='ltr'>ante</span> <span class='ocrx_word' id='word_1_155' title='bbox 1524 1074 1674 1115; x_wconf 88' lang='lat' dir='ltr'>oculos</span> 
     </span>
     <span class='ocr_line' id='line_1_18' title="bbox 109 1130 1674 1187; baseline -0.001 -15"><span class='ocrx_word' id='word_1_156' title='bbox 109 1131 315 1182; x_wconf 83' lang='lat' dir='ltr'>omnium,</span> <span class='ocrx_word' id='word_1_157' title='bbox 333 1132 523 1172; x_wconf 79' lang='lat' dir='ltr'>maxima</span> <span class='ocrx_word' id='word_1_158' title='bbox 535 1132 870 1187; x_wconf 80' lang='lat' dir='ltr'>turpissimaque</span> <span class='ocrx_word' id='word_1_159' title='bbox 883 1134 1126 1182; x_wconf 76' lang='lat' dir='ltr'>nossemuS,</span> <span class='ocrx_word' id='word_1_160' title='bbox 1140 1145 1208 1172; x_wconf 90' lang='lat' dir='ltr'>me</span> <span class='ocrx_word' id='word_1_161' title='bbox 1220 1138 1397 1185; x_wconf 72' lang='lat' dir='ltr'>aagente</span> <span class='ocrx_word' id='word_1_162' title='bbox 1410 1130 1453 1171; x_wconf 92' lang='lat' dir='ltr'>in</span> <span class='ocrx_word' id='word_1_163' title='bbox 1460 1130 1674 1186; x_wconf 88' lang='lat' dir='ltr'>judicium</span> 
     </span>
     <span class='ocr_line' id='line_1_19' title="bbox 107 1186 1675 1244; baseline 0 -17"><span class='ocrx_word' id='word_1_164' title='bbox 107 1193 355 1237; x_wconf 77' lang='lat' dir='ltr'>vocaretur3</span> <span class='ocrx_word' id='word_1_165' title='bbox 387 1188 483 1243; x_wconf 90' lang='lat' dir='ltr'>quis</span> <span class='ocrx_word' id='word_1_166' title='bbox 517 1190 692 1228; x_wconf 84' lang='lat' dir='ltr'>tandem</span> <span class='ocrx_word' id='word_1_167' title='bbox 724 1194 853 1239; x_wconf 91' lang='lat' dir='ltr'>esset,</span> <span class='ocrx_word' id='word_1_168' title='bbox 885 1187 959 1244; x_wconf 92' lang='lat' dir='ltr'>qui</span> <span class='ocrx_word' id='word_1_169' title='bbox 994 1201 1138 1228; x_wconf 90' lang='lat' dir='ltr'>meum</span> <span class='ocrx_word' id='word_1_170' title='bbox 1158 1187 1321 1228; x_wconf 83' lang='lat' dir='ltr'>factum</span> <span class='ocrx_word' id='word_1_171' title='bbox 1342 1192 1417 1228; x_wconf 83' lang='lat' dir='ltr'>aut</span> <span class='ocrx_word' id='word_1_172' title='bbox 1445 1186 1675 1228; x_wconf 87' lang='lat' dir='ltr'>consilium</span> 
     </span>
     <span class='ocr_line' id='line_1_20' title="bbox 107 1242 1672 1306; baseline -0.001 -20"><span class='ocrx_word' id='word_1_173' title='bbox 107 1250 258 1306; x_wconf 83' lang='lat' dir='ltr'>posset</span> <span class='ocrx_word' id='word_1_174' title='bbox 278 1244 619 1299; x_wconf 78' lang='lat' dir='ltr'>reprehendere?</span> <span class='ocrx_word' id='word_1_175' title='bbox 680 1244 798 1292; x_wconf 84' lang='lat' dir='ltr'>Quid</span> <span class='ocrx_word' id='word_1_176' title='bbox 813 1251 893 1296; x_wconf 88' lang='lat' dir='ltr'>est,</span> <span class='ocrx_word' id='word_1_177' title='bbox 920 1244 998 1301; x_wconf 71' lang='lat' dir='ltr'>pro</span> <span class='ocrx_word' id='word_1_178' title='bbox 1027 1243 1170 1285; x_wconf 68' lang='lat' dir='ltr'>Deum</span> <span class='ocrx_word' id='word_1_179' title='bbox 1189 1242 1498 1300; x_wconf 88' lang='lat' dir='ltr'>hominumque</span> <span class='ocrx_word' id='word_1_180' title='bbox 1519 1243 1672 1285; x_wconf 85' lang='lat' dir='ltr'>fidem!</span> 
     </span>
    </p>
   </div>
   <div class='ocr_carea' id='block_1_5' title="bbox 39 1300 1672 1364">
    <p class='ocr_par' dir='ltr' id='par_1_5' title="bbox 39 1300 1672 1364">
     <span class='ocr_line' id='line_1_21' title="bbox 39 1300 1672 1364; baseline 0 -23"><span class='ocrx_word' id='word_1_181' title='bbox 39 1306 152 1346; x_wconf 76' lang='grc'>20111</span> <span class='ocrx_word' id='word_1_182' title='bbox 173 1315 260 1358; x_wconf 88' lang='lat' dir='ltr'>quo</span> <span class='ocrx_word' id='word_1_183' title='bbox 279 1314 362 1357; x_wconf 82' lang='lat' dir='ltr'>ego</span> <span class='ocrx_word' id='word_1_184' title='bbox 383 1300 572 1356; x_wconf 86' lang='lat' dir='ltr'>Reipub.</span> <span class='ocrx_word' id='word_1_185' title='bbox 588 1300 682 1357; x_wconf 73' lang='lat' dir='ltr'>plus</span> <span class='ocrx_word' id='word_1_186' title='bbox 706 1302 790 1343; x_wconf 90' lang='lat' dir='ltr'>hoc</span> <span class='ocrx_word' id='word_1_187' title='bbox 810 1307 1002 1357; x_wconf 88' lang='lat' dir='ltr'>tempore</span> <span class='ocrx_word' id='word_1_188' title='bbox 1022 1300 1430 1364; x_wconf 80' lang='lat' dir='ltr'>prodessepossim?</span> <span class='ocrx_word' id='word_1_189' title='bbox 1461 1300 1576 1349; x_wconf 89' lang='lat' dir='ltr'>Quid</span> <span class='ocrx_word' id='word_1_190' title='bbox 1593 1306 1672 1352; x_wconf 86' lang='lat' dir='ltr'>est,</span> 
     </span>
    </p>
   </div>
   <div class='ocr_carea' id='block_1_6' title="bbox 758 1442 1031 1479">
    <p class='ocr_par' dir='ltr' id='par_1_6' title="bbox 758 1442 1031 1479">
     <span class='ocr_line' id='line_1_22' title="bbox 758 1442 1031 1479; baseline 0.007 -2"><span class='ocrx_word' id='word_1_191' title='bbox 758 1443 775 1460; x_wconf 72' lang='lat'>³</span> <span class='ocrx_word' id='word_1_192' title='bbox 787 1442 1031 1479; x_wconf 76' lang='lat' dir='ltr'>accusante.</span> 
     </span>
    </p>
   </div>
   <div class='ocr_carea' id='block_1_7' title="bbox 107 1579 873 2737">
    <p class='ocr_par' dir='ltr' id='par_1_7' title="bbox 107 1579 870 1708">
     <span class='ocr_line' id='line_1_23' title="bbox 153 1579 870 1623; baseline -0.001 -10"><span class='ocrx_word' id='word_1_193' title='bbox 153 1587 183 1613; x_wconf 86' lang='lat'>1.</span> <span class='ocrx_word' id='word_1_194' title='bbox 209 1581 334 1623; x_wconf 65' lang='lat' dir='ltr'>Qfficio]</span> <span class='ocrx_word' id='word_1_195' title='bbox 382 1580 462 1613; x_wconf 71' lang='lat' dir='ltr'>cum</span> <span class='ocrx_word' id='word_1_196' title='bbox 481 1586 615 1623; x_wconf 85' lang='lat' dir='ltr'>quaestor</span> <span class='ocrx_word' id='word_1_197' title='bbox 637 1581 671 1612; x_wconf 82' lang='grc'>111</span> <span class='ocrx_word' id='word_1_198' title='bbox 694 1579 801 1612; x_wconf 66' lang='lat' dir='ltr'>Sicilia</span> <span class='ocrx_word' id='word_1_199' title='bbox 823 1582 870 1612; x_wconf 82' lang='lat' dir='ltr'>fu-</span> 
     </span>
     <span class='ocr_line' id='line_1_24' title="bbox 107 1623 870 1665; baseline 0 -10"><span class='ocrx_word' id='word_1_200' title='bbox 107 1625 184 1656; x_wconf 86' lang='lat' dir='ltr'>isset</span> <span class='ocrx_word' id='word_1_201' title='bbox 199 1625 322 1661; x_wconf 86' lang='lat' dir='ltr'>Cicero,</span> <span class='ocrx_word' id='word_1_202' title='bbox 344 1625 523 1665; x_wconf 81' lang='lat' dir='ltr'>petentibus</span> <span class='ocrx_word' id='word_1_203' title='bbox 535 1623 647 1655; x_wconf 86' lang='lat' dir='ltr'>Siculis</span> <span class='ocrx_word' id='word_1_204' title='bbox 665 1623 798 1656; x_wconf 90' lang='lat' dir='ltr'>officium</span> <span class='ocrx_word' id='word_1_205' title='bbox 814 1626 870 1655; x_wconf 90' lang='lat' dir='ltr'>de-</span> 
     </span>
     <span class='ocr_line' id='line_1_25' title="bbox 109 1668 444 1708; baseline -0.003 -10"><span class='ocrx_word' id='word_1_206' title='bbox 109 1679 223 1708; x_wconf 83' lang='lat' dir='ltr'>negare</span> <span class='ocrx_word' id='word_1_207' title='bbox 239 1679 302 1698; x_wconf 90' lang='lat' dir='ltr'>non</span> <span class='ocrx_word' id='word_1_208' title='bbox 326 1668 444 1698; x_wconf 85' lang='lat' dir='ltr'>debuit.</span> 
     </span>
    </p>

    <p class='ocr_par' dir='ltr' id='par_1_8' title="bbox 109 1709 872 1828">
     <span class='ocr_line' id='line_1_26' title="bbox 152 1709 871 1751; baseline 0 -10"><span class='ocrx_word' id='word_1_209' title='bbox 152 1711 204 1743; x_wconf 84' lang='lat' dir='ltr'>Ib.</span> <span class='ocrx_word' id='word_1_210' title='bbox 222 1710 321 1751; x_wconf 49' lang='lat' dir='ltr'>mia]</span> <span class='ocrx_word' id='word_1_211' title='bbox 368 1709 448 1741; x_wconf 72' lang='lat' dir='ltr'>Cfim</span> <span class='ocrx_word' id='word_1_212' title='bbox 470 1710 660 1751; x_wconf 79' lang='lat' dir='ltr'>promisisset</span> <span class='ocrx_word' id='word_1_213' title='bbox 676 1721 708 1741; x_wconf 91' lang='lat' dir='ltr'>se</span> <span class='ocrx_word' id='word_1_214' title='bbox 730 1721 871 1742; x_wconf 88' lang='lat' dir='ltr'>commo-</span> 
     </span>
     <span class='ocr_line' id='line_1_27' title="bbox 111 1754 872 1795; baseline 0.001 -11"><span class='ocrx_word' id='word_1_215' title='bbox 111 1754 159 1784; x_wconf 90' lang='lat' dir='ltr'>dis</span> <span class='ocrx_word' id='word_1_216' title='bbox 182 1764 287 1784; x_wconf 89' lang='lat' dir='ltr'>eorum</span> <span class='ocrx_word' id='word_1_217' title='bbox 310 1764 374 1783; x_wconf 88' lang='lat' dir='ltr'>non</span> <span class='ocrx_word' id='word_1_218' title='bbox 397 1754 585 1790; x_wconf 85' lang='lat' dir='ltr'>defuturum,</span> <span class='ocrx_word' id='word_1_219' title='bbox 610 1754 704 1784; x_wconf 80' lang='lat' dir='ltr'>fidem</span> <span class='ocrx_word' id='word_1_220' title='bbox 727 1759 872 1795; x_wconf 75' lang='lat' dir='ltr'>praestare</span> 
     </span>
     <span class='ocr_line' id='line_1_28' title="bbox 109 1797 230 1828; baseline 0.008 -1"><span class='ocrx_word' id='word_1_221' title='bbox 109 1797 230 1828; x_wconf 82' lang='lat' dir='ltr'>debuit.</span> 
     </span>
    </p>

    <p class='ocr_par' dir='ltr' id='par_1_9' title="bbox 109 1838 871 1917">
     <span class='ocr_line' id='line_1_29' title="bbox 153 1838 871 1881; baseline 0 -11"><span class='ocrx_word' id='word_1_222' title='bbox 153 1839 202 1871; x_wconf 91' lang='lat' dir='ltr'>Ib.</span> <span class='ocrx_word' id='word_1_223' title='bbox 227 1839 455 1881; x_wconf 45' lang='lat' dir='ltr'>Misericordia]</span> <span class='ocrx_word' id='word_1_224' title='bbox 499 1838 579 1869; x_wconf 71' lang='lat' dir='ltr'>Cum</span> <span class='ocrx_word' id='word_1_225' title='bbox 594 1838 760 1870; x_wconf 84' lang='lat' dir='ltr'>crudeliter</span> <span class='ocrx_word' id='word_1_226' title='bbox 774 1839 871 1871; x_wconf 90' lang='lat' dir='ltr'>Siculi</span> 
     </span>
     <span class='ocr_line' id='line_1_30' title="bbox 109 1882 680 1917; baseline 0 -6"><span class='ocrx_word' id='word_1_227' title='bbox 109 1888 303 1917; x_wconf 83' lang='lat' dir='ltr'>vexarentur,</span> <span class='ocrx_word' id='word_1_228' title='bbox 317 1882 427 1912; x_wconf 83' lang='lat' dir='ltr'>debuit</span> <span class='ocrx_word' id='word_1_229' title='bbox 442 1892 495 1912; x_wconf 90' lang='lat' dir='ltr'>eos</span> <span class='ocrx_word' id='word_1_230' title='bbox 510 1882 680 1913; x_wconf 85' lang='lat' dir='ltr'>sublevare.</span> 
     </span>
    </p>

    <p class='ocr_par' dir='ltr' id='par_1_10' title="bbox 110 1924 872 2085">
     <span class='ocr_line' id='line_1_31' title="bbox 155 1924 872 1966; baseline -0.001 -10"><span class='ocrx_word' id='word_1_231' title='bbox 155 1930 185 1956; x_wconf 70' lang='grc'>2.</span> <span class='ocrx_word' id='word_1_232' title='bbox 211 1925 369 1966; x_wconf 68' lang='lat' dir='ltr'>Exempla]</span> <span class='ocrx_word' id='word_1_233' title='bbox 417 1924 499 1955; x_wconf 88' lang='lat' dir='ltr'>Pub.</span> <span class='ocrx_word' id='word_1_234' title='bbox 516 1924 665 1965; x_wconf 86' lang='lat' dir='ltr'>Sulpitius</span> <span class='ocrx_word' id='word_1_235' title='bbox 689 1924 726 1955; x_wconf 89' lang='lat' dir='ltr'>C.</span> <span class='ocrx_word' id='word_1_236' title='bbox 748 1925 872 1956; x_wconf 87' lang='lat' dir='ltr'>Norba-</span> 
     </span>
     <span class='ocr_line' id='line_1_32' title="bbox 110 1966 870 2008; baseline 0.001 -10"><span class='ocrx_word' id='word_1_237' title='bbox 110 1979 184 1998; x_wconf 88' lang='lat' dir='ltr'>num</span> <span class='ocrx_word' id='word_1_238' title='bbox 207 1969 306 1998; x_wconf 84' lang='lat' dir='ltr'>civem</span> <span class='ocrx_word' id='word_1_239' title='bbox 331 1967 512 1998; x_wconf 72' lang='lat' dir='ltr'>seditiosum</span> <span class='ocrx_word' id='word_1_240' title='bbox 535 1966 632 2008; x_wconf 88' lang='lat' dir='ltr'>injus</span> <span class='ocrx_word' id='word_1_241' title='bbox 654 1969 789 1998; x_wconf 86' lang='lat' dir='ltr'>vocavit.</span> <span class='ocrx_word' id='word_1_242' title='bbox 833 1968 870 1999; x_wconf 93' lang='lat' dir='ltr'>L.</span> 
     </span>
     <span class='ocr_line' id='line_1_33' title="bbox 110 2010 870 2052; baseline 0.001 -11"><span class='ocrx_word' id='word_1_243' title='bbox 110 2010 221 2041; x_wconf 85' lang='lat' dir='ltr'>Fusius</span> <span class='ocrx_word' id='word_1_244' title='bbox 238 2011 285 2041; x_wconf 91' lang='lat' dir='ltr'>M.</span> <span class='ocrx_word' id='word_1_245' title='bbox 298 2010 473 2052; x_wconf 89' lang='lat' dir='ltr'>Aquillium</span> <span class='ocrx_word' id='word_1_246' title='bbox 483 2012 651 2042; x_wconf 76' lang='lat' dir='ltr'>accusavit.</span> <span class='ocrx_word' id='word_1_247' title='bbox 673 2010 758 2042; x_wconf 85' lang='lat' dir='ltr'>Vide</span> <span class='ocrx_word' id='word_1_248' title='bbox 772 2011 825 2041; x_wconf 83' lang='lat' dir='ltr'>lib.</span> <span class='ocrx_word' id='word_1_249' title='bbox 839 2014 870 2042; x_wconf 70' lang='lat'>2.</span> 
     </span>
     <span class='ocr_line' id='line_1_34' title="bbox 112 2053 203 2085; baseline 0 -1"><span class='ocrx_word' id='word_1_250' title='bbox 112 2053 203 2085; x_wconf 86' lang='lat' dir='ltr'>offic.</span> 
     </span>
    </p>

    <p class='ocr_par' dir='ltr' id='par_1_11' title="bbox 110 2094 873 2307">
     <span class='ocr_line' id='line_1_35' title="bbox 152 2094 873 2137; baseline 0.001 -11"><span class='ocrx_word' id='word_1_251' title='bbox 152 2096 202 2126; x_wconf 92' lang='lat' dir='ltr'>lb.</span> <span class='ocrx_word' id='word_1_252' title='bbox 229 2095 465 2137; x_wconf 61' lang='lat' dir='ltr'>consuetudine]</span> <span class='ocrx_word' id='word_1_253' title='bbox 501 2096 576 2126; x_wconf 86' lang='lat' dir='ltr'>Non</span> <span class='ocrx_word' id='word_1_254' title='bbox 597 2094 823 2132; x_wconf 84' lang='lat' dir='ltr'>adolescentes,</span> <span class='ocrx_word' id='word_1_255' title='bbox 839 2102 873 2127; x_wconf 90' lang='lat' dir='ltr'>ut</span> 
     </span>
     <span class='ocr_line' id='line_1_36' title="bbox 110 2138 871 2179; baseline -0.001 -11"><span class='ocrx_word' id='word_1_256' title='bbox 110 2143 183 2170; x_wconf 87' lang='lat' dir='ltr'>tunc</span> <span class='ocrx_word' id='word_1_257' title='bbox 214 2138 372 2179; x_wconf 80' lang='lat' dir='ltr'>temporis,</span> <span class='ocrx_word' id='word_1_258' title='bbox 394 2140 448 2169; x_wconf 79' lang='lat' dir='ltr'>sed</span> <span class='ocrx_word' id='word_1_259' title='bbox 472 2138 532 2178; x_wconf 87' lang='lat' dir='ltr'>ipsi</span> <span class='ocrx_word' id='word_1_260' title='bbox 556 2138 611 2168; x_wconf 88' lang='lat' dir='ltr'>viri</span> <span class='ocrx_word' id='word_1_261' title='bbox 637 2149 754 2178; x_wconf 82' lang='lat' dir='ltr'>graves,</span> <span class='ocrx_word' id='word_1_262' title='bbox 779 2150 871 2170; x_wconf 78' lang='lat' dir='ltr'>accu-</span> 
     </span>
     <span class='ocr_line' id='line_1_37' title="bbox 111 2181 870 2223; baseline 0 -11"><span class='ocrx_word' id='word_1_263' title='bbox 111 2192 177 2212; x_wconf 88' lang='lat' dir='ltr'>sare</span> <span class='ocrx_word' id='word_1_264' title='bbox 199 2187 433 2218; x_wconf 85' lang='lat' dir='ltr'>consueverant,</span> <span class='ocrx_word' id='word_1_265' title='bbox 451 2181 521 2212; x_wconf 74' lang='grc'>011111</span> <span class='ocrx_word' id='word_1_266' title='bbox 544 2182 585 2212; x_wconf 83' lang='grc'>(10</span> <span class='ocrx_word' id='word_1_267' title='bbox 606 2181 735 2222; x_wconf 85' lang='lat' dir='ltr'>Repub.</span> <span class='ocrx_word' id='word_1_268' title='bbox 762 2188 794 2213; x_wconf 89' lang='lat' dir='ltr'>et</span> <span class='ocrx_word' id='word_1_269' title='bbox 814 2193 870 2223; x_wconf 91' lang='lat' dir='ltr'>pa-</span> 
     </span>
     <span class='ocr_line' id='line_1_38' title="bbox 110 2225 870 2265; baseline 0.003 -11"><span class='ocrx_word' id='word_1_270' title='bbox 110 2225 244 2256; x_wconf 89' lang='lat' dir='ltr'>trocinio</span> <span class='ocrx_word' id='word_1_271' title='bbox 267 2226 434 2265; x_wconf 77' lang='lat' dir='ltr'>agebatur:</span> <span class='ocrx_word' id='word_1_272' title='bbox 472 2235 555 2256; x_wconf 90' lang='lat' dir='ltr'>nunc</span> <span class='ocrx_word' id='word_1_273' title='bbox 582 2230 685 2255; x_wconf 79' lang='lat' dir='ltr'>autem</span> <span class='ocrx_word' id='word_1_274' title='bbox 707 2225 806 2265; x_wconf 85' lang='lat' dir='ltr'>agitur</span> <span class='ocrx_word' id='word_1_275' title='bbox 829 2226 870 2256; x_wconf 88' lang='lat' dir='ltr'>de</span> 
     </span>
     <span class='ocr_line' id='line_1_39' title="bbox 111 2267 479 2307; baseline 0 -10"><span class='ocrx_word' id='word_1_276' title='bbox 111 2267 282 2307; x_wconf 84' lang='lat' dir='ltr'>patrocinio</span> <span class='ocrx_word' id='word_1_277' title='bbox 299 2267 479 2297; x_wconf 88' lang='lat' dir='ltr'>Siculorum.</span> 
     </span>
    </p>

    <p class='ocr_par' dir='ltr' id='par_1_12' title="bbox 111 2309 872 2480">
     <span class='ocr_line' id='line_1_40' title="bbox 155 2309 872 2350; baseline 0.001 -9"><span class='ocrx_word' id='word_1_278' title='bbox 155 2313 186 2341; x_wconf 80' lang='lat'>3.</span> <span class='ocrx_word' id='word_1_279' title='bbox 221 2309 289 2340; x_wconf 78' lang='lat' dir='ltr'>Non</span> <span class='ocrx_word' id='word_1_280' title='bbox 308 2321 341 2340; x_wconf 76' lang='lat' dir='ltr'>ex</span> <span class='ocrx_word' id='word_1_281' title='bbox 357 2320 427 2345; x_wconf 82' lang='lat' dir='ltr'>meo,</span> <span class='ocrx_word' id='word_1_282' title='bbox 452 2311 510 2347; x_wconf 82' lang='lat' dir='ltr'>sed,</span> <span class='ocrx_word' id='word_1_283' title='bbox 532 2309 608 2350; x_wconf 66' lang='grc' dir='ltr'>δια]</span> <span class='ocrx_word' id='word_1_284' title='bbox 654 2310 872 2342; x_wconf 85' lang='lat' dir='ltr'>Hotomannus</span> 
     </span>
     <span class='ocr_line' id='line_1_41' title="bbox 114 2353 871 2394; baseline 0.003 -12"><span class='ocrx_word' id='word_1_285' title='bbox 114 2353 207 2383; x_wconf 83' lang='lat' dir='ltr'>docet</span> <span class='ocrx_word' id='word_1_286' title='bbox 229 2354 281 2384; x_wconf 80' lang='lat' dir='ltr'>hic</span> <span class='ocrx_word' id='word_1_287' title='bbox 304 2358 426 2393; x_wconf 88' lang='lat' dir='ltr'>tempus</span> <span class='ocrx_word' id='word_1_288' title='bbox 449 2363 504 2394; x_wconf 86' lang='lat' dir='ltr'>pro</span> <span class='ocrx_word' id='word_1_289' title='bbox 527 2353 645 2383; x_wconf 82' lang='lat' dir='ltr'>ratione</span> <span class='ocrx_word' id='word_1_290' title='bbox 675 2354 871 2393; x_wconf 81' lang='lat' dir='ltr'>negotiorum</span> 
     </span>
     <span class='ocr_line' id='line_1_42' title="bbox 114 2395 871 2436; baseline 0.003 -11"><span class='ocrx_word' id='word_1_291' title='bbox 114 2396 200 2436; x_wconf 90' lang='lat' dir='ltr'>poni,</span> <span class='ocrx_word' id='word_1_292' title='bbox 215 2396 245 2425; x_wconf 89' lang='lat' dir='ltr'>id</span> <span class='ocrx_word' id='word_1_293' title='bbox 270 2401 327 2431; x_wconf 77' lang='lat' dir='ltr'>est,</span> <span class='ocrx_word' id='word_1_294' title='bbox 342 2397 505 2426; x_wconf 88' lang='lat' dir='ltr'>commodo</span> <span class='ocrx_word' id='word_1_295' title='bbox 527 2395 577 2425; x_wconf 82' lang='lat' dir='ltr'>vel</span> <span class='ocrx_word' id='word_1_296' title='bbox 602 2395 801 2426; x_wconf 86' lang='lat' dir='ltr'>incommodo</span> <span class='ocrx_word' id='word_1_297' title='bbox 824 2407 871 2427; x_wconf 85' lang='lat' dir='ltr'>re·</span> 
     </span>
     <span class='ocr_line' id='line_1_43' title="bbox 111 2438 803 2480; baseline -0.001 -11"><span class='ocrx_word' id='word_1_298' title='bbox 111 2439 196 2469; x_wconf 79' lang='lat' dir='ltr'>centi</span> <span class='ocrx_word' id='word_1_299' title='bbox 210 2438 260 2469; x_wconf 87' lang='lat' dir='ltr'>cui</span> <span class='ocrx_word' id='word_1_300' title='bbox 276 2449 313 2468; x_wconf 85' lang='lat' dir='ltr'>ex</span> <span class='ocrx_word' id='word_1_301' title='bbox 328 2443 466 2479; x_wconf 83' lang='lat' dir='ltr'>tempore</span> <span class='ocrx_word' id='word_1_302' title='bbox 482 2438 735 2480; x_wconf 88' lang='lat' dir='ltr'>prospiciendum</span> <span class='ocrx_word' id='word_1_303' title='bbox 749 2444 803 2470; x_wconf 89' lang='lat' dir='ltr'>est.</span> 
     </span>
    </p>

    <p class='ocr_par' dir='ltr' id='par_1_13' title="bbox 111 2481 870 2602">
     <span class='ocr_line' id='line_1_44' title="bbox 155 2481 870 2522; baseline 0 -10"><span class='ocrx_word' id='word_1_304' title='bbox 155 2482 188 2513; x_wconf 88' lang='lat'>5.</span> <span class='ocrx_word' id='word_1_305' title='bbox 214 2481 469 2522; x_wconf 69' lang='lat' dir='ltr'>Necessariorum]</span> <span class='ocrx_word' id='word_1_306' title='bbox 525 2481 604 2512; x_wconf 86' lang='lat' dir='ltr'>Cum</span> <span class='ocrx_word' id='word_1_307' title='bbox 627 2481 736 2512; x_wconf 85' lang='lat' dir='ltr'>Siculis</span> <span class='ocrx_word' id='word_1_308' title='bbox 761 2482 870 2512; x_wconf 87' lang='lat' dir='ltr'>amici-</span> 
     </span>
     <span class='ocr_line' id='line_1_45' title="bbox 111 2523 870 2564; baseline 0.003 -10"><span class='ocrx_word' id='word_1_309' title='bbox 111 2523 186 2554; x_wconf 80' lang='lat' dir='ltr'>tiam</span> <span class='ocrx_word' id='word_1_310' title='bbox 199 2526 347 2564; x_wconf 73' lang='lat' dir='ltr'>junxerat</span> <span class='ocrx_word' id='word_1_311' title='bbox 357 2524 479 2560; x_wconf 81' lang='lat' dir='ltr'>Cicero,</span> <span class='ocrx_word' id='word_1_312' title='bbox 493 2523 525 2554; x_wconf 91' lang='lat' dir='ltr'>in</span> <span class='ocrx_word' id='word_1_313' title='bbox 543 2534 631 2564; x_wconf 88' lang='lat' dir='ltr'>quos,</span> <span class='ocrx_word' id='word_1_314' title='bbox 652 2530 763 2564; x_wconf 85' lang='lat' dir='ltr'>praeter</span> <span class='ocrx_word' id='word_1_315' title='bbox 777 2531 870 2556; x_wconf 61' lang='grc'>01010-</span> 
     </span>
     <span class='ocr_line' id='line_1_46' title="bbox 111 2566 760 2602; baseline 0.002 -5"><span class='ocrx_word' id='word_1_316' title='bbox 111 2577 172 2602; x_wconf 85' lang='grc'>105,</span> <span class='ocrx_word' id='word_1_317' title='bbox 185 2566 358 2597; x_wconf 77' lang='lat' dir='ltr'>necessaria</span> <span class='ocrx_word' id='word_1_318' title='bbox 372 2567 473 2598; x_wconf 81' lang='lat' dir='ltr'>officia</span> <span class='ocrx_word' id='word_1_319' title='bbox 486 2567 626 2597; x_wconf 82' lang='lat' dir='ltr'>conferre</span> <span class='ocrx_word' id='word_1_320' title='bbox 642 2567 760 2598; x_wconf 90' lang='lat' dir='ltr'>debuit.</span> 
     </span>
    </p>

    <p class='ocr_par' dir='ltr' id='par_1_14' title="bbox 111 2609 870 2737">
     <span class='ocr_line' id='line_1_47' title="bbox 156 2609 870 2651; baseline 0.001 -11"><span class='ocrx_word' id='word_1_321' title='bbox 156 2612 186 2640; x_wconf 86' lang='lat'>8.</span> <span class='ocrx_word' id='word_1_322' title='bbox 209 2609 241 2639; x_wconf 75' lang='lat' dir='ltr'>Si</span> <span class='ocrx_word' id='word_1_323' title='bbox 267 2609 337 2639; x_wconf 79' lang='lat' dir='ltr'>mihi</span> <span class='ocrx_word' id='word_1_324' title='bbox 361 2610 464 2651; x_wconf 70' lang='lat' dir='ltr'>unns]</span> <span class='ocrx_word' id='word_1_325' title='bbox 510 2609 542 2640; x_wconf 90' lang='lat' dir='ltr'>Is</span> <span class='ocrx_word' id='word_1_326' title='bbox 567 2620 675 2640; x_wconf 83' lang='lat' dir='ltr'>sensus</span> <span class='ocrx_word' id='word_1_327' title='bbox 699 2616 769 2640; x_wconf 83' lang='lat' dir='ltr'>est:</span> <span class='ocrx_word' id='word_1_328' title='bbox 801 2610 870 2641; x_wconf 72' lang='lat' dir='ltr'>Etsi</span> 
     </span>
     <span class='ocr_line' id='line_1_48' title="bbox 111 2652 870 2687; baseline 0.004 -6"><span class='ocrx_word' id='word_1_329' title='bbox 111 2662 206 2682; x_wconf 84' lang='lat' dir='ltr'>unum</span> <span class='ocrx_word' id='word_1_330' title='bbox 236 2662 390 2687; x_wconf 83' lang='lat' dir='ltr'>accusem,</span> <span class='ocrx_word' id='word_1_331' title='bbox 418 2658 522 2682; x_wconf 86' lang='lat' dir='ltr'>tamen</span> <span class='ocrx_word' id='word_1_332' title='bbox 543 2653 609 2682; x_wconf 84' lang='lat' dir='ltr'>haec</span> <span class='ocrx_word' id='word_1_333' title='bbox 633 2652 715 2683; x_wconf 81' lang='lat' dir='ltr'>actio</span> <span class='ocrx_word' id='word_1_334' title='bbox 739 2664 802 2683; x_wconf 89' lang='lat' dir='ltr'>non</span> <span class='ocrx_word' id='word_1_335' title='bbox 823 2659 870 2684; x_wconf 83' lang='lat' dir='ltr'>est</span> 
     </span>
     <span class='ocr_line' id='line_1_49' title="bbox 111 2694 869 2737; baseline 0 -12"><span class='ocrx_word' id='word_1_336' title='bbox 111 2694 245 2730; x_wconf 82' lang='lat' dir='ltr'>dicenda</span> <span class='ocrx_word' id='word_1_337' title='bbox 266 2695 435 2732; x_wconf 86' lang='lat' dir='ltr'>accusatio,</span> <span class='ocrx_word' id='word_1_338' title='bbox 450 2696 506 2726; x_wconf 89' lang='lat' dir='ltr'>sed</span> <span class='ocrx_word' id='word_1_339' title='bbox 524 2695 675 2732; x_wconf 83' lang='lat' dir='ltr'>defensio,</span> <span class='ocrx_word' id='word_1_340' title='bbox 692 2696 766 2737; x_wconf 88' lang='lat' dir='ltr'>quia</span> <span class='ocrx_word' id='word_1_341' title='bbox 781 2697 869 2728; x_wconf 84' lang='lat' dir='ltr'>Sicu.</span> 
     </span>
    </p>
   </div>
   <div class='ocr_carea' id='block_1_8' title="bbox 912 1581 1680 2743">
    <p class='ocr_par' dir='ltr' id='par_1_15' title="bbox 913 1581 1676 1709">
     <span class='ocr_line' id='line_1_50' title="bbox 958 1581 1676 1624; baseline 0.006 -11"><span class='ocrx_word' id='word_1_342' title='bbox 958 1583 989 1613; x_wconf 88' lang='lat'>9.</span> <span class='ocrx_word' id='word_1_343' title='bbox 1009 1585 1050 1614; x_wconf 81' lang='lat' dir='ltr'>In</span> <span class='ocrx_word' id='word_1_344' title='bbox 1062 1582 1196 1613; x_wconf 76' lang='lat' dir='ltr'>instituto</span> <span class='ocrx_word' id='word_1_345' title='bbox 1209 1582 1296 1624; x_wconf 65' lang='lat' dir='ltr'>mem]</span> <span class='ocrx_word' id='word_1_346' title='bbox 1342 1581 1500 1614; x_wconf 74' lang='lat' dir='ltr'>Gloriatur</span> <span class='ocrx_word' id='word_1_347' title='bbox 1515 1583 1626 1621; x_wconf 81' lang='lat' dir='ltr'>Cicero</span> <span class='ocrx_word' id='word_1_348' title='bbox 1641 1595 1676 1617; x_wconf 78' lang='lat' dir='ltr'>se</span> 
     </span>
     <span class='ocr_line' id='line_1_51' title="bbox 914 1625 1674 1666; baseline 0.007 -11"><span class='ocrx_word' id='word_1_349' title='bbox 914 1625 1083 1666; x_wconf 83' lang='lat' dir='ltr'>permultos</span> <span class='ocrx_word' id='word_1_350' title='bbox 1110 1626 1297 1663; x_wconf 85' lang='lat' dir='ltr'>defendisse,</span> <span class='ocrx_word' id='word_1_351' title='bbox 1319 1626 1475 1657; x_wconf 87' lang='lat' dir='ltr'>neminem</span> <span class='ocrx_word' id='word_1_352' title='bbox 1501 1627 1674 1665; x_wconf 52' lang='lat' dir='ltr'>accus-insse,</span> 
     </span>
     <span class='ocr_line' id='line_1_52' title="bbox 913 1668 1105 1709; baseline 0.005 -12"><span class='ocrx_word' id='word_1_353' title='bbox 913 1668 963 1698; x_wconf 90' lang='lat' dir='ltr'>vel</span> <span class='ocrx_word' id='word_1_354' title='bbox 979 1678 1105 1709; x_wconf 86' lang='lat' dir='ltr'>paucos.</span> 
     </span>
    </p>

    <p class='ocr_par' dir='ltr' id='par_1_16' title="bbox 913 1711 1673 1839">
     <span class='ocr_line' id='line_1_53' title="bbox 960 1711 1672 1753; baseline 0.001 -12"><span class='ocrx_word' id='word_1_355' title='bbox 960 1714 1013 1744; x_wconf 81' lang='lat'>11.</span> <span class='ocrx_word' id='word_1_356' title='bbox 1039 1711 1164 1742; x_wconf 80' lang='lat' dir='ltr'>Causam</span> <span class='ocrx_word' id='word_1_357' title='bbox 1182 1718 1242 1743; x_wconf 85' lang='lat' dir='ltr'>tam</span> <span class='ocrx_word' id='word_1_358' title='bbox 1255 1711 1417 1753; x_wconf 64' lang='lat' dir='ltr'>idoneam]</span> <span class='ocrx_word' id='word_1_359' title='bbox 1461 1712 1584 1744; x_wconf 85' lang='lat' dir='ltr'>Oratori</span> <span class='ocrx_word' id='word_1_360' title='bbox 1603 1713 1672 1745; x_wconf 88' lang='lat' dir='ltr'>ido.</span> 
     </span>
     <span class='ocr_line' id='line_1_54' title="bbox 913 1754 1673 1792; baseline 0.007 -8"><span class='ocrx_word' id='word_1_361' title='bbox 913 1765 974 1785; x_wconf 87' lang='lat' dir='ltr'>nea</span> <span class='ocrx_word' id='word_1_362' title='bbox 1001 1759 1050 1784; x_wconf 81' lang='lat' dir='ltr'>est</span> <span class='ocrx_word' id='word_1_363' title='bbox 1071 1765 1176 1792; x_wconf 81' lang='lat' dir='ltr'>causa,</span> <span class='ocrx_word' id='word_1_364' title='bbox 1201 1756 1285 1786; x_wconf 87' lang='lat' dir='ltr'>unde</span> <span class='ocrx_word' id='word_1_365' title='bbox 1311 1755 1370 1787; x_wconf 83' lang='lat' dir='ltr'>sibi</span> <span class='ocrx_word' id='word_1_366' title='bbox 1392 1754 1520 1787; x_wconf 88' lang='lat' dir='ltr'>multam</span> <span class='ocrx_word' id='word_1_367' title='bbox 1547 1756 1673 1788; x_wconf 84' lang='lat' dir='ltr'>laudem</span> 
     </span>
     <span class='ocr_line' id='line_1_55' title="bbox 913 1804 1228 1839; baseline 0 -10"><span class='ocrx_word' id='word_1_368' title='bbox 913 1808 1095 1838; x_wconf 84' lang='lat' dir='ltr'>comparare</span> <span class='ocrx_word' id='word_1_369' title='bbox 1114 1804 1228 1839; x_wconf 88' lang='lat' dir='ltr'>potest.</span> 
     </span>
    </p>

    <p class='ocr_par' dir='ltr' id='par_1_17' title="bbox 916 1840 1674 1925">
     <span class='ocr_line' id='line_1_56' title="bbox 957 1840 1674 1883; baseline 0.004 -13"><span class='ocrx_word' id='word_1_370' title='bbox 957 1840 1006 1871; x_wconf 91' lang='lat' dir='ltr'>Ib.</span> <span class='ocrx_word' id='word_1_371' title='bbox 1031 1840 1101 1871; x_wconf 83' lang='lat' dir='ltr'>Tam</span> <span class='ocrx_word' id='word_1_372' title='bbox 1123 1842 1293 1883; x_wconf 66' lang='lat' dir='ltr'>illustrem]</span> <span class='ocrx_word' id='word_1_373' title='bbox 1329 1841 1461 1872; x_wconf 88' lang='lat' dir='ltr'>Illustris</span> <span class='ocrx_word' id='word_1_374' title='bbox 1476 1846 1525 1873; x_wconf 88' lang='lat' dir='ltr'>est</span> <span class='ocrx_word' id='word_1_375' title='bbox 1547 1846 1674 1883; x_wconf 86' lang='lat' dir='ltr'>propter</span> 
     </span>
     <span class='ocr_line' id='line_1_57' title="bbox 916 1884 1532 1925; baseline 0.003 -12"><span class='ocrx_word' id='word_1_376' title='bbox 916 1884 1076 1924; x_wconf 87' lang='lat' dir='ltr'>quaestoris</span> <span class='ocrx_word' id='word_1_377' title='bbox 1092 1895 1214 1921; x_wconf 87' lang='lat' dir='ltr'>munus,</span> <span class='ocrx_word' id='word_1_378' title='bbox 1229 1884 1313 1925; x_wconf 94' lang='lat' dir='ltr'>quod</span> <span class='ocrx_word' id='word_1_379' title='bbox 1327 1885 1359 1914; x_wconf 92' lang='lat' dir='ltr'>in</span> <span class='ocrx_word' id='word_1_380' title='bbox 1373 1884 1412 1914; x_wconf 59' lang='lat' dir='ltr'>ea</span> <span class='ocrx_word' id='word_1_381' title='bbox 1427 1884 1532 1925; x_wconf 87' lang='lat' dir='ltr'>gessit.</span> 
     </span>
    </p>

    <p class='ocr_par' dir='ltr' id='par_1_18' title="bbox 917 1926 1674 2011">
     <span class='ocr_line' id='line_1_58' title="bbox 959 1926 1674 1968; baseline 0.003 -12"><span class='ocrx_word' id='word_1_382' title='bbox 959 1926 1008 1956; x_wconf 90' lang='lat' dir='ltr'>Ib.</span> <span class='ocrx_word' id='word_1_383' title='bbox 1034 1926 1105 1957; x_wconf 85' lang='lat' dir='ltr'>Tam</span> <span class='ocrx_word' id='word_1_384' title='bbox 1116 1927 1261 1968; x_wconf 66' lang='lat' dir='ltr'>gramm]</span> <span class='ocrx_word' id='word_1_385' title='bbox 1305 1927 1439 1968; x_wconf 85' lang='lat' dir='ltr'>Propter</span> <span class='ocrx_word' id='word_1_386' title='bbox 1458 1937 1505 1958; x_wconf 90' lang='lat' dir='ltr'>res</span> <span class='ocrx_word' id='word_1_387' title='bbox 1526 1928 1674 1959; x_wconf 85' lang='lat' dir='ltr'>momenti</span> 
     </span>
     <span class='ocr_line' id='line_1_59' title="bbox 917 1971 1345 2011; baseline 0.005 -12"><span class='ocrx_word' id='word_1_388' title='bbox 917 1980 993 2011; x_wconf 88' lang='lat' dir='ltr'>quas</span> <span class='ocrx_word' id='word_1_389' title='bbox 1009 1971 1160 2009; x_wconf 82' lang='lat' dir='ltr'>continet,</span> <span class='ocrx_word' id='word_1_390' title='bbox 1175 1971 1276 2011; x_wconf 85' lang='lat' dir='ltr'>gravis</span> <span class='ocrx_word' id='word_1_391' title='bbox 1288 1977 1345 2001; x_wconf 84' lang='lat' dir='ltr'>est.</span> 
     </span>
    </p>

    <p class='ocr_par' dir='ltr' id='par_1_19' title="bbox 913 2013 1680 2226">
     <span class='ocr_line' id='line_1_60' title="bbox 960 2013 1675 2054; baseline 0.001 -12"><span class='ocrx_word' id='word_1_392' title='bbox 960 2014 1012 2043; x_wconf 83' lang='lat'>13.</span> <span class='ocrx_word' id='word_1_393' title='bbox 1036 2013 1157 2053; x_wconf 82' lang='lat' dir='ltr'>Reipub.</span> <span class='ocrx_word' id='word_1_394' title='bbox 1172 2013 1287 2054; x_wconf 49' lang='lat' dir='ltr'>causa]</span> <span class='ocrx_word' id='word_1_395' title='bbox 1332 2013 1455 2049; x_wconf 87' lang='lat' dir='ltr'>Cicero,</span> <span class='ocrx_word' id='word_1_396' title='bbox 1468 2013 1560 2044; x_wconf 77' lang='lat' dir='ltr'>nullis</span> <span class='ocrx_word' id='word_1_397' title='bbox 1571 2014 1675 2043; x_wconf 74' lang='lat' dir='ltr'>inimi-</span> 
     </span>
     <span class='ocr_line' id='line_1_61' title="bbox 916 2056 1680 2097; baseline 0.001 -12"><span class='ocrx_word' id='word_1_398' title='bbox 916 2056 1005 2091; x_wconf 83' lang='lat' dir='ltr'>citiis,</span> <span class='ocrx_word' id='word_1_399' title='bbox 1036 2057 1126 2086; x_wconf 73' lang='lat' dir='ltr'>nullis</span> <span class='ocrx_word' id='word_1_400' title='bbox 1159 2058 1290 2097; x_wconf 72' lang='lat' dir='ltr'>injuriis,</span> <span class='ocrx_word' id='word_1_401' title='bbox 1329 2057 1411 2086; x_wconf 79' lang='lat' dir='ltr'>nullo</span> <span class='ocrx_word' id='word_1_402' title='bbox 1436 2057 1564 2095; x_wconf 78' lang='lat' dir='ltr'>praemio,</span> <span class='ocrx_word' id='word_1_403' title='bbox 1593 2056 1680 2086; x_wconf 64' lang='lat' dir='ltr'>nulla</span> 
     </span>
     <span class='ocr_line' id='line_1_62' title="bbox 915 2099 1676 2139; baseline 0.003 -12"><span class='ocrx_word' id='word_1_404' title='bbox 915 2099 1036 2138; x_wconf 73' lang='lat' dir='ltr'>denique</span> <span class='ocrx_word' id='word_1_405' title='bbox 1070 2099 1133 2129; x_wconf 71' lang='lat' dir='ltr'>alia</span> <span class='ocrx_word' id='word_1_406' title='bbox 1162 2110 1204 2135; x_wconf 85' lang='lat' dir='ltr'>re,</span> <span class='ocrx_word' id='word_1_407' title='bbox 1233 2099 1320 2139; x_wconf 56' lang='lat' dir='ltr'>quam</span> <span class='ocrx_word' id='word_1_408' title='bbox 1356 2100 1487 2129; x_wconf 77' lang='lat' dir='ltr'>utilitate</span> <span class='ocrx_word' id='word_1_409' title='bbox 1520 2102 1676 2135; x_wconf 79' lang='lat' dir='ltr'>communi,</span> 
     </span>
     <span class='ocr_line' id='line_1_63' title="bbox 913 2141 1674 2182; baseline 0.003 -11"><span class='ocrx_word' id='word_1_410' title='bbox 913 2142 1070 2177; x_wconf 77' lang='lat' dir='ltr'>adductus,</span> <span class='ocrx_word' id='word_1_411' title='bbox 1086 2142 1214 2172; x_wconf 88' lang='lat' dir='ltr'>Verrem</span> <span class='ocrx_word' id='word_1_412' title='bbox 1234 2143 1266 2172; x_wconf 90' lang='lat' dir='ltr'>in</span> <span class='ocrx_word' id='word_1_413' title='bbox 1285 2141 1440 2182; x_wconf 89' lang='lat' dir='ltr'>judicium</span> <span class='ocrx_word' id='word_1_414' title='bbox 1456 2147 1558 2174; x_wconf 86' lang='lat' dir='ltr'>vocat.</span> <span class='ocrx_word' id='word_1_415' title='bbox 1603 2142 1674 2173; x_wconf 83' lang='lat' dir='ltr'>Nee</span> 
     </span>
     <span class='ocr_line' id='line_1_64' title="bbox 914 2184 1615 2226; baseline 0.003 -13"><span class='ocrx_word' id='word_1_416' title='bbox 914 2195 1101 2226; x_wconf 88' lang='lat' dir='ltr'>quemquam</span> <span class='ocrx_word' id='word_1_417' title='bbox 1118 2184 1212 2215; x_wconf 92' lang='lat' dir='ltr'>alium</span> <span class='ocrx_word' id='word_1_418' title='bbox 1228 2185 1396 2216; x_wconf 58' lang='lat' dir='ltr'>advocfisse</span> <span class='ocrx_word' id='word_1_419' title='bbox 1412 2186 1465 2221; x_wconf 82' lang='lat' dir='ltr'>ait,</span> <span class='ocrx_word' id='word_1_420' title='bbox 1482 2185 1570 2216; x_wconf 88' lang='lat' dir='ltr'>Verr.</span> <span class='ocrx_word' id='word_1_421' title='bbox 1584 2186 1615 2215; x_wconf 85' lang='lat'>5.</span> 
     </span>
    </p>

    <p class='ocr_par' dir='ltr' id='par_1_20' title="bbox 914 2227 1674 2483">
     <span class='ocr_line' id='line_1_65' title="bbox 957 2227 1674 2269; baseline 0 -12"><span class='ocrx_word' id='word_1_422' title='bbox 957 2229 1008 2258; x_wconf 80' lang='lat'>16.</span> <span class='ocrx_word' id='word_1_423' title='bbox 1043 2227 1170 2264; x_wconf 69' lang='lat' dir='ltr'>Acha&#39;id,</span> <span class='ocrx_word' id='word_1_424' title='bbox 1207 2228 1301 2269; x_wconf 68' lang='lat' dir='ltr'>Asid.]</span> <span class='ocrx_word' id='word_1_425' title='bbox 1346 2227 1520 2258; x_wconf 83' lang='lat' dir='ltr'>Dolabellae</span> <span class='ocrx_word' id='word_1_426' title='bbox 1554 2227 1674 2268; x_wconf 81' lang='lat' dir='ltr'>legatus</span> 
     </span>
     <span class='ocr_line' id='line_1_66' title="bbox 915 2269 1674 2312; baseline 0 -12"><span class='ocrx_word' id='word_1_427' title='bbox 915 2269 1041 2306; x_wconf 86' lang='lat' dir='ltr'>Verres,</span> <span class='ocrx_word' id='word_1_428' title='bbox 1056 2276 1089 2300; x_wconf 87' lang='lat' dir='ltr'>et</span> <span class='ocrx_word' id='word_1_429' title='bbox 1103 2276 1303 2312; x_wconf 83' lang='lat' dir='ltr'>proquaestor,</span> <span class='ocrx_word' id='word_1_430' title='bbox 1319 2271 1414 2301; x_wconf 76' lang='lat' dir='ltr'>multa</span> <span class='ocrx_word' id='word_1_431' title='bbox 1433 2271 1465 2300; x_wconf 90' lang='lat' dir='ltr'>in</span> <span class='ocrx_word' id='word_1_432' title='bbox 1480 2270 1526 2300; x_wconf 81' lang='lat' dir='ltr'>his</span> <span class='ocrx_word' id='word_1_433' title='bbox 1548 2270 1674 2311; x_wconf 88' lang='lat' dir='ltr'>provin-</span> 
     </span>
     <span class='ocr_line' id='line_1_67' title="bbox 914 2312 1672 2353; baseline 0.003 -12"><span class='ocrx_word' id='word_1_434' title='bbox 914 2312 969 2342; x_wconf 88' lang='lat' dir='ltr'>ciis</span> <span class='ocrx_word' id='word_1_435' title='bbox 998 2313 1116 2353; x_wconf 78' lang='lat' dir='ltr'>flagitia</span> <span class='ocrx_word' id='word_1_436' title='bbox 1141 2313 1303 2344; x_wconf 84' lang='lat' dir='ltr'>commisit.</span> <span class='ocrx_word' id='word_1_437' title='bbox 1348 2313 1463 2344; x_wconf 80' lang='lat' dir='ltr'>Acha&#39;ia</span> <span class='ocrx_word' id='word_1_438' title='bbox 1492 2322 1563 2344; x_wconf 89' lang='lat' dir='ltr'>vero</span> <span class='ocrx_word' id='word_1_439' title='bbox 1587 2313 1672 2353; x_wconf 86' lang='lat' dir='ltr'>regio</span> 
     </span>
     <span class='ocr_line' id='line_1_68' title="bbox 914 2355 1672 2396; baseline 0.001 -11"><span class='ocrx_word' id='word_1_440' title='bbox 914 2360 962 2385; x_wconf 85' lang='lat' dir='ltr'>est</span> <span class='ocrx_word' id='word_1_441' title='bbox 989 2355 1110 2386; x_wconf 79' lang='lat' dir='ltr'>Graecia</span> <span class='ocrx_word' id='word_1_442' title='bbox 1139 2356 1280 2396; x_wconf 78' lang='lat' dir='ltr'>undique</span> <span class='ocrx_word' id='word_1_443' title='bbox 1308 2357 1384 2386; x_wconf 83' lang='lat' dir='ltr'>mari</span> <span class='ocrx_word' id='word_1_444' title='bbox 1417 2363 1518 2396; x_wconf 78' lang='lat' dir='ltr'>septa,</span> <span class='ocrx_word' id='word_1_445' title='bbox 1546 2363 1672 2396; x_wconf 83' lang='lat' dir='ltr'>praeter-</span> 
     </span>
     <span class='ocr_line' id='line_1_69' title="bbox 914 2398 1671 2440; baseline 0.003 -13"><span class='ocrx_word' id='word_1_446' title='bbox 914 2408 1007 2438; x_wconf 80' lang='lat' dir='ltr'>quain</span> <span class='ocrx_word' id='word_1_447' title='bbox 1037 2398 1055 2428; x_wconf 61' lang='lat' dir='ltr'>a</span> <span class='ocrx_word' id='word_1_448' title='bbox 1084 2398 1336 2439; x_wconf 75' lang='lat' dir='ltr'>Septemtrione3</span> <span class='ocrx_word' id='word_1_449' title='bbox 1375 2398 1462 2440; x_wconf 81' lang='lat' dir='ltr'>cujus</span> <span class='ocrx_word' id='word_1_450' title='bbox 1493 2399 1671 2440; x_wconf 80' lang='lat' dir='ltr'>metropolis</span> 
     </span>
     <span class='ocr_line' id='line_1_70' title="bbox 914 2440 1463 2483; baseline 0.002 -13"><span class='ocrx_word' id='word_1_451' title='bbox 914 2440 1090 2471; x_wconf 84' lang='lat' dir='ltr'>Corinthus.</span> <span class='ocrx_word' id='word_1_452' title='bbox 1134 2441 1216 2472; x_wconf 93' lang='lat' dir='ltr'>Plin.</span> <span class='ocrx_word' id='word_1_453' title='bbox 1231 2442 1284 2472; x_wconf 88' lang='lat' dir='ltr'>lib.</span> <span class='ocrx_word' id='word_1_454' title='bbox 1302 2444 1333 2473; x_wconf 84' lang='lat'>4.</span> <span class='ocrx_word' id='word_1_455' title='bbox 1348 2452 1417 2483; x_wconf 89' lang='lat' dir='ltr'>cap.</span> <span class='ocrx_word' id='word_1_456' title='bbox 1432 2444 1463 2472; x_wconf 85' lang='lat'>4.</span> 
     </span>
    </p>

    <p class='ocr_par' dir='ltr' id='par_1_21' title="bbox 912 2483 1672 2610">
     <span class='ocr_line' id='line_1_71' title="bbox 957 2483 1672 2526; baseline 0.001 -12"><span class='ocrx_word' id='word_1_457' title='bbox 957 2483 1005 2514; x_wconf 89' lang='lat' dir='ltr'>Ib.</span> <span class='ocrx_word' id='word_1_458' title='bbox 1031 2483 1158 2525; x_wconf 66' lang='lat' dir='ltr'>Cilicia]</span> <span class='ocrx_word' id='word_1_459' title='bbox 1204 2484 1308 2526; x_wconf 83' lang='lat' dir='ltr'>Regio</span> <span class='ocrx_word' id='word_1_460' title='bbox 1322 2485 1446 2515; x_wconf 87' lang='lat' dir='ltr'>minoris</span> <span class='ocrx_word' id='word_1_461' title='bbox 1459 2483 1556 2520; x_wconf 84' lang='lat' dir='ltr'>Asiae,</span> <span class='ocrx_word' id='word_1_462' title='bbox 1572 2485 1672 2525; x_wconf 76' lang='lat' dir='ltr'>Syriae</span> 
     </span>
     <span class='ocr_line' id='line_1_72' title="bbox 912 2527 1672 2568; baseline 0.001 -12"><span class='ocrx_word' id='word_1_463' title='bbox 912 2527 1060 2567; x_wconf 82' lang='lat' dir='ltr'>proxima.</span> <span class='ocrx_word' id='word_1_464' title='bbox 1107 2527 1191 2558; x_wconf 87' lang='lat' dir='ltr'>Vide</span> <span class='ocrx_word' id='word_1_465' title='bbox 1206 2527 1290 2558; x_wconf 87' lang='lat' dir='ltr'>Plin.</span> <span class='ocrx_word' id='word_1_466' title='bbox 1303 2527 1399 2559; x_wconf 82' lang='lat' dir='ltr'>lib.5.</span> <span class='ocrx_word' id='word_1_467' title='bbox 1413 2538 1484 2568; x_wconf 86' lang='lat' dir='ltr'>cap.</span> <span class='ocrx_word' id='word_1_468' title='bbox 1502 2529 1555 2560; x_wconf 74' lang='lat'>26.</span> <span class='ocrx_word' id='word_1_469' title='bbox 1579 2527 1672 2566; x_wconf 85' lang='lat' dir='ltr'>Hanc</span> 
     </span>
     <span class='ocr_line' id='line_1_73' title="bbox 914 2570 1542 2610; baseline 0.002 -11"><span class='ocrx_word' id='word_1_470' title='bbox 914 2570 1023 2610; x_wconf 58' lang='lat' dir='ltr'>postea</span> <span class='ocrx_word' id='word_1_471' title='bbox 1038 2571 1205 2610; x_wconf 86' lang='lat' dir='ltr'>regendam</span> <span class='ocrx_word' id='word_1_472' title='bbox 1221 2570 1331 2601; x_wconf 86' lang='lat' dir='ltr'>Cicero</span> <span class='ocrx_word' id='word_1_473' title='bbox 1346 2571 1469 2601; x_wconf 86' lang='lat' dir='ltr'>sortitus</span> <span class='ocrx_word' id='word_1_474' title='bbox 1483 2575 1542 2600; x_wconf 85' lang='lat' dir='ltr'>est.</span> 
     </span>
    </p>

    <p class='ocr_par' dir='ltr' id='par_1_22' title="bbox 913 2611 1673 2696">
     <span class='ocr_line' id='line_1_74' title="bbox 956 2611 1673 2654; baseline 0.003 -13"><span class='ocrx_word' id='word_1_475' title='bbox 956 2611 1006 2644; x_wconf 93' lang='lat' dir='ltr'>Ib.</span> <span class='ocrx_word' id='word_1_476' title='bbox 1029 2613 1232 2653; x_wconf 47' lang='lat' dir='ltr'>Pamphylia]</span> <span class='ocrx_word' id='word_1_477' title='bbox 1274 2613 1462 2654; x_wconf 73' lang='lat' dir='ltr'>Pamphylia</span> <span class='ocrx_word' id='word_1_478' title='bbox 1474 2612 1559 2643; x_wconf 72' lang='lat' dir='ltr'>Asiae</span> <span class='ocrx_word' id='word_1_479' title='bbox 1575 2612 1673 2643; x_wconf 89' lang='lat' dir='ltr'>mino-</span> 
     </span>
     <span class='ocr_line' id='line_1_75' title="bbox 913 2655 1568 2696; baseline 0.002 -11"><span class='ocrx_word' id='word_1_480' title='bbox 913 2655 952 2685; x_wconf 86' lang='lat' dir='ltr'>ris</span> <span class='ocrx_word' id='word_1_481' title='bbox 966 2655 1050 2696; x_wconf 84' lang='lat' dir='ltr'>regio</span> <span class='ocrx_word' id='word_1_482' title='bbox 1066 2656 1104 2685; x_wconf 91' lang='lat' dir='ltr'>ad</span> <span class='ocrx_word' id='word_1_483' title='bbox 1120 2666 1202 2686; x_wconf 88' lang='lat' dir='ltr'>mare</span> <span class='ocrx_word' id='word_1_484' title='bbox 1220 2655 1484 2687; x_wconf 86' lang='lat' dir='ltr'>Mediterraneum</span> <span class='ocrx_word' id='word_1_485' title='bbox 1499 2656 1568 2686; x_wconf 88' lang='lat' dir='ltr'>sita.</span> 
     </span>
    </p>

    <p class='ocr_par' dir='ltr' id='par_1_23' title="bbox 956 2697 1674 2743">
     <span class='ocr_line' id='line_1_76' title="bbox 956 2697 1674 2743; baseline 0.001 -15"><span class='ocrx_word' id='word_1_486' title='bbox 956 2697 1005 2728; x_wconf 89' lang='lat' dir='ltr'>Ib.</span> <span class='ocrx_word' id='word_1_487' title='bbox 1028 2697 1153 2743; x_wconf 53' lang='lat' dir='ltr'>Rarum]</span> <span class='ocrx_word' id='word_1_488' title='bbox 1197 2698 1310 2732; x_wconf 82' lang='lat' dir='ltr'>Romae</span> <span class='ocrx_word' id='word_1_489' title='bbox 1334 2705 1446 2742; x_wconf 84' lang='lat' dir='ltr'>praetor</span> <span class='ocrx_word' id='word_1_490' title='bbox 1466 2700 1600 2732; x_wconf 83' lang='lat' dir='ltr'>urbanus</span> <span class='ocrx_word' id='word_1_491' title='bbox 1612 2697 1674 2731; x_wconf 77' lang='lat' dir='ltr'>fuit</span> 
     </span>
    </p>
   </div>
   <div class='ocr_carea' id='block_1_9' title="bbox 109 2737 1034 2776">
    <p class='ocr_par' dir='ltr' id='par_1_24' title="bbox 109 2737 1034 2776">
     <span class='ocr_line' id='line_1_77' title="bbox 109 2737 1034 2776; baseline 0.005 -8"><span class='ocrx_word' id='word_1_492' title='bbox 109 2737 157 2768; x_wconf 85' lang='lat' dir='ltr'>los</span> <span class='ocrx_word' id='word_1_493' title='bbox 180 2748 250 2769; x_wconf 84' lang='lat' dir='ltr'>cum</span> <span class='ocrx_word' id='word_1_494' title='bbox 284 2748 389 2768; x_wconf 74' lang='lat' dir='ltr'>eorum</span> <span class='ocrx_word' id='word_1_495' title='bbox 422 2739 612 2776; x_wconf 79' lang='lat' dir='ltr'>civitatibus,</span> <span class='ocrx_word' id='word_1_496' title='bbox 633 2743 740 2771; x_wconf 82' lang='lat' dir='ltr'>contra</span> <span class='ocrx_word' id='word_1_497' title='bbox 770 2750 864 2773; x_wconf 86' lang='lat' dir='ltr'>unum</span> <span class='ocrx_word' id='word_1_498' title='bbox 909 2740 1034 2773; x_wconf 75' lang='lat' dir='ltr'>Verres.</span> 
     </span>
    </p>
   </div>
   <div class='ocr_carea' id='block_1_10' title="bbox 109 2780 404 2813">
    <p class='ocr_par' dir='ltr' id='par_1_25' title="bbox 109 2780 404 2813">
     <span class='ocr_line' id='line_1_78' title="bbox 109 2780 404 2813; baseline 0.007 -2"><span class='ocrx_word' id='word_1_499' title='bbox 109 2780 239 2813; x_wconf 82' lang='lat' dir='ltr'>Verrem</span> <span class='ocrx_word' id='word_1_500' title='bbox 253 2781 404 2813; x_wconf 75' lang='lat' dir='ltr'>defendo.</span> 
     </span>
    </p>
   </div>
  </div>
 </body>
</html>
