1790 3090
60 159 146 214 2210

780 161 873 204 PRO
897 160 1058 203 emmo,

160 250 337 302 paucos,
358 250 406 287 ut
421 250 464 286 et
480 234 782 300 comprehendi
801 244 990 287 Licinius
1013 236 1139 287 facile
1158 235 1318 301 posset,
1343 251 1387 288 et
1405 249 1471 288 res
1492 238 1722 291 'multorum

62 300 141 341 105
160 302 298 344 oculis
326 307 440 344 esset
468 300 679 352 testatior)
704 315 779 342 cur
807 302 1014 344 Licinium
1046 302 1100 344 de
1129 303 1326 345 manibus
1356 303 1615 345 amiserunt?
1646 304 1722 362 'qui

157 358 299 401 minus
331 357 444 399 enim
476 357 665 398 Licinius
699 358 1003 414 comprehendi
1036 358 1191 414 potuit,
1233 359 1331 401 cum
1365 374 1412 401 se
1440 359 1631 410 retraxit,
1665 362 1720 414 'nse'

156 415 357 471 pyxidem
376 413 575 463 traderet,
599 413 729 469 quain
750 414 786 455 si
807 429 893 456 non
913 415 1188 456 retraxisset?
1220 422 1340 458 erant
1360 416 1474 457 enim
1491 416 1554 456 illi
1574 415 1720 472 positi,

155 477 203 511 ut
229 470 636 526 comprehenderent
667 469 898 522 Licinium3
930 477 978 511 ut
1007 469 1236 512 manifesto
1265 471 1455 514 Licinius
1487 475 1719 525 teneretur,

154 532 227 567 aut
242 526 337 568 cum
358 527 556 567 retineret
577 539 800 577 venenum,
820 532 895 567 aut
916 527 1013 567 cum
1035 527 1295 568 tradidisset.

55 581 135 624 110
153 583 378 633 consilium
399 582 600 633 mulieris,
627 583 720 623 haec
739 582 919 623 istorum
937 583 1178 638 provincia,
1201 583 1275 639 qui
1296 584 1435 639 rogati
1457 591 1575 636 sunt3
1606 588 1715 641 quos

1356 529 1453 570 Hoc
1475 528 1557 570 fuit
1577 531 1716 570 totum

151 639 326 695 quidem
356 643 402 681 tu
429 640 704 695 quamobrem
723 639 882 680 temere
903 639 1150 695 prosiluisse
1171 639 1306 691 dicas,
1338 647 1465 696 atque
1486 648 1584 682 ante
1605 648 1715 682 tem-

150 709 245 752 pus,
276 709 362 737 non
383 695 561 751 reperio.
622 695 807 736 Fuerant
834 696 887 736 ad
915 696 999 737 hoc
1026 696 1180 752 rogati,
1211 695 1379 737 fuerant
1404 697 1459 738 ad
1487 697 1598 738 hanc
1625 698 1715 738 rem

152 752 368 804 collocati,
392 760 437 793 ut
456 764 680 802 venenum,
702 758 750 792 ut
768 751 948 804 insidiae,
969 751 1135 793 facinus
1152 752 1336 809 denique
1356 751 1498 809 ipsum
1513 759 1562 794 ut
1581 753 1717 799 mani-

150 808 260 849 festo
274 809 715 864 comprehenderetur.
766 808 1075 850 Potuerunt-ne
1097 808 1276 850 imeliori
1294 815 1485 866 tempore
1506 808 1714 865 prosilire,

51 864 132 907 115
151 864 282 920 quam
303 864 400 905 cum
421 864 609 905 Licinius
629 863 846 905 venisset?
886 864 984 906 cum
1003 865 1047 905 in
1068 879 1196 906 manu
1217 871 1383 907 teneret
1417 879 1569 906 venem
1591 865 1714 921 pyxi-

150 919 280 961 dem?
309 923 405 975 'quae
433 921 466 960 si
500 920 598 960 c'um
621 920 714 975 jam
739 926 828 961 erat
858 920 1014 961 tradita
1048 922 1194 973 servis,
1225 923 1462 963 evasissent
1496 921 1638 962 subito
1661 935 1715 962 ex

148 975 314 1017 balneis
346 975 534 1016 mulieris
567 975 707 1026 amici,
745 975 1042 1031 Liciniumque
1075 978 1524 1033 comprehendissent3
1560 977 1716 1034 implo-

147 1040 258 1074 raret
282 1031 504 1073 hominum
535 1031 678 1082 fidem,
710 1038 841 1087 atque
862 1031 887 1071 a
908 1046 953 1072 se
974 1032 1090 1072 illam
1111 1034 1315 1088 pyxidem
1335 1033 1535 1074 traditam
1563 1034 1714 1088 perne-

147 1096 285 1144 garet:

318 1098 446 1144 quem
466 1086 682 1143 quomodo
702 1086 765 1128 illi
786 1087 1172 1143 reprehenderent?
1230 1088 1403 1129 Vidisse
1424 1103 1468 1129 se
1490 1088 1710 1131 dicerent?

49 1147 127 1189 120
148 1144 352 1193 Primum,
374 1145 457 1185 kad
474 1158 520 1185 se
537 1149 784 1185 revocarent
799 1143 973 1185 maximi
994 1144 1194 1185 facinoris
1216 1144 1395 1186 crimen:
1427 1143 1581 1186 deinde
1601 1145 1646 1186 id
1666 1159 1712 1187 se

144 1201 304 1242 vidisse
326 1200 532 1251 dicerent,
565 1200 697 1256 quod,
729 1200 830 1256 ¹quo
860 1201 958 1241 loco
987 1200 1188 1242 collocati
1210 1200 1406 1252 fuissent,
1437 1215 1525 1242 non
1545 1201 1711 1257 potuis-

144 1263 241 1298 sent
260 1257 417 1299 videre.
475 1257 682 1312 Tempore
703 1257 832 1313 igitur
850 1256 944 1313 ipso
966 1271 1012 1298 se
1034 1257 1327 1308 ostenderunt,
1358 1256 1497 1298 mcum
1519 1254 1708 1299 Licinius

141 1315 341 1365 venisset,
363 1313 563 1370 pyxidem
578 1313 811 1369 expediret,
831 1327 1002 1354 manum
1017 1313 1264 1369 porrigeret,
1286 1316 1495 1355 venenum
1511 1313 1710 1356 traderet.

144 1369 272 1411 Mimi
289 1385 389 1427 ergo
411 1370 580 1426 estjam
602 1369 756 1421 exitus,
777 1383 864 1410 non
883 1370 1090 1421 ”fabu1ae3
1121 1370 1166 1410 in
1186 1385 1271 1426 quo
1295 1369 1391 1411 cum
1412 1371 1603 1411 clausula
1622 1385 1710 1412 non

143 1484 326 1525 aulaeum
348 1483 524 1525 tollitur.

46 1430 123 1472 125
141 1426 368 1478 invenitur,
399 1427 511 1483 fugit
540 1425 691 1483 aliquis
724 1425 747 1467 ὲ
777 1425 987 1478 manibus,
1025 1426 1180 1468 deinde
1211 1427 1400 1468 scabella
1433 1424 1708 1483 concrepant,

197 1539 277 1581 XI.
301 1540 457 1588 Quaero
477 1539 605 1591 enim,
622 1552 697 1580 cur
711 1538 937 1588 Licinium,
953 1538 1226 1591 titubantem,
1247 1538 1532 1588 haesitantem,
1551 1538 1707 1581 ceden-

139 1602 242 1648 tem,
260 1597 406 1653 fugere
423 1603 665 1648 conantem,
681 1595 921 1637 mulieraria
935 1610 1087 1637 manus
1107 1595 1190 1637 ista
1206 1596 1259 1637 de
1277 1595 1473 1637 manibus
1494 1595 1704 1648 emiserit3

139 1667 214 1694 cur
233 1667 320 1694 non
335 1652 764 1709 comprehenderint?
795 1667 870 1694 cur
884 1667 986 1703 non,
1008 1651 1144 1709 ipsius
1166 1652 1454 1706 confessione,
1473 1652 1703 1694 multorum

139 1709 293 1761 oculis,
311 1709 512 1750 facinoris
534 1709 718 1766 denique
733 1723 851 1760 voce,
873 1708 982 1750 tanti
997 1708 1171 1750 sceleris
1187 1708 1348 1750 crimen
1367 1708 1701 1765 ³expresserint?

94 1766 121 1806 5
139 1766 210 1808 An
229 1766 450 1817 timebant,
479 1780 533 1807 ne
552 1772 618 1807 tot
637 1780 784 1818 unum,
814 1765 1006 1807 valentes
1025 1764 1303 1817 imbecillum,
1324 1766 1486 1807 alacres
1505 1764 1700 1822 perterri-

137 1829 244 1874 tum,
266 1836 460 1878 superare
481 1836 568 1864 non
585 1823 784 1878 possent?
834 1822 1014 1863 Nullum
1026 1827 1322 1877 argumentum
1337 1821 1382 1862 in
1397 1835 1455 1870 re,
1474 1822 1595 1862 nulla
1610 1835 1701 1862 sus-

137 1879 252 1935 picio
269 1879 314 1920 in
329 1878 474 1929 causa,
494 1879 637 1920 nullus
655 1879 794 1920 exitus
813 1878 1016 1931 criminis,
1038 1878 1255 1935 reperitur.
1296 1877 1447 1935 Itaque
1463 1878 1557 1920 haec
1571 1892 1700 1919 causa

239 2012 533 2054 ἱσωηπιοῶιὺνὶ.

166 2068 234 2111 ¹3oe
253 2071 338 2110 loco
356 2084 438 2123 quo
453 2069 801 2123 positisuz‘ssent.

179 2241 252 2269 110.
278 2239 337 2275 Qui
356 2239 453 2279 rogati
465 2238 564 2279 suna]
608 2237 639 2268 A
657 2237 770 2269 Clodia
783 2236 893 2269 videli-

142 2287 192 2312 cet
207 2282 302 2322 rogati
319 2286 399 2312 sunt.

178 2327 252 2355 119.
278 2323 420 2359 Quomodo
448 2325 493 2354 illi
521 2324 753 2363 reprehenderent
762 2324 790 2365 ἲ]
849 2322 890 2354 Id

136 2372 194 2402 est,
220 2366 375 2407 quomodo
401 2377 471 2397 eum
494 2367 616 2398 dedisse
639 2368 719 2398 hanc
740 2366 889 2408 pyxidem

135 2419 255 2440 veneno
270 2410 393 2450 plenam
410 2410 594 2450 arguerent?

179 2453 252 2482 124.
277 2452 393 2492 Mimi]
440 2452 572 2482 Sumitur
586 2453 688 2482 mimus
703 2462 758 2493 pro
768 2451 889 2482 actione

135 2493 316 2525 histrionice
331 2495 575 2533 turpissimorum
597 2495 765 2525 facinorum
788 2494 891 2524 imita-

134 2537 220 2568 trice.
266 2537 359 2568 Unde
375 2537 521 2574 Ovidius,
542 2537 667 2569 Scribere
677 2537 761 2579 sifus
771 2543 811 2568 est
825 2538 891 2567 imi-

136 2586 229 2610 tantes
250 2582 350 2619 turpia
372 2581 478 2611 mimos.
533 2580 652 2610 Horum
678 2586 781 2610 autem
805 2579 889 2610 nulla

135 2628 200 2652 erat
214 2622 360 2658 clausula,
376 2628 411 2652 ut
424 2623 456 2652 in
471 2623 649 2660 comoediis,
676 2624 732 2654 sed
749 2622 890 2663 abrumpi

135 2667 264 2705 strepitu
278 2671 310 2696 et
324 2665 454 2695 tumultu
471 2666 575 2706 aliquo
587 2665 738 2696 solebant.

177 2707 227 2738 Ib.
256 2708 397 2739 Clausala
426 2719 483 2744 non
511 2709 683 2749 investitura]
742 2707 889 2740 clausula

135 2750 202 2782 finis
211 2756 258 2782 est
268 2756 299 2782 et
307 2751 464 2784 conclusio
477 2749 605 2793 alicujus
616 2751 671 2783 rei.
708 2751 757 2783 Ita
770 2751 892 2789 Cicero,

648 2012 865 2066 kfacerent
879 2025 923 2051 se
942 2025 1034 2052 reos
1052 2012 1174 2052 illius
1192 2011 1371 2051 matrimi
1375 2009 1609 2064 facinoris.

877 2073 1009 2121 mquo.

1068 2068 1316 2109 sseomaediae.
1377 2068 1664 2108 aeoetorserint.

934 2237 967 2267 in
983 2236 1123 2280 Philipp.
1139 2238 1190 2268 13.
1218 2235 1371 2268 Veniamus
1386 2235 1544 2276 aliquando
1555 2236 1595 2266 ad
1608 2235 1693 2266 clau-

935 2280 1038 2311 sulam.

978 2326 1051 2354 125.
1074 2321 1200 2354 Scabella
1226 2321 1424 2363 concrepant]
1479 2321 1519 2352 Id
1542 2325 1601 2360 cst,
1624 2330 1693 2360 sca-

933 2364 1026 2402 bella,
1050 2365 1082 2395 in
1097 2365 1208 2406 quibus
1220 2365 1332 2395 sedent
1347 2369 1549 2406 spectatores,
1567 2362 1694 2404 pulsan-

935 2413 993 2438 tur.
1038 2408 1155 2439 Putant
1170 2407 1234 2444 alii,
1253 2418 1323 2438 curn
1338 2407 1501 2444 Salmasio,
1522 2405 1690 2447 scabellum

932 2451 1026 2481 fuisse
1039 2451 1175 2491 ligneum
1191 2451 1426 2481 instrumentum
1441 2448 1567 2481 scabelli
1582 2445 1690 2484 instar,

933 2494 1017 2534 quod
1034 2495 1074 2523 ab
1088 2493 1285 2524 histrionibus
1301 2493 1340 2523 ad
1350 2502 1510 2523 numerum
1523 2491 1605 2531 pede
1619 2491 1689 2534 pul-

933 2536 1057 2566 sabatur
1070 2546 1139 2566 cum
1155 2535 1240 2566 solea
1254 2535 1359 2576 lignea
1372 2534 1422 2565 vel
1434 2533 1545 2571 ferrea,
1568 2537 1603 2563 ut
1623 2544 1690 2564 ma-

924 2577 977 2619 jor
993 2579 1128 2619 crepitus
1140 2579 1292 2610 ederetur.
1582 2612 1586 2616 ⁴

975 2624 1049 2652 126.
1072 2620 1205 2651 Aulaeum
1230 2618 1370 2660 tollitur-J
1428 2617 1540 2649 Aulaea
1567 2617 1687 2658 tapetia

932 2670 1030 2701 erant,
1053 2664 1164 2704 quibus
1179 2674 1279 2694 scenae
1294 2663 1492 2693 ornabantur.
1656 2694 1657 2699 ¹

974 2709 1005 2738 2.
1030 2705 1206 2740 Mulieraria
1232 2706 1363 2747 manus]
1418 2703 1573 2746 Designat
1594 2702 1686 2749 istam

934 2749 1060 2791 mollem
1086 2755 1119 2780 et
1141 2749 1350 2783 effeminatam
1377 2747 1544 2782 amicorum
1566 2745 1686 2783 Clodia

937 2797 1103 2826 catervam.
