1858 3095
690 162 783 196 PRO
811 163 925 197 LEGE
949 164 1163 198 MANIUA.

123 242 420 284 ‘renuntiatus
443 254 564 292 sum3
596 240 723 282 facile
746 240 955 292 intellexi,
988 241 1194 291 Quirites,
1217 248 1260 283 et
1279 241 1381 297 quid
1417 241 1471 283 de
1492 257 1558 284 me
1573 243 1689 298 judi-

123 299 332 350 caretis,¹¹
346 306 390 340 et
410 297 515 378 quid
532 297 624 338 aliis
640 297 987 354 praescriberetis.
1020 297 1158 347 Nunc,
1181 313 1279 340 cum
1300 306 1344 340 et
1363 299 1689 341 auctmitatisin
1713 303 1762 344 15

121 371 189 398 me
211 364 377 398 tantum
398 356 468 405 sit,
488 362 714 410 'quantum
730 370 807 396 vos
827 355 1062 395 honoribus
1077 355 1332 397 mandandis
1354 371 1448 397 esse
1466 356 1689 407 voluistis;

122 419 164 454 et
199 414 253 454 ad
285 412 500 469 agendum
535 411 754 452 facultatis
774 419 958 462 tantum,
994 420 1200 468 quantum
1222 413 1384 453 homini
1410 412 1607 468 vigilanti
1639 426 1690 453 ex

123 468 282 510 forensi
302 483 388 531 usu.
405 466 537 524 prope
570 468 838 532 quotidiana·
853 468 1024 510 dicendi
1059 468 1311 511 exercitatio
1342 469 1485 524 potuit
1526 468 1691 519 afferre,

123 524 257 576 certe,
278 531 337 576 et,
356 524 392 565 si
414 525 518 581 quid
540 525 808 567 auctoritatis
829 525 871 566 in
889 540 956 567 me
976 532 1058 577 est,
1075 541 1107 567 e
1101 525 1126 566 21
1143 526 1259 582 apud
1281 539 1356 566 eos
1360 532 1486 588 utar,
1503 525 1577 581 qui
1598 539 1692 567 eam

123 581 228 623 mihi
249 582 485 632 dederunt3
518 589 561 624 et
581 582 616 623 si
651 583 756 636 quid
785 583 913 624 etiam
935 582 1120 624 dicendo
1163 581 1369 638 consequi
1411 597 1606 638 possum,
1639 582 1691 622 iis
1711 583 1765 624 20

124 638 350 680 ostendam
371 638 693 695 potissimum,k
706 639 779 695 qui
801 639 841 680 ei
861 653 1034 702 quoque
1055 639 1114 680 rei
1132 639 1318 680 fructum
1341 654 1419 680 suo
1433 639 1612 702 judicio·
1621 638 1693 679 tii-

124 695 345 736 buendum
363 710 459 738 esse
481 704 754 738 censuerunt.

815 695 991 759 Atque
981 710 1026 736 ιιι
1046 695 1194 752 primis
1215 695 1321 736 mihi
1348 696 1612 737 laetandum
1597 710 1692 751 Jure

125 766 221 793 esse
240 751 382 804 video,
402 752 534 809 quod,
551 753 595 793 in
609 752 693 794 hac
715 752 888 794 insolita
909 752 1013 794 mihi
1031 767 1084 794 ex
1104 753 1189 794 hoc
1208 753 1306 794 loco
1328 753 1491 794 ratione
1506 752 1692 801 dicendi,

126 823 260 850 causa
279 809 377 851 talis
398 810 545 851 oblata
565 816 646 861 est,
665 810 710 851 in
731 824 819 866 qua
840 810 975 851 oratio
995 808 1155 851 nemini
1173 809 1323 850 deesse
1343 815 1502 873 potest.
1534 809 1694 850 Dicen-

126 865 231 907 dum
251 872 318 908 est
333 866 446 908 enim
462 867 514 909 de
537 866 619 908 Cn.
634 866 831 930 Pompeii
852 866 1059 930 singulari
1093 865 1335 929 eximiaque
1358 866 1534 908 virtute:
1566 866 1694 921 hujus
1712 868 1766 908 25

126 930 270 965 autem
286 923 491 966 orationis
512 923 731 965 difficilius
754 931 821 966 est
841 923 1017 972 exitum,
1039 938 1170 986 quam
1196 923 1470 979 puncipium,
1491 923 1693 964 invenire.

129 978 281 1037 Itaque
293 995 381 1022 non
393 980 496 1023 mihi
510 987 599 1022 tam
613 981 755 1039 copia,
772 996 903 1038 quam
917 980 1093 1023 ιιιο(1ιι5
1084 995 1128 1022 ιιι
1142 980 1328 1022 dicendo
1346 980 1602 1037 quaerendus
1616 987 1695 1021 est.

185 1157 200 1182 ⁸
215 1152 460 1194 declaratus
480 1167 590 1194 sum.

661 1152 679 1175 ¹¹
696 1158 737 1194 et
757 1154 862 1207 quid
892 1153 1192 1194 desideraretis
1214 1154 1261 1193 in
1284 1154 1397 1193 aliis.

126 1210 320 1249 voluistis
337 1212 517 1251 attribui
529 1215 746 1263 prceturce
761 1216 802 1252 et
814 1211 1032 1251 aeclilz'tati.

1458 1150 1466 1174 ἰ
1482 1156 1697 1206 quantum

1093 1209 1109 1232 ¹*
1122 1211 1197 1262 qui
1209 1224 1287 1250 suo
1303 1211 1512 1265 suffragio
1523 1211 1698 1262 ιφ’ῑιιιῖὶεα-

127 1271 287 1307 verunt
300 1269 536 1319 proemium
555 1268 748 1308 dandina
770 1281 857 1309 esse
876 1269 978 1308 huic
997 1269 1126 1308 etiam
1146 1269 1414 1319 eloquentiae.

127 1434 245 1472 scribit,
260 1435 373 1467 multos
389 1435 530 1466 maximae
542 1434 704 1476 dignitatis
717 1435 798 1466 viros
814 1445 892 1476 prae-
935 1434 1002 1465 tum
1028 1434 1148 1465 tributis
1174 1434 1319 1465 comitiis.
1363 1434 1460 1466 Erant
1476 1440 1580 1467 autem
1592 1444 1701 1469 centu-

127 1484 204 1509 turae
219 1479 441 1520 competitores
455 1478 613 1516 habuisse,
626 1478 735 1520 hisque
751 1478 893 1509 omnibus

130 1522 341 1564 antepositum
354 1522 461 1552 fuisse.
497 1521 594 1553 Unde
611 1522 644 1552 in
660 1522 714 1552 lib.
729 1521 781 1552 De
797 1521 897 1552 Claris

130 1564 324 1601 Oratoribus,
338 1567 390 1596 93.
406 1565 446 1595 de
460 1565 562 1606 seipso
576 1565 630 1601 ait,
639 1565 743 1605 Atque,
755 1571 791 1595 ut
802 1565 898 1595 multa

129 1609 269 1644 omittam,
283 1609 319 1638 in
334 1608 385 1638 hoc
398 1609 502 1648 spatio,
515 1614 543 1638 et
558 1609 589 1638 in
604 1609 640 1638 iis
655 1615 719 1647 post
730 1608 898 1638 oedilitatem

129 1653 226 1687 annis,
241 1658 268 1682 et
283 1657 392 1691 praelor
409 1652 533 1691 ρνὶηιιιε,
546 1657 572 1681 et
585 1651 749 1681 incredibili
757 1651 896 1692 populari

129 1695 288 1731 voluntate,
301 1704 366 1725 sum
375 1694 493 1737 factus.

174 1740 226 1769 13.
253 1737 401 1768 Centuriis
411 1738 551 1779 cunctis]
598 1737 788 1769 centuriatis
799 1737 897 1768 comi-

131 1780 181 1811 tiis
211 1781 396 1812 creabantur
418 1781 574 1818 consules,
599 1786 757 1822 praetores,
785 1791 894 1811 censo-

131 1833 178 1855 res
191 1834 200 1861 ;
236 1823 437 1865 proconsules
467 1824 640 1862 interdurn,
671 1834 761 1865 reges
793 1834 896 1854 sacro-

131 1877 210 1904 rum,
235 1867 350 1898 tribuni
373 1867 520 1898 militares
549 1867 703 1898 consulari
725 1872 896 1908 potestate,

132 1916 165 1941 et
196 1910 367 1941 decemviri
399 1910 519 1951 legibus
559 1910 731 1941 scribendis
744 1922 752 1940 .·
790 1909 896 1941 aediles

133 1952 218 1995 vero,
241 1953 356 1986 tribuni
377 1954 491 1996 plebis,
507 1959 540 1985 et
557 1954 691 1985 minores
707 1953 815 1996 aliqui,
829 1958 898 1984 tan-

936 1479 1016 1509 riata
1031 1478 1168 1514 comitia,
1182 1478 1294 1519 quibus
1320 1479 1453 1520 populus
1477 1489 1532 1519 per
1557 1480 1702 1512 classium

940 1521 1095 1552 centurias
1112 1521 1230 1552 divisus
1245 1520 1424 1562 suffragium
1444 1522 1585 1562 ferebat;
1609 1524 1653 1554 ita
1669 1530 1703 1554 nt

942 1564 1090 1606 suffragia
1126 1564 1344 1605 colligerentur
1373 1566 1580 1597 centuriatim.
1635 1567 1703 1598 Tri-

942 1608 1017 1638 buta
1032 1607 1105 1638 vero
1120 1612 1204 1645 sunt,
1216 1607 1249 1637 in
1261 1607 1372 1648 quibus
1385 1608 1521 1649 populus
1532 1619 1588 1651 per
1603 1610 1701 1641 curias

939 1651 1056 1682 divisus
1075 1651 1254 1691 suffragium
1271 1651 1410 1681 dicebat.

983 1694 1037 1726 16.
1064 1693 1257 1734 Honoribus-J
1303 1693 1467 1725 Familiare
1488 1700 1536 1726 est
1550 1695 1702 1726 Romanis

940 1738 1118 1768 auctoribus
1142 1738 1274 1767 honores
1300 1747 1411 1768 vocare
1436 1738 1643 1779 magistratus,
1668 1745 1703 1769 ut

939 1781 1012 1820 hic;
1039 1780 1083 1811 sic
1097 1785 1129 1811 et
1142 1780 1226 1821 apud
1241 1779 1382 1812 Hor.lib.
1398 1783 1428 1811 1.
1447 1781 1511 1813 Od.
1528 1784 1559 1814 1.

985 1866 1088 1903 Hunc,
1106 1868 1131 1897 si
1141 1867 1289 1896 mobilium
1303 1868 1390 1897 turba
1407 1866 1573 1902 Quiritium

987 1910 1087 1942 certat
1101 1911 1266 1952 tergeminis
1277 1910 1375 1942 tollere
1388 1910 1550 1949 honoribus,
1565 1910 1616 1952 350

795 2120 1052 2152 NARRATIO.

197 2252 257 2297 ΙΙ.
287 2255 433 2319 Atque
454 2260 504 2297 ut
523 2253 626 2296 inde
661 2253 799 2296 oratio
826 2267 923 2294 mea
951 2251 1294 2316 proficiscatur,
1323 2252 1438 2294 unde
1456 2252 1550 2295 haec
1567 2254 1705 2296 omnis

139 2326 271 2354 causa
289 2312 306 2337 b
321 2312 518 2363 ducitur3
538 2312 704 2354 bellum
725 2325 883 2374 grave,
883 2316 926 2351 et
938 2309 1232 2373 periculosum
1251 2308 1404 2351 vestris
1420 2310 1706 2367 vectigalibus

138 2375 154 2394 ⁶
168 2375 298 2427 atque
319 2369 463 2421 sociis,
483 2368 510 2411 ὲ.
530 2369 700 2412 duobus
720 2366 1034 2425 potentissimis
1050 2366 1223 2424 regibus
1240 2365 1432 2417 infertur,
1453 2367 1706 2410 Mithridate

365 2514 383 2532 ⁸
397 2510 592 2563 incipiat.

185 2655 217 2686 3.
263 2654 469 2687 Potentissimis
508 2654 650 2698 regibus]
717 2652 826 2695 Reges
858 2653 904 2683 illi

144 2703 217 2730 sunt
237 2697 438 2731 Mithridates
459 2706 491 2731 et
513 2699 686 2740 Tigranes.
710 2697 854 2739 primum,
870 2696 904 2727 in

143 2739 288 2778 Lucullo,
305 2741 429 2778 Cicero,
451 2747 524 2784 post
550 2741 774 2777 Alexandrum,
795 2749 905 2780 regum

144 2784 312 2815 maximum
339 2785 526 2816 nominavit.
570 2784 778 2816 Nicomedem
805 2782 858 2812 ille
887 2793 904 2812 e

145 2827 310 2870 Bithynia,
323 2826 596 2862 Ariobarzanem
581 2838 599 2861 e
621 2826 842 2871 Cappadocia,
854 2836 908 2859 ex-

823 2504 842 2529 b
854 2506 1023 2560 incipit.

1251 2511 1267 2528 ⁴²
1280 2506 1537 2547 tributariis.

946 2653 1046 2695 pu'lit.
1085 2653 1213 2684 alterum
1246 2663 1349 2694 regem
1380 2662 1486 2692 regum
1521 2647 1705 2685 Plutarchus

949 2696 1139 2739 appellavitg
1165 2696 1220 2738 qui
1237 2696 1324 2727 tanta
1345 2694 1485 2736 potentia
1503 2694 1640 2735 vigebat,
1663 2702 1706 2733 ut,

950 2740 989 2770 ab
1004 2739 1083 2770 Asia
1106 2739 1238 2770 Parthos
1267 2748 1385 2774 arcem,
1407 2736 1562 2769 Graecas
1552 2748 1586 2768 in
1605 2739 1706 2779 ipsam

949 2781 1095 2814 Mediam
1121 2783 1263 2813 civitates
1291 2781 1479 2822 traduceret,
1499 2785 1531 2812 et
1554 2781 1653 2823 Syriae
1676 2788 1708 2813 et

950 2825 1127 2861 Palaesfinae
1148 2825 1326 2868 imperaret·

1706 170 1760 212 29
