1790 3090
102 179 187 224 4-24

113 364 169 407 20
188 367 334 409 sisses.

793 180 1052 215 PHILIPPICA
1077 181 1124 214 ΙΙ.

181 251 389 303 sulebam‚
407 265 481 308 spe
496 249 686 292 victoriae
706 251 822 305 elati,
836 254 1128 305 obstitissent;
1159 259 1208 296 ut
1228 253 1310 295 alia
1338 252 1547 305 omittam,
1564 258 1612 296 tu
1631 251 1751 298 eer‘te

184 323 404 366 nunquam
424 309 467 348 in
487 307 572 349 hoc
593 308 756 360 ordine,
780 311 1010 373 velpotius
1041 326 1262 368 nunquam
1291 311 1335 353 in
1364 311 1450 352 hac
1480 311 1600 363 urbe,
1628 326 1748 354 man-

394 365 454 406 At
468 364 568 406 vero
588 365 668 407 Cn.
683 365 878 423 Pompeii
898 370 1162 410 voluntatem
1183 367 1209 410 a
1230 383 1296 410 me
1318 369 1590 410 abalienabat
1608 368 1749 411 oratio

188 438 299 465 mea.
358 422 425 462 An
458 420 530 463 ille
561 437 819 479 quemquam
848 425 945 480 plus
976 424 1156 466 dilexit?
1188 440 1286 466 cum
1315 426 1401 466 ullo
1435 432 1509 466 aut
1530 439 1748 467 sermones

191 486 266 521 aut
295 478 475 520 consilia
505 479 714 520 aeontulit
744 480 933 536 saepius?
972 482 1089 537 quod
1121 481 1295 537 quidem
1327 488 1417 523 erat
1446 496 1664 537 magnum,
1698 482 1752 523 de

188 534 385 577 ''summa
406 549 495 591 rep.
512 535 831 588 dissentientes,
851 537 895 579 in
927 537 1078 579 eadem
1109 539 1420 580 consuetudine
1437 538 1638 580 amicitiae
1657 552 1752 594 per-

193 606 382 634 manere.
430 591 516 633 Sed
537 598 580 633 et
600 607 681 648 ego
704 593 809 650 quid
830 593 917 646 ille,
935 601 979 636 et
999 594 1149 636 contra
1168 595 1244 636 ille'
1263 594 1366 651 quid
1388 609 1469 651 ego
1491 602 1536 637 et
1554 596 1755 637 sentirem

120 652 175 693 25
196 655 239 691 et
259 654 514 705 spectarem,
532 649 719 692 videbat.
763 649 858 705 Ego
880 651 1165 693 incolumitati
1187 651 1346 693 civium
1360 651 1557 708 primum,
1573 658 1622 693 ut
1636 659 1757 708 post-

196 705 250 748 ea
269 705 473 762 dignitati
494 720 749 761 possemus;
780 707 850 749 ille
867 709 1065 764 praesenti
1087 708 1288 763 dignitati
1314 707 1457 764 potius
1489 708 1756 750 consulebat.

196 761 324 811 Quod
341 770 483 803 autem
499 763 687 805 habebat
699 765 1016 821 uterque,quod
1030 771 1296 821 sequeretur,
1312 764 1475 806 idcirco
1489 764 1758 806 tolerabilior

197 826 288 861 erat
306 826 454 860 nostra
473 818 701 862 dissensio.
763 821 880 868 Quid
908 821 1008 863 vero
1039 821 1109 863 ille
1138 816 1366 878 singularis
1385 821 1449 863 vir
1469 836 1521 863 ac
1541 820 1664 878 paene
1695 821 1758 863 di-

196 877 319 918 vinus
338 876 389 916 de
405 890 473 916 me
491 876 686 927 senserit,
701 878 859 929 sciunt,
873 879 946 934 qui
969 893 1065 920 eum
1086 878 1139 920 de
1161 878 1413 920 Pharsalica
1434 878 1541 935 fuga·
1559 878 1753 935 Paphum

124 936 179 977 30
198 931 411 989 persecuti
434 937 548 972 sunt.
607 932 840 988 Nunquam
869 935 923 975 ab
951 949 1003 976 eo
1027 935 1187 977 mentio
1216 936 1268 976 de
1295 951 1379 987 me,
1400 935 1484 977 nisi
1505 935 1756 986 honorifica,

197 988 280 1030 nisi
297 989 424 1045 plena
444 987 694 1029 amicissimi
717 989 944 1041 desiderii3
974 991 1072 1032 cum
1094 1006 1160 1032 me
1177 992 1335 1033 vidisse
1354 993 1450 1049 plus
1471 993 1690 1043 fateretur,
1712 1007 1758 1033 se

199 1045 438 1102 speravisse
460 1045 651 1087 meliora,
693 1045 751 1087 Et
772 1047 864 1103 ejus
883 1046 959 1088 viri
979 1046 1150 1088 nomine
1171 1062 1239 1089 me
1256 1048 1457 1089 insectari
1473 1049 1622 1100 audes,
1635 1049 1759 1104 cujus

197 1117 266 1144 me
283 1102 483 1153 amicum,
496 1107 539 1142 te
557 1108 782 1153 sectorem,
800 1118 893 1145 esse
908 1103 1094 1145 fateare?
1127 1103 1214 1145 Sed
1228 1104 1448 1145 omittatur
1462 1105 1623 1146 bellum
1640 1105 1758 1157 illud,

197 1160 243 1200 in
274 1173 360 1216 quo
391 1166 439 1200 tu
470 1158 648 1200 nimium
683 1159 790 1201 felix
822 1160 956 1202 fuisti.

1016 1160 1083 1202 Ne
1116 1161 1230 1216 jocis
1265 1160 1440 1217 quidem
1471 1161 1758 1218 respondebo,

126 1221 182 1262 35
201 1215 358 1273 quibus
377 1230 445 1257 me
465 1214 509 1256 in
530 1216 681 1257 castris
702 1231 827 1258 usum
847 1232 941 1259 esse
963 1217 1125 1259 dixisti.
1172 1217 1309 1259 Erant
1328 1218 1403 1259 illa
1423 1218 1597 1274 quidem
1618 1225 1759 1260 castra

199 1274 329 1330 plena
359 1287 489 1324 curae3
521 1280 814 1315 verumtamen
844 1274 1055 1326 homines,
1092 1272 1285 1330 quamvis
1315 1274 1361 1316 in
1391 1274 1596 1317 cturbidis
1627 1276 1757 1317 rebus

199 1330 301 1380 sint,
330 1336 487 1381 tamen,
519 1329 555 1371 si
576 1330 705 1371 modo
723 1330 920 1373 homines
942 1339 1056 1384 sunt,
1088 1331 1301 1373 interdum
1322 1331 1477 1373 animis
1499 1333 1760 1374 relaxantur.

201 1386 331 1436 Quod
370 1393 513 1428 autem
549 1386 664 1429 idem
713 1388 964 1430 moestitiam
1012 1403 1150 1430 meam
1197 1389 1488 1445 reprehendit,
1537 1389 1654 1431 idem
1694 1390 1763 1445 jo·-

202 1459 314 1496 cum,
347 1458 504 1501 magno
535 1451 788 1501 argumento
819 1453 899 1499 est,
929 1461 998 1489 me
1029 1445 1072 1489 in
1100 1452 1283 1504 utroque
1315 1446 1447 1489 fuisse
1475 1446 1757 1490 moderatum.

372 1697 387 1713 ³
394 1705 477 1733 eom
484 1706 521 1733 m
528 1705 586 1734 zm
593 1693 656 1735 ica
664 1693 736 1736 rit.

206 1989 276 2009 cero
294 1977 464 2009 censebant
478 1977 592 2008 bellum
607 1976 682 2009 illud
697 1988 764 2009 esse
780 1979 959 2020 producen-

205 2024 295 2059 dmm
335 2027 368 2050 at
390 2021 581 2052 obsistebant
603 2026 760 2052 senatores
783 2027 815 2052 et
837 2023 961 2062 equites

206 2065 270 2095 fere
294 2064 437 2099 universi,
464 2065 483 2094 a
511 2065 622 2105 quibus
648 2064 697 2094 vel
727 2065 839 2095 invitus
867 2065 960 2096 Pom-

208 2108 299 2148 peius
312 2107 351 2136 ad
366 2117 501 2147 pugnam
514 2107 663 2148 impulsus
676 2113 738 2138 est:
764 2108 963 2140 certissimam

210 2150 294 2181 enim
311 2150 370 2181 sibi
384 2150 541 2180 victoriani
558 2151 791 2191 promittebant.

252 2196 305 2224 20.
329 2193 370 2223 At
382 2192 444 2222 reri)
461 2192 513 2223 Cn.
528 2193 678 2233 Pompeii]
715 2194 883 2235 Objecerat
898 2197 964 2224 An-

209 2237 313 2266 tonius
344 2235 499 2275 Ciceroni,
531 2237 712 2277 Pompeium
735 2238 768 2267 in
791 2238 898 2268 castris
923 2238 962 2267 ab

211 2290 249 2310 eo
272 2279 375 2309 alieno
396 2279 491 2310 fuisse
513 2280 629 2317 animo,
643 2281 729 2322 quod
745 2290 785 2310 ne
798 2280 880 2321 jocis
897 2281 965 2321 qui-

211 2323 284 2352 dem
297 2322 328 2352 in
342 2321 477 2352 exercitu
491 2322 706 2362 abstinuisset,
729 2329 762 2354 et
778 2323 887 2354 Cicero
896 2324 963 2355 An-

210 2365 290 2395 tonii
304 2365 486 2396 calumniam
504 2365 605 2396 diluit.

256 2410 307 2438 24.
335 2407 388 2437 Sed
404 2414 430 2438 et
444 2419 494 2449 ego
505 2409 573 2448 quid
588 2409 665 2449 illa]
709 2409 880 2450 Pompeius
894 2410 965 2440 nul-

211 2450 273 2480 lam
291 2461 397 2491 pacem
413 2452 539 2481 volebat
557 2462 626 2482 cum
643 2452 784 2483 Caesare:
809 2463 878 2483 eam
890 2453 963 2484 vert}

213 2493 324 2524 Cicero
339 2494 498 2524 suadebat.
536 2494 706 2535 Pompeius
726 2505 813 2525 suam
828 2496 964 2536 dignita-

212 2542 275 2566 tem
298 2537 471 2576 spectabat,
494 2547 586 2577 quam
616 2538 705 2567 armis
727 2538 804 2568 tueri
828 2539 964 2575 volebat,

212 2580 264 2609 vel
279 2589 348 2609 cum
364 2579 500 2621 periculo
516 2579 656 2620 Reipub.
677 2580 787 2611 Cicero
801 2581 962 2612 incolumi-

213 2628 309 2653 tatem
326 2627 358 2653 et
371 2622 569 2660 dignitatem,
585 2623 650 2653 sine
667 2624 812 2661 periculo.

256 2668 309 2697 29.
343 2665 509 2706 Paphum-J
554 2665 631 2696 Post
652 2665 860 2698 Pharsalicam
884 2678 963 2708 pug-

212 2718 299 2746 nam,
329 2708 496 2750 Pompeius
525 2708 667 2749 Paphum
692 2710 783 2750 fugit,
810 2711 962 2752 oppidum

213 2752 324 2793 Cypri,
340 2754 424 2792 quod
440 2751 612 2793 Agapenor
627 2752 779 2783 condidit.

251 2797 304 2826 33.
341 2795 378 2825 Te
389 2795 546 2836 sectorem]
593 2795 700 2827 sector
724 2802 772 2826 est
796 2796 963 2827 aestiinator

204 2839 444 2881 redemptorque
460 2838 610 2871 bonorum
626 2839 766 2872 damnati
781 2844 874 2882 atque
889 2850 961 2882 pro-

986 1692 1116 1750 bpccce
1123 1726 1133 1737 .
1357 1699 1374 1718 ⁰
1383 1693 1593 1737 tristibus.

1003 1978 1119 2020 scripti,
1135 1978 1199 2020 qui,
1225 1989 1313 2020 spem
1328 1984 1449 2010 sectans
1471 1978 1549 2010 lucri
1571 1978 1630 2014 sui,
1652 1977 1684 2009 id
1701 1983 1762 2014 est,

1007 2029 1133 2053 secutus
1153 2032 1241 2063 spem
1266 2022 1476 2053 aestimationis
1497 2032 1570 2058 suae,
1594 2022 1678 2052 bona
1699 2032 1766 2052 om·-

1005 2066 1055 2095 nia
1074 2066 1217 2096 auctione
1232 2066 1350 2102 vendit,
1374 2071 1406 2096 et
1428 2065 1523 2096 semel
1546 2065 1641 2095 infert
1663 2074 1763 2105 pecu·

1005 2109 1088 2138 niam
1105 2108 1152 2139 vel
1168 2109 1287 2145 aerario,
1302 2108 1350 2139 vel
1373 2108 1474 2142 sociis.
1519 2108 1570 2138 Ita
1591 2107 1764 2139 Pedianus.

1007 2151 1118 2183 Cicero
1145 2158 1248 2182 autem
1276 2152 1386 2182 acerbe
1412 2151 1585 2182 Antonium
1611 2156 1762 2181 sectorem

1008 2194 1154 2235 Pompeii
1170 2194 1320 2235 appellat,
1335 2195 1410 2236 quia
1433 2195 1489 2225 sub
1512 2191 1601 2224 hasta
1616 2204 1654 2225 ea
1669 2195 1763 2224 rede-

1009 2243 1116 2272 merat,
1128 2237 1198 2269 esim
1212 2248 1305 2268 nemo
1320 2238 1397 2268 alius
1412 2243 1460 2268 sat
1475 2238 1643 2279 impudens
1657 2247 1764 2278 reper-

1009 2286 1057 2312 tus
1075 2281 1125 2319 sit,
1141 2281 1192 2321 qui
1210 2283 1248 2310 ad
1265 2281 1341 2311 illud
1357 2281 1477 2311 facinus
1493 2281 1664 2311 accederet.

1050 2327 1104 2356 34.
1130 2323 1175 2354 Ne
1182 2325 1258 2365 jocis
1270 2323 1415 2364 quiderm]
1443 2323 1544 2354 Hilari
1558 2323 1684 2365 quidem
1701 2321 1761 2353 fuit

1011 2367 1113 2398 animo
1128 2367 1251 2402 Cicero,
1270 2368 1324 2397 sed
1338 2367 1488 2398 mordaci.
1519 2364 1724 2407 Itaque,c?1m
1734 2365 1765 2396 ei

1008 2410 1177 2451 Pompeius
1193 2409 1352 2451 objiceret,
1366 2409 1431 2442 Serri
1446 2410 1534 2446 venis,
1551 2408 1649 2445 Cicero
1656 2419 1668 2446 ,·
1694 2407 1762 2439 Non

1007 2454 1078 2491 sero,
1101 2453 1203 2494 inquit
1222 2453 1292 2484 ille:
1315 2453 1391 2484 nihil
1412 2454 1488 2483 enim
1510 2452 1590 2482 video
1609 2457 1764 2492 puratum.

1006 2496 1100 2532 Item,
1114 2495 1184 2526 cum
1198 2496 1225 2526 ei
1238 2496 1366 2527 dixisset
1379 2495 1543 2536 Pompeius
1555 2495 1587 2525 in
1599 2495 1655 2525 sua
1669 2505 1762 2525 manu

1007 2549 1074 2569 esse
1097 2539 1267 2575 victoriam,
1291 2538 1463 2580 respondit,
1485 2538 1517 2568 Si
1542 2538 1595 2568 tibi
1616 2539 1763 2579 negotium

1004 2588 1071 2612 esset
1092 2593 1158 2612 cum
1182 2583 1358 2612 mulieribus.
1404 2581 1446 2612 Et
1469 2580 1551 2618 cum,
1578 2587 1649 2622 post
1665 2580 1764 2611 Phar-

1006 2625 1132 2655 salicam
1145 2635 1291 2665 pugnam,
1302 2624 1446 2655 Nonnius
1458 2625 1584 2666 quidam
1596 2623 1762 2661 retulisset,

1005 2669 1108 2698 adhuc
1129 2668 1248 2709 aquilas
1271 2672 1390 2708 septem
1415 2668 1502 2709 (quae
1517 2673 1588 2698 sunt
1601 2666 1763 2698 Romano·

1005 2721 1072 2741 rum
1087 2711 1189 2751 signa)
1211 2721 1382 2751 superesse,
1407 2717 1440 2741 et
1455 2711 1494 2741 ob
1511 2711 1544 2741 id
1560 2711 1643 2741 bono
1659 2715 1762 2740 essent

1006 2756 1131 2792 animo3
1157 2753 1255 2790 Recte,
1277 2754 1389 2795 inquit,
1413 2755 1557 2793 admones,
1580 2756 1607 2786 si
1626 2753 1762 2797 adversiis

1003 2799 1138 2840 graculos
1160 2808 1371 2840 pugnaremus.
