1790 3090
64 155 149 206 222

785 157 875 191 PRO
900 157 1058 192 COELIO.

137 234 274 285 tabor,
294 232 391 275 cum
417 230 537 272 tant&
567 228 706 286 grati-a
736 230 954 287 tantisque
983 228 1137 286 opibus
1169 228 1388 270 accusatio
1410 224 1552 271 vestra
1579 230 1686 273 nita*

138 297 220 342 tur,
241 305 372 332 unum
393 294 633 329 senatorem
665 286 804 327 solum
835 302 944 338 esse,
967 287 1039 342 qui
1059 285 1181 327 vobis
1213 286 1442 342 gratificari
1462 287 1604 338 vellet,
1624 288 1686 328 in-

136 354 325 389 ventum.
385 345 478 385 Nec
500 350 644 384 tamen
673 343 779 383 illud

811 358 946 398 genus
979 343 1155 384 alterum
1187 350 1493 384 nocturnorum
1513 343 1688 385 testium

63 401 119 441 30
137 404 419 460 pertimesc03
451 406 515 441 est
536 399 650 440 enim
680 399 843 439 dictum
874 400 926 440 ab
958 399 1057 451 illis,
1078 400 1167 439 fore
1198 399 1269 454 qui
1301 400 1504 451 dicerent,
1534 413 1687 441 uxores

137 475 252 510 suas,
264 459 289 499 a
303 456 429 500 coena
445 456 688 506 redeuntes,
702 462 951 496 attrectatas
967 470 1058 496 esse
1073 455 1095 495 a
1111 454 1264 496 Coelio.
1296 455 1457 497 Graves
1475 463 1598 497 erunt
1614 456 1688 497 ho-

136 516 288 566 mines,
310 514 382 570 qui
403 514 487 554 hoc
508 511 640 568 jurati
662 513 804 552 dicere
823 512 1067 562 audebunt3
1099 510 1196 552 cum
1217 511 1273 552 sit
1291 511 1358 552 his
1380 514 1688 563 confitendum,

135 586 353 627 nunquam
371 585 432 621 se,
448 584 501 610 ne
519 583 752 624 congressu
770 567 943 622 quidem
961 574 1004 608 et
1019 567 1272 618 constituto,
1288 569 1469 623 coepisse
1486 570 1539 610 de
1557 569 1687 609 tantis

135 628 301 682 injuriis
319 626 512 682 experiri.
574 625 660 666 Sed
682 631 820 665 totum
838 638 972 679 genus
991 623 1326 679 oppugnationis
1348 625 1686 682 hujus,judices,

61 683 117 722 35
137 691 181 724 et
205 685 296 740 jam
323 681 591 738 “prospicitis
628 680 796 731 animis,
826 690 880 731 et,
908 679 1003 721 cum
1036 681 1253 728 inferetur,
1285 682 1527 736 propulsare
1560 682 1687 722 debe-

134 740 251 782 bitis.
311 740 412 780 Non
433 738 546 779 enim
577 738 630 778 ab
661 737 815 778 iisdem
845 742 1072 777 accusatur
1102 736 1168 776 M.
1191 736 1371 788 Coelius,
1393 735 1419 777 a
1439 737 1592 792 quibus
1614 752 1689 792 op-

166 803 375 853 ugnatur3
407 794 552 851 palam
584 794 626 834 in
657 808 753 835 eum
783 793 870 834 tela
892 793 1127 849 jaciuntur,
1149 792 1261 834 clam
1292 793 1685 834 subministrantur.

134 811 287 908 Reque
317 851 361 892 id
383 865 463 907 ego
486 850 600 901 dico,
622 858 670 891 ut
699 849 961 890 invidiosum
993 849 1049 890 sit
1078 849 1123 890 in
1154 864 1242 899 eos,
1263 849 1420 905 quibus
1451 849 1686 905 gloriosum

133 909 218 949 hoc
240 908 367 949 etiam
390 921 481 947 esse
504 907 647 947 debet.

131 1027 237 1062 nant
256 1018 461 1060 lacessiti.

706 905 958 960 anguntur
975 905 1140 946 officio:
1173 906 1412 946 defendunt
1427 920 1551 948 suos:
1585 906 1687 947 faci-

59 963 116 1003 40
134 973 225 1015 unt,
243 964 359 1019 quod
375 962 454 1003 viri
476 961 697 1002 fortissimi
719 962 877 1001 solent:
900 961 988 1001 laesi
1006 962 1174 1012 dolent;
1195 961 1290 1002 irati
1308 962 1559 1014 efferuntur3
1580 978 1687 1019 pug-

522 1017 608 1057 Sed
628 1024 779 1057 vestrae
801 1016 1021 1071 sapientiae
1053 1024 1196 1057 tamen
1218 1024 1296 1067 est,
1314 1019 1502 1072 judices,
1525 1034 1624 1066 non,
1648 1019 1684 1059 si

131 1077 395 1132 causajusta
416 1081 481 1115 est
499 1073 599 1115 viris
621 1073 802 1114 fortibus
825 1072 1102 1128 oppugnandi
1137 1073 1200 1114 M.
1227 1074 1425 1124 Coelium,
1443 1073 1540 1115 ideo
1561 1075 1684 1116 vobis

132 1148 302 1189 quoque
323 1146 399 1172 vos
421 1145 594 1172 causam
615 1137 762 1185 putare
785 1144 879 1171 esse
894 1130 1059 1184 justam
1080 1128 1221 1170 alieno
1239 1129 1371 1170 dolori
1393 1129 1536 1185 potius
1553 1130 1685 1186 quam

129 1197 281 1230 vestrae
302 1187 404 1228 fidei
426 1186 693 1228 consulendi.

755 1186 861 1234 Quae
882 1185 939 1225 sit
959 1185 1186 1226 multitudo
1208 1185 1251 1226 in
1273 1186 1378 1237 foro,
1401 1201 1495 1241 quae
1513 1201 1683 1242 genera,

56 1245 113 1285 45
131 1260 227 1301 quae
249 1245 404 1292 studia,
426 1259 520 1300 quae
540 1242 721 1283 varietas
743 1242 979 1292 hominum,
1000 1241 1182 1292 videtis3
1215 1256 1266 1282 ex
1287 1241 1370 1283 hac
1391 1242 1533 1298 copia,
1553 1243 1685 1299 quam

130 1303 289 1343 multos
311 1316 404 1342 esse
426 1299 702 1350 arbitramini,
724 1298 798 1354 qui
829 1297 1074 1339 hominibus
1095 1298 1360 1354 potentibuS,
1386 1299 1602 1354 gratiosis,
1624 1301 1689 1341 di-

130 1359 270 1409 sertis,
292 1357 389 1399 cum
420 1355 581 1412 aliquid
603 1370 676 1396 eos
698 1356 806 1396 velle
827 1354 1098 1406 arbitrentur,
1119 1356 1231 1395 ultro
1262 1369 1307 1396 se
1330 1354 1479 1396 offerre
1500 1357 1682 1408 soleant,

130 1429 303 1470 operam
322 1428 490 1464 navare,
512 1411 806 1453 testimonium
827 1410 1047 1467 polliceri?
1108 1410 1205 1452 Hoc
1227 1425 1279 1452 ex
1301 1426 1457 1467 genere
1479 1412 1516 1452 si
1538 1411 1611 1468 qui
1633 1427 1680 1454 se

128 1471 173 1511 in
202 1471 288 1512 hoc
309 1469 523 1525 judicium
544 1467 653 1509 forte
683 1468 955 1523 projecerint,
976 1467 1264 1508 eexcluditote
1295 1482 1441 1508 eorum
1471 1468 1684 1524 cupidita-

53 1529 112 1572 50
129 1532 231 1579 teni,
255 1526 442 1581 judices,
465 1524 676 1579 sapientia
696 1523 864 1574 vestr-513
895 1531 942 1563 ut
974 1523 1127 1563 eodem
1158 1529 1349 1578 tempore
1381 1523 1508 1579 hujus
1540 1525 1682 1574 saluti,

129 1590 174 1624 et
193 1581 387 1638 religioni
403 1588 569 1630 vestrae,
589 1587 632 1621 et
648 1586 797 1621 contra
815 1579 1203 1635 periculosissimas
1223 1579 1445 1620 hominum
1466 1581 1682 1636 potentias

128 1639 368 1682 conditioni
383 1637 575 1681 omnium
588 1636 761 1689 civium,
774 1635 1010 1693 providisse
1024 1635 1270 1678 videamini.
1293 1635 1507 1693 Equidem
1520 1652 1596 1680 vos
1610 1638 1682 1681 ab-

490 1808 768 1861 dintelligitis.

171 2017 222 2046 99.
246 2013 463 2045 Nocturno‘rum
485 2015 626 2054 testium]
672 2012 879 2054 Ridiculejo-

126 2063 213 2089 catur
235 2057 264 2087 in
289 2063 394 2093 testes,
411 2068 487 2097 quos
511 2057 624 2087 idcirc&
649 2064 813 2086 nocturnos
828 2067 880 2085 vo-

126 2106 188 2136 cat,
205 2100 244 2129 ad
269 2110 373 2130 eornm
395 2101 612 2130 obscuritatem
635 2099 787 2134 alludens,
807 2099 881 2140 quia

126 2149 221 2174 noctu
236 2143 398 2173 commode
416 2143 512 2172 videri
530 2153 591 2172 non
611 2147 763 2183 poterant.

171 2188 221 2216 31.
245 2185 450 2225 Atti-retatus]
496 2185 546 2214 Ita
570 2185 588 2214 ’ῖι
613 2185 790 2214 mulieribus
806 2195 881 2215 con-

125 2228 294 2259 trectandis
309 2228 505 2258 abstinebant
525 2227 671 2263 Romani,
688 2232 721 2257 ut
744 2227 762 2256 a
785 2228 882 2267 magi-

126 2276 221 2301 stratu
239 2276 384 2300 maironae
407 2281 446 2301 ne
468 2271 595 2311 quidem
619 2272 880 2306 submovcrentnr‚

126 2319 161 2344 ut
186 2315 294 2344 Festus
322 2314 427 2353 refert,
458 2324 497 2343 ne
527 2313 640 2353 pulsari
668 2313 881 2343 subnioverive

125 2357 312 2387 viderentur.

169 2402 223 2430 32.
259 2398 389 2438 Jnrati]

124 2440 374 2481 turi,jurabant;
397 2441 491 2481 quare
512 2441 660 2481 religione
677 2451 781 2470 verum
798 2439 882 2469 dice-

124 2495 157 2515 re
174 2484 367 2514 tenebantur.

168 2530 220 2558 53.
246 2526 403 2567 Congressu
425 2531 451 2555 et
470 2525 652 2565 constituta]

125 2569 293 2610 antequam
316 2569 355 2598 ad
373 2567 514 2608 judiccin
539 2573 754 2608 provocarent,
774 2572 806 2597 ut
824 2568 879 2597 do·

124 2614 167 2643 mi
187 2613 269 2654 apud
291 2611 405 2641 amicos
419 2621 598 2641 communes
614 2611 835 2652 experirentur,
855 2610 880 2640 si

123 2656 202 2686 forte
226 2654 328 2685 sedari
351 2654 390 2684 ab
411 2653 446 2683 iis
462 2655 669 2683 controversia
684 2658 807 2693 posset3
832 2663 878 2682 er-

119 2700 213 2738 perz'rz'
237 2703 351 2732 autern,
379 2696 427 2726 vel
455 2697 575 2735 esperiri
596 2698 660 2735 jus,
689 2696 758 2736 lege
788 2706 878 2736 agere

124 2745 192 2778 θεῖς
217 2740 290 2770 inde
319 2739 454 2769 deducto
477 2739 583 2774 verbo,
611 2738 708 2779 qudd,
734 2738 789 2778 qui
816 2749 879 2768 rem

124 2782 389 2826 aliquamjudicio
405 2787 527 2824 petunt,
543 2782 575 2818 ii,
590 2782 673 2823 quod
685 2780 764 2821 juris
779 2791 811 2813 se
824 2782 879 2812 ha-

698 2524 797 2554 Moris
811 2523 880 2560 suit,

430 2397 493 2433 Qui
509 2397 717 2427 testiinonium
734 2402 822 2427 erant
838 2397 883 2427 la-

1117 1809 1309 1860 ‘rejicite

922 2013 995 2043 bere
1013 2013 1053 2042 ad
1070 2022 1139 2043 eam
1162 2022 1226 2043 rem
1248 2013 1416 2052 petendam
1434 2012 1627 2048 arbitrantur,
1642 2011 1677 2042 id

924 2057 962 2085 ad
985 2055 1123 2096 judices,
1143 2056 1286 2086 tentandi
1310 2061 1342 2086 et
1367 2057 1548 2098 experiendi
1574 2055 1680 2092 causa,

925 2104 1097 2138 exponunt.

966 2143 1020 2173 37.
1059 2141 1164 2171 Palam
1194 2143 1250 2171 tela
1270 2141 1462 2182 jaciuntur]
1519 2141 1681 2176 Ostendit,

924 2183 1007 2224 quot]
1024 2184 1088 2222 alii,
1104 2189 1137 2214 ut
1152 2184 1342 2220 Herennius,
1354 2185 1526 2220 Atratinus,
1550 2184 1680 2219 Balbus,

926 2238 958 2257 se
974 2226 1077 2267 palam
1106 2233 1298 2258 accusatores
1314 2228 1533 2267 profiteantur;
1558 2226 1680 2267 sumpti).

925 2269 943 2298 a
961 2270 1106 2300 militibus
1124 2269 1314 2309 metaphora,
1330 2281 1459 2311 quorum
1476 2270 1527 2300 alii
1550 2270 1678 2309 sagittas

925 2313 1077 2347 evibrant,
1094 2312 1146 2342 alii
1161 2312 1375 2353 suppeditant.

967 2358 1020 2386 43-
1046 2355 1142 2389 Quam
1156 2355 1358 2395 vestraefidei.]
1392 2355 1454 2385 Per
1467 2355 1547 2384 hanc
1559 2364 1679 2388 vocem,

915 2397 1002 2437 fidei,
1023 2398 1205 2438 religionem
1229 2403 1322 2438 atque
1345 2396 1567 2431 innocentiam,
1583 2406 1677 2436 quam

925 2440 1015 2480 vulgo
1028 2441 1247 2470 conscientiam
1267 2440 1409 2477 dicimus,
1422 2439 1590 2479 significat;
1607 2437 1677 2468 curn

926 2482 1007 2512 enim
1025 2483 1149 2522 judices
1166 2482 1317 2522 jurarent,
1332 2483 1376 2512 nil
1392 2487 1499 2511 contra
1514 2481 1589 2511 fidei
1613 2491 1676 2510 suae

924 2526 1119 2555 sanctitatem
1134 2532 1279 2565 praestare
1294 2525 1460 2555 debebant.

965 2570 1018 2599 46.
1044 2567 1213 2607 Gratiosis]
1265 2567 1401 2598 Gratiosi
1415 2564 1507 2607 vulg&
1532 2565 1677 2596 dicuntur

923 2610 977 2650 qui
994 2610 1099 2640 amicis
1116 2611 1286 2640 abundant.

965 2656 1017 2683 48.
1044 2652 1244 2683 Testimonium
1263 2651 1427 2692 polliceri]
1487 2651 1677 2681 Pollicemur

922 2701 1045 2734 sponte,
1062 2695 1267 2736 promittimus
1290 2695 1399 2735 rogati,
1415 2694 1516 2734 inquit
1539 2693 1677 2724 Servius.

922 2738 952 2768 H
957 2737 984 2769 ic
1000 2744 1102 2769 autem
1117 2738 1268 2771 invidiam
1284 2748 1322 2778 ex
1337 2737 1478 2779 potentia
1494 2735 1676 2768 adversariis

922 2781 1080 2818 conciliat,
