1759 2997
465 342 534 390 M.
571 341 807 390 TULLII
844 341 1206 389 CICERONIS

582 486 1069 558 LAELIUS‚

783 655 886 687 SIVE

314 772 426 826 DE
479 772 857 827 AMICITIA
908 771 1347 827 DIALOGUS.

296 1096 362 1124 AD
399 1097 444 1126 T.
476 1097 781 1126 POMPONIUM
815 1098 1041 1126 ATTICUM
1076 1096 1355 1126 PRAEFATIO.

108 1194 145 1238 Ι.
179 1195 443 1245 QUINTUS
476 1197 710 1239 MUCIUS
743 1213 877 1254 augur
907 1199 1043 1240 multa
1076 1213 1242 1240 narrare
1277 1198 1331 1239 de
1372 1196 1423 1238 C.
1459 1195 1602 1246 Laelio,

49 1267 198 1295 socero
220 1268 312 1305 suo,
345 1255 587 1296 memoriter
604 1263 648 1296 et
660 1255 854 1311 jucunde
877 1257 1067 1298 solebat:
1099 1271 1180 1297 nec
1200 1255 1396 1296 dubitare
1417 1254 1540 1295 illum
1558 1254 1603 1294 in

49 1310 165 1352 omni
185 1325 379 1353 sermone
399 1312 615 1368 appellare
637 1312 888 1368 sapientem.
948 1312 1042 1368 Ego
1061 1319 1203 1354 autem
1223 1311 1250 1352 a
1269 1319 1387 1368 patre
1407 1311 1468 1352 ita
1488 1325 1603 1352 eram

48 1367 259 1409 deductus
290 1369 345 1409 ad
380 1368 634 1420 Scaevolam,
665 1369 838 1425 sumpta
874 1369 983 1410 virili
1018 1370 1137 1426 toga,
1175 1375 1223 1411 ut
1252 1368 1394 1425 quoad
1431 1380 1603 1424 possem

48 1429 92 1464 et
112 1423 275 1476 liceret,
307 1424 334 1465 a
353 1425 468 1467 senis
489 1426 620 1466 latere
641 1441 859 1481 nunquam
879 1427 1161 1468 discederem.
1221 1426 1371 1481 Itaque
1394 1425 1528 1465 multa
1547 1424 1602 1464 ab

46 1494 98 1521 eo
129 1481 360 1536 prudenter
392 1482 623 1538 disputata,
655 1484 791 1523 multa
827 1483 953 1524 etiam
984 1483 1169 1524 breviter
1199 1489 1242 1523 et
1262 1479 1489 1523 commode
1511 1479 1604 1521 dic-

44 1542 103 1587 ta,
153 1538 368 1579 memoriae
417 1539 674 1580 mandabam
697 1556 708 1590 3
755 1539 933 1596 fierique
981 1540 1207 1581 studebam
1245 1540 1337 1595 ejus
1377 1536 1603 1594 prudentia

44 1593 225 1635 doctior.
286 1594 383 1642 Quo
425 1603 607 1645 mortu0,
655 1610 725 1637 me
765 1596 820 1637 ad
861 1597 1112 1652 pontificem
1147 1596 1384 1637 Scaevolam
1422 1592 1601 1644 contuli,

44 1664 174 1705 quem
195 1665 335 1692 uunum
365 1658 522 1693 nostrae
552 1652 739 1693 civitatis
770 1659 814 1693 et
842 1652 1016 1710 ingenio
1048 1660 1092 1695 et
1105 1652 1281 1709 justitia
1301 1649 1602 1708 praestantissi-

42 1721 161 1748 mum
190 1707 327 1749 audeo
357 1708 514 1749 dicere.
589 1708 676 1750 Sed
707 1709 760 1750 de
791 1710 876 1750 hoc
905 1710 1041 1765 alias3
1078 1725 1193 1752 nunc
1223 1709 1351 1750 redeo
1382 1708 1438 1749 ad
1468 1722 1602 1762 augu-

42 1777 145 1805 rem.
206 1762 315 1805 Cum
349 1780 465 1820 saepe
495 1766 645 1816 multa,
684 1767 777 1806 tum
806 1766 1146 1817 memini,'domi
1176 1766 1221 1806 in
1251 1764 1508 1820 hemicyclio
1535 1778 1601 1805 se-

44 1819 244 1870 dentem,l
262 1827 312 1861 ut
342 1821 519 1870 solebat,
550 1821 649 1863 cum
679 1829 724 1862 et
755 1836 836 1877 ego
862 1837 1001 1863 essem
1022 1822 1124 1874 una,
1156 1830 1199 1863 et
1219 1821 1347 1877 pauci
1369 1820 1600 1862 admodum

44 1876 290 1926 familiares,
321 1876 365 1918 in
386 1893 484 1919 eum
504 1892 742 1919 sermonem
769 1878 890 1919 illum
921 1879 1124 1930 incidere,
1156 1878 1230 1934 qui
1250 1885 1340 1919 tum
1360 1876 1446 1918 fere
1468 1877 1601 1918 omni-

43 1933 125 1974 bus
146 1933 300 1975 eratin
329 1948 424 1975 ore:
455 1934 688 1975 meministi
720 1934 849 1985 enim,
881 1935 1043 1984 Attice,
1076 1942 1120 1976 et
1143 1950 1194 1976 eo
1225 1935 1377 1990 magis,
1409 1932 1524 1989 quod
1546 1933 1597 1974 P.

44 1988 240 2044 Sulpicio
261 1990 435 2032 utebare
456 1990 649 2041 multum,
671 1990 787 2041 (cum
803 1992 856 2042 is,
876 1991 1070 2032 tribunus
1091 1992 1247 2047 plebis,
1265 1991 1440 2047 capitali
1457 1989 1600 2043 odio-a

46 2045 101 2094 Q.
123 2046 345 2102 Pompeio,
376 2047 449 2102 qui
478 2054 570 2088 tum
600 2054 690 2088 erat
713 2048 876 2098 consul,
911 2048 1154 2099 dissideret,
1185 2062 1374 2104 quocum
1395 2048 1601 2102 conjunc·

43 2102 211 2142 tissime
234 2109 276 2144 et
292 2103 585 2145 amantissime
607 2103 789 2155 vixerat)
821 2111 982 2160 quanta
1001 2105 1224 2146 hominum
1244 2111 1359 2145 esset
1376 2104 1443 2144 vel
1464 2103 1600 2144 admi-

44 2159 168 2210 ratio,
189 2160 257 2200 Vel
278 2161 460 2215 querela.
476 2175 485 2184 ²
515 2161 667 2216 ltaque
688 2167 783 2201 tum·
801 2160 1009 2212 Scaevola,
1031 2163 1131 2202 cum
1151 2161 1195 2201 in
1216 2175 1310 2202 eam
1329 2161 1468 2217 ipsam
1483 2174 1600 2201 men-

30 2215 209 2279 ggionem
238 2216 476 2268 incidisset,
509 2217 711 2273 exposuit
740 2217 865 2258 nobis
897 2232 1137 2259 sermonem
1158 2217 1277 2258 Laelii
1309 2217 1361 2258 de
1393 2216 1598 2268 amicitia,

45 2271 241 2313 habitum
261 2273 314 2313 ab
342 2272 414 2317 illo
443 2288 603 2324 secum,
638 2280 799 2315 etcum
819 2275 951 2315 altero
974 2289 1144 2329 genero,
1179 2274 1230 2315 C.
1251 2273 1429 2325 Fannio,
1462 2273 1601 2314 Marci

45 2327 152 2378 filio,
183 2329 332 2383 paucis
366 2329 516 2371 diebus
544 2336 644 2386 post
674 2338 857 2371 mortem
889 2331 1097 2372 Africani.
1157 2330 1263 2386 Ejus
1292 2329 1598 2386 disputationis

47 2384 281 2425 sententias
302 2386 517 2427 memoriae
537 2387 751 2437 mandavi,
773 2394 892 2442 *quos
920 2387 1004 2429 hoc
1034 2388 1140 2429 libro
1172 2387 1352 2443 exposui
1374 2401 1468 2428 meo
1490 2385 1598 2427 arbi-

45 2447 184 2491 tratu3
217 2441 339 2497 quasi
371 2442 484 2483 enim
514 2443 632 2498 ipsos
664 2440 813 2483 indu>²<i
850 2444 1092 2499 loquentes,
1133 2459 1185 2485 ne
1206 2446 1408 2498 Inquam,
1445 2449 1488 2484 et
1522 2445 1599 2483 In-

44 2501 155 2550 quit,
176 2497 332 2553 saepius
353 2496 745 2554 interponerentur}
775 2506 902 2555 atque
920 2507 981 2551 ut,
1001 2507 1221 2556 tamquam
1238 2499 1263 2540 a
1279 2499 1595 2556 praestantibus,

46 2555 191 2594 coram
210 2554 355 2595 haberi
377 2569 515 2595 sermo
537 2555 765 2596 videretur.
790 2559 798 2595 ἔ
825 2555 935 2597 Cum
956 2557 1069 2598 enim
1097 2572 1212 2619 saepe
1239 2571 1407 2597 mecum
1434 2571 1598 2611 ageres,

45 2616 94 2651 ut
121 2611 173 2651 de
208 2610 399 2652 amicitia
429 2611 657 2653 scriberem
687 2612 1028 2669 aliquid,'digna2
1051 2613 1155 2654 mihi
1185 2628 1250 2654 res
1281 2612 1377 2654 cum
1407 2613 1597 2655 omnium

46 2666 310 2721 cognitione,
330 2674 422 2709 tum
436 2667 584 2709 nostra
599 2668 902 2720 familiaritate,
922 2670 1016 2711 visa
1031 2676 1111 2711 est.
1159 2669 1310 2725 Itaque
1329 2669 1413 2711 feci
1428 2683 1515 2712 non
1532 2669 1599 2711 in-

45 2722 178 2778 vitus,
206 2730 254 2766 ut
282 2724 532 2781 prodessem
560 2725 704 2769 multis
725 2732 801 2769 tuo
820 2732 987 2783 rogatu.
1045 2725 1149 2781 Sed,
1177 2727 1290 2771 utin
1312 2724 1476 2771 Catone
1494 2728 1602 2784 Mas
