1858 3095
715 131 806 166 PRO
832 130 999 165 mum-:N
1003 132 1044 164 A.

111 210 230 253 dicta
259 216 378 252 sunt:
410 221 495 266 quo
516 207 645 250 etiam
667 209 772 250 mihi
803 208 946 251 durior
973 209 1093 250 locus
1121 216 1188 251 est
1217 208 1390 252 dicendi
1421 209 1569 262 datus3
1601 218 1662 260 ut,

112 267 210 309 cum
240 275 340 309 ante
382 281 447 308 me
487 272 530 306 et
560 265 631 306 ille
663 266 858 315 dixisset,
890 273 933 308 et
962 265 1025 306 vii
1055 267 1221 307 sumina
1252 266 1463 324 dignitate
1495 274 1539 307 et
1568 267 1663 308 dili·
1681 269 1736 310 70

113 324 260 380 genti-21
291 332 335 366 et
364 322 566 364 facultate
601 321 787 372 dicendi,
821 323 883 364 Μ.

914 323 1109 374 Crassus,
1141 338 1237 391 ego,
1269 303 1325 364 in
1342 331 1547 374 extremo,
1579 338 1664 364 non

113 389 277 437 partem
305 379 491 435 aliquam
522 393 689 434 agerem
724 394 876 427 causae,
920 379 996 420 sed
1027 380 1079 421 de
1116 381 1210 422 ιοι·ι
1245 396 1287 421 re
1317 380 1517 428 dicerem,
1548 379 1666 436 quod

113 438 216 478 mihi
256 436 480 477 videretur.

542 436 693 491 Itaque
726 436 769 476 in
803 436 956 477 iisdem
978 437 1104 477 iebus
1133 435 1219 478 tere
1242 451 1407 487 νει-5οη
1439 444 1496 487 et,
1527 435 1667 498 'quod

112 507 302 550 possum,
327 491 514 554 judices,
557 506 733 533 occurro
776 500 925 534 vestra,
957 493 1159 534 satietati.

113 564 241 606 quam
262 556 304 590 te
336 562 520 589 secunm
542 556 667 604 putas
689 549 887 605 injecisse
910 549 1106 604 petitioni
1130 557 1227 611 tuae,
1259 564 1324 589 cu·
1318 564 1354 588 n
1387 556 1433 589 tu
1460 549 1667 604 populum
1685 551 1739 590 75

1220 493 1304 533 Sed
1343 500 1500 543 tamen,
1535 492 1667 544 Servi,

114 605 385 647 Romanum
377 620 420 645 ln
442 620 539 646 eurn
560 613 720 646 metum
743 605 977 655 adduxisti,
1009 612 1055 646 ut
1088 605 1408 660 peitiniesceret
1434 619 1486 645 ne
1518 605 1668 646 consul

115 661 303 702 Catilina
322 662 456 712 fieret,
488 663 590 703 dum
612 669 658 702 tu
679 662 1000 724 accusationem
1021 675 1305 716 comparares,
1328 660 1517 723 depositi
1513 676 1525 701 ι
1539 669 1668 716 atque

113 717 276 773 abjecti
272 734 285 757 ι
304 718 540 779 petitione?
600 717 773 759 Etenim
794 724 834 758 te
850 717 1061 772 inquirere
1084 718 1302 768 videbant,
1318 717 1483 758 tristem
1501 717 1667 773 ipsum:

112 773 824 836 moestosamicos,observationes,
841 774 1182 824 testificationes,
1196 774 1666 823 seductionestestium‚

113 830 403 872 secessionem
420 830 772 886 subscriptorum,
795 830 1191 871 animadvertebant
1211 830 1385 886 (quibus
1407 829 1533 871 rebus
1551 829 1666 872 cert&-
1686 832 1739 874 80

113 886 196 942 ipsi
227 887 553 928 candidatorum
580 887 722 928 vultus
756 887 1025 928 obsculiores
1057 886 1190 928 videti
1223 887 1406 938 solent);

1440 885 1667 928 Catilinam

113 942 276 985 interea
307 943 493 985 alacrem
524 951 652 999 atque
694 945 852 995 laetum,
884 943 1088 999 stipatum
1110 943 1271 984 choro
1297 944 1549 999 juventutis,
1580 944 1668 984 val-

112 1000 247 1041 latum
273 999 490 1041 indicibus
511 1007 640 1056 atque
658 1000 837 1051 sicariis,
869 1000 1078 1050 inflatum,
1112 1015 1209 1041 cum
1241 1015 1313 1056 spe
1346 1000 1544 1051 militum,
1577 1007 1669 1041 tum

113 1056 292 1112 collegae
326 1056 411 1097 mei
447 1057 832 1120 (quemadmodum
872 1056 1047 1098 dicebat
1073 1057 1184 1113 ipse)
1222 1056 1456 1119 promissis,
1489 1057 1670 1098 circum-

112 1113 272 1154 fluente
294 1113 541 1154 colonorum
574 1113 868 1154 Arretinorum
889 1121 933 1154 et
954 1113 1273 1154 Faesulanorum
1298 1113 1510 1164 exercitu3
1542 1127 1669 1176 quam
1689 1115 1742 1156 85

112 1169 293 1217 turbam,
324 1168 610 1210 dissimillimo
643 1184 695 1211 ex
732 1184 902 1226 genere,
925 1169 1249 1232 distinguebant
1269 1169 1464 1210 homines
1487 1145 1671 1225 lierculsi

113 1225 277 1281 Syllani
300 1226 504 1281 temporis
525 1204 781 1267 calamitate.

841 1226 998 1266 Vultus
1032 1233 1122 1267 erat
1161 1225 1295 1281 ipsius
1328 1226 1478 1281 plenus
1505 1226 1672 1277 furolis,

113 1282 227 1323 oculi
266 1282 456 1333 sceleris,
503 1296 641 1322 seimo
675 1282 942 1336 arrogantiae,
974 1281 1038 1323 sic
1072 1289 1118 1323 ut
1151 1297 1189 1322 ei
1214 1284 1306 1337 jam
1337 1282 1597 1338 exploratus,
1631 1291 1674 1324 et

112 1337 230 1380 domi
262 1337 479 1391 conditus,
513 1338 762 1380 consulatus
771 1319 1021 1380 ι.”’νίἀει·εειιιτ.

142 1541 377 1596 ‘quantum
396 1555 586 1597 possum,
605 1548 820 1598 prceverto
840 1548 1029 1586 restrum
1048 1544 1244 1585 taeclium.

116 1770 258 1812 aeqnalis,
281 1769 335 1812 qui
355 1771 386 1800 in
402 1770 594 1812 principibus
609 1770 747 1810 patronis
760 1770 880 1813 aliquot

115 1823 212 1844 annos
226 1813 296 1846 fuit.
341 1814 426 1844 Vide
439 1814 540 1845 Cicer.
555 1814 589 1844 in
605 1814 688 1845 Clar.
702 1815 790 1845 Orat.

158 1858 212 1887 78.
259 1856 298 1887 Te
332 1858 480 1896 inquirere
512 1858 673 1898 videbant]
719 1857 877 1888 Describit

118 1899 291 1940 Sulpicium
306 1901 509 1930 meditantem
531 1905 562 1930 et
575 1908 806 1941 comparantem
823 1911 875 1931 ac-

119 1943 310 1972 cusationem
326 1949 434 1973 contra
451 1943 633 1979 Catilinam,
655 1944 728 1973 dum
745 1949 877 1985 uterque

120 1991 241 2025 peteret
255 1985 460 2016 consulatum.

162 2029 215 2057 79.
257 2027 502 2068 Τεεερᾔεαιίοηεε.]
558 2028 751 2058 Testiticatio
775 2029 880 2069 signa-

121 2075 186 2100 tum
201 2070 411 2100 testimonium
426 2075 486 2109 est,
502 2071 589 2111 quod
606 2071 645 2100 ab
661 2072 790 2102 absente
807 2073 879 2101 mis-

121 2123 187 2143 sum
200 2119 259 2144 est.

163 2155 212 2186 Ib.
236 2155 418 2186 seductiones
431 2155 573 2195 testium]
620 2155 684 2192 Qui
699 2160 792 2187 testcs
809 2167 879 2197 pro-

123 2199 272 2230 ducturus
293 2204 370 2234 erat,
404 2209 457 2229 eos
482 2199 609 2228 domum
632 2199 819 2238 advocabat,
842 2210 879 2230 ac

121 2242 214 2272 variis
226 2241 511 2283 percontationibus
522 2241 713 2281 explorabat.

164 2286 217 2315 80.
262 2284 443 2314 secessionem
492 2284 740 2325 subscriptorum]
799 2285 881 2315 Sub-

123 2328 288 2368 scriptores
299 2327 495 2362 dicebantur,
507 2326 561 2367 qui
577 2328 760 2362 accusatori,
772 2328 824 2368 qui
837 2328 880 2358 rei

123 2380 237 2400 nomen
268 2370 435 2406 detulerat,
458 2369 712 2408 subscribebant;
737 2371 769 2400 hi
789 2370 878 2411 porro

123 2413 327 2451 secedebant,
361 2419 396 2442 ut
421 2412 643 2442 meditarentur
668 2413 731 2454 qua
760 2413 878 2444 ratione

125 2454 255 2496 Sulpicii
267 2456 495 2486 accusationem
512 2455 704 2495 adjuvarent.

168 2501 222 2530 81.
251 2497 354 2528 Vultus
364 2499 560 2538 obscuriores]
604 2498 653 2528 Ex
667 2497 754 2528 vultu
769 2499 879 2530 obscu-

126 2540 198 2571 riori
209 2546 242 2572 et
256 2541 392 2577 tristiori,
408 2551 470 2570 non
487 2542 611 2581 qualem
632 2541 749 2571 debent
763 2541 879 2572 habere

126 2583 286 2614 candidati
309 2584 363 2624 qui
386 2583 465 2614 bene
487 2589 626 2623 sperant,
647 2584 812 2615 videbatur
841 2585 882 2615 de

129 2625 288 2656 consulatu
303 2627 474 2657 obtinendo
491 2627 670 2667 desperare.

171 2667 223 2699 ΙΙ).
245 2667 405 2700 Catilinam
418 2669 556 2710 interest]
602 2669 762 2700 Describit
785 2667 885 2710 qualis

129 2711 284 2741 exstiterit
297 2710 433 2742 Catilina
456 2713 490 2742 in
514 2711 670 2753 petitione
695 2710 885 2747 consulatus,

1093 1338 1318 1380 Murenam
1347 1340 1673 1381 contemnebat:

1397 1543 1415 1567 k
1428 1546 1646 1585 comitata.

923 1781 1030 1812 quam,
1047 1781 1083 1801 ex
1093 1780 1148 1812 spe
1159 1771 1214 1801 sua
1227 1768 1388 1802 obtinendi
1398 1769 1605 1808 consulatum,
1615 1770 1679 1803 ala-

921 1815 1060 1845 critatem
1077 1824 1140 1854 prae
1156 1825 1189 1845 se
1204 1815 1308 1845 ferret.

963 1859 1018 1888 8⁶2.
1043 1856 1191 1887 Vallatum
1208 1858 1374 1898 indicibus]
1402 1857 1473 1888 Non
1486 1858 1601 1888 debere
1616 1856 1679 1897 legi

917 1901 1064 1931 indicibus
1076 1901 1210 1938 videtur,
1233 1902 1287 1931 sed
1305 1900 1407 1941 potius
1419 1901 1588 1936 audacibus,
1611 1901 1680 1940 qui-

923 1943 978 1973 bus
991 1943 1138 1983 stipatum
1154 1943 1247 1973 fuisse
1258 1943 1340 1984 saepe
1355 1944 1434 1974 dixit
1446 1944 1556 1975 Cicero
1567 1944 1599 1974 in
1617 1943 1678 1974 Ca-

922 1986 1065 2016 tilinariis
1080 1986 1281 2016 orationibus.

967 2031 1019 2059 84.
1045 2027 1166 2070 Collega:
1180 2029 1262 2070 mei.]
1307 2029 1464 2059 Antonius
1477 2029 1597 2068 collega
1613 2033 1678 2058 erat

924 2071 1084 2102 Ciceronis
1100 2071 1130 2100 in
1153 2072 1328 2107 consulatu,
1351 2072 1405 2112 qui
1421 2071 1551 2112 primum
1571 2070 1679 2102 Catili-

923 2124 971 2143 nae
994 2114 1099 2144 favere
1114 2113 1196 2143 visus
1212 2120 1278 2151 est3
1301 2115 1356 2144 sed
1382 2125 1476 2154 quem
1500 2115 1539 2144 ab
1554 2124 1592 2144 eo
1608 2114 1678 2143 abs-

923 2156 1049 2186 traxisse
1063 2166 1109 2192 se,
1124 2157 1156 2186 in
1170 2156 1362 2187 orationibus
1381 2157 1551 2197 aliquando
1567 2156 1655 2187 dicit.

967 2201 1020 2230 85.
1044 2199 1248 2229 Arretinorum
1263 2206 1290 2230 et
1305 2199 1550 2240 Resutanorum]
1586 2199 1679 2229 Arre-

925 2241 1001 2271 tium
1017 2247 1050 2271 et
1064 2241 1191 2272 Faesulae
1214 2244 1248 2272 in
1273 2242 1395 2272 Etruria
1416 2242 1525 2283 populi
1540 2242 1678 2272 Romani

924 2284 1055 2314 coloniae
1070 2289 1168 2319 erant,
1184 2295 1311 2325 quarum
1333 2285 1437 2315 coloni
1454 2285 1597 2316 Catilinae
1613 2290 1678 2315 stu-

924 2327 1063 2358 debant:
1089 2327 1172 2357 unde
1189 2333 1274 2357 tanto
1287 2338 1413 2358 numero
1424 2338 1461 2358 ex
1477 2328 1513 2358 iis
1526 2328 1600 2358 luris
1611 2328 1679 2358 Ro-

923 2379 1004 2399 mam
1021 2371 1061 2400 ad
1077 2370 1201 2400 comitia
1219 2377 1381 2407 venerunt,
1399 2376 1432 2401 ut
1445 2371 1598 2401 exercitus
1613 2382 1680 2402 cre-

923 2414 1060 2445 deretur.

964 2456 1017 2486 86.
1050 2455 1183 2486 Perculsi
1195 2454 1313 2496 Syllani
1336 2457 1468 2496 temporis
1487 2455 1680 2496 calamitate]

921 2497 960 2527 In
976 2498 1030 2528 illa
1062 2499 1182 2538 perdita
1212 2498 1368 2529 nominum
1400 2499 1498 2535 turba,
1523 2499 1678 2540 praecipue

922 2541 1121 2576 notabantur,
1136 2541 1189 2581 qui
1206 2541 1224 2570 ’Σι
1235 2541 1324 2583 Syna
1338 2542 1500 2582 proscripti
1511 2543 1644 2572 fuerant.

969 2586 1021 2614 87.
1050 2583 1155 2614 Vultus
1168 2585 1260 2624 erat]
1285 2584 1444 2614 Describit
1459 2585 1597 2614 habitum
1620 2583 1682 2614 Ca-

929 2626 1036 2662 tilinae,
1053 2626 1152 2666 qualis
1167 2625 1231 2657 fere
1245 2627 1263 2656 a
1279 2627 1424 2658 Sallustio
1440 2627 1632 2657 describitur.

973 2671 1026 2700 89.
1050 2668 1139 2699 Domi
1151 2669 1310 2709 conditus]
1349 2670 1426 2699 Tam
1442 2674 1543 2699 certus
1556 2670 1595 2699 dc
1611 2680 1686 2700 cou-

930 2711 1044 2748 rulatu,
1065 2722 1102 2744 ac
1117 2713 1141 2742 si
1164 2723 1235 2743 eum
1251 2713 1283 2742 in
1303 2712 1358 2742 sua
1373 2717 1529 2754 potestate
1546 2711 1686 2750 haberet,

129 2764 224 2795 quem
249 2754 483 2796 competitorem
523 2754 683 2797 Sulpicius
712 2755 832 2792 habuit,
855 2759 888 2785 et
931 2754 1066 2787 Catilina
1081 2755 1140 2787 sibi
1155 2755 1328 2788 videbatur.

1654 132 1735 181 171
