<?xml version="1.0" encoding="UTF-8"?>
<!DOCTYPE html PUBLIC "-//W3C//DTD XHTML 1.0 Transitional//EN"
    "http://www.w3.org/TR/xhtml1/DTD/xhtml1-transitional.dtd">
<html xmlns="http://www.w3.org/1999/xhtml" xml:lang="en" lang="en">
 <head>
  <title>
</title>
<meta http-equiv="Content-Type" content="text/html;charset=utf-8" />
  <meta name='ocr-system' content='tesseract 3.04.00' />
  <meta name='ocr-capabilities' content='ocr_page ocr_carea ocr_par ocr_line ocrx_word'/>
</head>
<body>
  <div class='ocr_page' id='page_1' title='image "./selectaeoratione00ciceuoft_0467.png"; bbox 0 0 1838 3017; ppageno 0'>
   <div class='ocr_carea' id='block_1_1' title="bbox 701 131 1727 184">
    <p class='ocr_par' dir='ltr' id='par_1_1' title="bbox 701 131 1727 184">
     <span class='ocr_line' id='line_1_1' title="bbox 701 131 1727 184; baseline 0.007 -20"><span class='ocrx_word' id='word_1_1' title='bbox 701 131 962 165; x_wconf 72' lang='lat' dir='ltr'>PmLIPPICA</span> <span class='ocrx_word' id='word_1_2' title='bbox 987 132 1035 166; x_wconf 88' lang='lat'>11.</span> <span class='ocrx_word' id='word_1_3' title='bbox 1639 131 1727 184; x_wconf 70' lang='lat'>423.</span> 
     </span>
    </p>
   </div>
   <div class='ocr_carea' id='block_1_2' title="bbox 89 206 1726 386">
    <p class='ocr_par' dir='ltr' id='par_1_2' title="bbox 89 206 1726 386">
     <span class='ocr_line' id='line_1_2' title="bbox 93 206 1726 272; baseline -0.006 -17"><span class='ocrx_word' id='word_1_4' title='bbox 93 210 384 256; x_wconf 80' lang='lat' dir='ltr'>Haereditates</span> <span class='ocrx_word' id='word_1_5' title='bbox 407 208 512 252; x_wconf 85' lang='lat' dir='ltr'>mihi</span> <span class='ocrx_word' id='word_1_6' title='bbox 534 209 705 272; x_wconf 59' lang='lat' dir='ltr'>negasti</span> <span class='ocrx_word' id='word_1_7' title='bbox 725 210 882 253; x_wconf 88' lang='lat' dir='ltr'>venire.</span> <span class='ocrx_word' id='word_1_8' title='bbox 942 209 1119 252; x_wconf 82' lang='lat' dir='ltr'>Utinam</span> <span class='ocrx_word' id='word_1_9' title='bbox 1137 208 1223 251; x_wconf 88' lang='lat' dir='ltr'>hoc</span> <span class='ocrx_word' id='word_1_10' title='bbox 1243 213 1362 250; x_wconf 88' lang='lat' dir='ltr'>tuum</span> <span class='ocrx_word' id='word_1_11' title='bbox 1380 222 1526 250; x_wconf 86' lang='lat' dir='ltr'>verum</span> <span class='ocrx_word' id='word_1_12' title='bbox 1546 208 1649 251; x_wconf 76' lang='lat' dir='ltr'>dcri·</span> <span class='ocrx_word' id='word_1_13' title='bbox 1667 206 1726 246; x_wconf 83' lang='lat'>40</span> 
     </span>
     <span class='ocr_line' id='line_1_3' title="bbox 89 264 1650 325; baseline -0.003 -13"><span class='ocrx_word' id='word_1_14' title='bbox 89 283 191 312; x_wconf 86' lang='lat' dir='ltr'>men</span> <span class='ocrx_word' id='word_1_15' title='bbox 208 268 344 313; x_wconf 85' lang='lat' dir='ltr'>esset!</span> <span class='ocrx_word' id='word_1_16' title='bbox 368 267 509 325; x_wconf 87' lang='lat' dir='ltr'>plures</span> <span class='ocrx_word' id='word_1_17' title='bbox 531 267 657 308; x_wconf 75' lang='lat' dir='ltr'>amici</span> <span class='ocrx_word' id='word_1_18' title='bbox 680 266 764 309; x_wconf 88' lang='lat' dir='ltr'>mei</span> <span class='ocrx_word' id='word_1_19' title='bbox 786 274 828 309; x_wconf 89' lang='lat' dir='ltr'>et</span> <span class='ocrx_word' id='word_1_20' title='bbox 849 266 1079 309; x_wconf 85' lang='lat' dir='ltr'>necessarii</span> <span class='ocrx_word' id='word_1_21' title='bbox 1097 265 1305 308; x_wconf 88' lang='lat' dir='ltr'>viverent.</span> <span class='ocrx_word' id='word_1_22' title='bbox 1337 264 1419 307; x_wconf 89' lang='lat' dir='ltr'>Sed</span> <span class='ocrx_word' id='word_1_23' title='bbox 1445 266 1516 322; x_wconf 87' lang='lat' dir='ltr'>qui</span> <span class='ocrx_word' id='word_1_24' title='bbox 1536 265 1650 307; x_wconf 88' lang='lat' dir='ltr'>istuc</span> 
     </span>
     <span class='ocr_line' id='line_1_4' title="bbox 90 322 1648 386; baseline -0.004 -18"><span class='ocrx_word' id='word_1_25' title='bbox 90 325 172 368; x_wconf 82' lang='lat' dir='ltr'>tibi</span> <span class='ocrx_word' id='word_1_26' title='bbox 195 326 312 369; x_wconf 88' lang='lat' dir='ltr'>venit</span> <span class='ocrx_word' id='word_1_27' title='bbox 331 326 375 366; x_wconf 88' lang='lat' dir='ltr'>in</span> <span class='ocrx_word' id='word_1_28' title='bbox 396 323 605 366; x_wconf 79' lang='lat' dir='ltr'>mentem?</span> <span class='ocrx_word' id='word_1_29' title='bbox 783 323 895 366; x_wconf 91' lang='lat' dir='ltr'>enim</span> <span class='ocrx_word' id='word_1_30' title='bbox 917 323 1100 386; x_wconf 76' lang='lat' dir='ltr'>amplius</span> <span class='ocrx_word' id='word_1_31' title='bbox 1119 323 1230 365; x_wconf 89' lang='lat' dir='ltr'><strong>H.S.</strong></span> <span class='ocrx_word' id='word_1_32' title='bbox 1253 322 1476 364; x_wconf 85' lang='lat' dir='ltr'>ducenties</span> <span class='ocrx_word' id='word_1_33' title='bbox 1498 336 1648 377; x_wconf 85' lang='lat' dir='ltr'>accep-</span> 
     </span>
    </p>
   </div>
   <div class='ocr_carea' id='block_1_3' title="bbox 94 324 1652 488">
    <p class='ocr_par' dir='ltr' id='par_1_3' title="bbox 94 324 1652 488">
     <span class='ocr_line' id='line_1_5' title="bbox 666 324 762 366; baseline 0 0"><span class='ocrx_word' id='word_1_34' title='bbox 666 324 703 366; x_wconf 89' lang='lat' dir='ltr'>E</span> <span class='ocrx_word' id='word_1_35' title='bbox 737 339 762 366; x_wconf 96' lang='lat' dir='ltr'>o</span> 
     </span>
     <span class='ocr_line' id='line_1_6' title="bbox 94 339 1652 436; baseline -0.004 -11"><span class='ocrx_word' id='word_1_36' title='bbox 94 389 190 425; x_wconf 89' lang='lat' dir='ltr'>tum</span> <span class='ocrx_word' id='word_1_37' title='bbox 202 381 523 425; x_wconf 76' lang='lat' dir='ltr'>haereditatibus</span> <span class='ocrx_word' id='word_1_38' title='bbox 540 339 998 436; x_wconf 44' lang='lat' dir='ltr'>retulisffikuamquzim,</span> <span class='ocrx_word' id='word_1_39' title='bbox 1015 395 1059 420; x_wconf 83' lang='lat' dir='ltr'>in</span> <span class='ocrx_word' id='word_1_40' title='bbox 1075 380 1159 421; x_wconf 91' lang='lat' dir='ltr'>hoc</span> <span class='ocrx_word' id='word_1_41' title='bbox 1176 393 1346 435; x_wconf 85' lang='lat' dir='ltr'>genere,</span> <span class='ocrx_word' id='word_1_42' title='bbox 1363 379 1498 420; x_wconf 87' lang='lat' dir='ltr'>fateor</span> <span class='ocrx_word' id='word_1_43' title='bbox 1515 377 1652 419; x_wconf 87' lang='lat' dir='ltr'>felici-</span> 
     </span>
     <span class='ocr_line' id='line_1_7' title="bbox 95 434 1649 488; baseline -0.005 -6"><span class='ocrx_word' id='word_1_44' title='bbox 95 454 213 482; x_wconf 86' lang='lat' dir='ltr'>orem</span> <span class='ocrx_word' id='word_1_45' title='bbox 234 453 328 481; x_wconf 84' lang='lat' dir='ltr'>esse</span> <span class='ocrx_word' id='word_1_46' title='bbox 348 444 406 480; x_wconf 91' lang='lat' dir='ltr'>te.</span> <span class='ocrx_word' id='word_1_47' title='bbox 453 437 529 479; x_wconf 87' lang='lat' dir='ltr'>Me</span> <span class='ocrx_word' id='word_1_48' title='bbox 552 453 692 487; x_wconf 89' lang='lat' dir='ltr'>nemo,</span> <span class='ocrx_word' id='word_1_49' title='bbox 707 436 790 479; x_wconf 85' lang='lat' dir='ltr'>nisi</span> <span class='ocrx_word' id='word_1_50' title='bbox 807 438 986 488; x_wconf 86' lang='lat' dir='ltr'>amicus,</span> <span class='ocrx_word' id='word_1_51' title='bbox 1007 435 1112 478; x_wconf 91' lang='lat' dir='ltr'>fecit</span> <span class='ocrx_word' id='word_1_52' title='bbox 1126 436 1363 484; x_wconf 75' lang='lat' dir='ltr'>haeredem3</span> <span class='ocrx_word' id='word_1_53' title='bbox 1393 442 1441 476; x_wconf 92' lang='lat' dir='ltr'>ut</span> <span class='ocrx_word' id='word_1_54' title='bbox 1461 449 1558 476; x_wconf 88' lang='lat' dir='ltr'>cum</span> <span class='ocrx_word' id='word_1_55' title='bbox 1579 434 1649 476; x_wconf 91' lang='lat' dir='ltr'>illo</span> 
     </span>
    </p>
   </div>
   <div class='ocr_carea' id='block_1_4' title="bbox 7 480 1725 557">
    <p class='ocr_par' dir='ltr' id='par_1_4' title="bbox 7 480 1725 557">
     <span class='ocr_line' id='line_1_8' title="bbox 7 480 1725 557; baseline -0.004 -18"><span class='ocrx_word' id='word_1_56' title='bbox 7 543 21 557; x_wconf 28' lang='grc' dir='ltr'><strong>ἢ</strong></span> <span class='ocrx_word' id='word_1_57' title='bbox 80 496 340 552; x_wconf 65' lang='lat' dir='ltr'>commodo,</span> <span class='ocrx_word' id='word_1_58' title='bbox 367 494 404 536; x_wconf 91' lang='lat' dir='ltr'>si</span> <span class='ocrx_word' id='word_1_59' title='bbox 434 494 551 550; x_wconf 88' lang='lat' dir='ltr'>quod</span> <span class='ocrx_word' id='word_1_60' title='bbox 582 502 686 546; x_wconf 88' lang='lat' dir='ltr'>erat,</span> <span class='ocrx_word' id='word_1_61' title='bbox 714 493 843 535; x_wconf 86' lang='lat' dir='ltr'>animi</span> <span class='ocrx_word' id='word_1_62' title='bbox 875 494 1049 550; x_wconf 91' lang='lat' dir='ltr'>quidam</span> <span class='ocrx_word' id='word_1_63' title='bbox 1080 492 1203 534; x_wconf 88' lang='lat' dir='ltr'>dolor</span> <span class='ocrx_word' id='word_1_64' title='bbox 1227 493 1502 548; x_wconf 84' lang='lat' dir='ltr'>jungeretur3</span> <span class='ocrx_word' id='word_1_65' title='bbox 1533 497 1575 533; x_wconf 93' lang='lat' dir='ltr'>te</span> <span class='ocrx_word' id='word_1_66' title='bbox 1598 491 1650 544; x_wconf 89' lang='lat' dir='ltr'>is,</span> <span class='ocrx_word' id='word_1_67' title='bbox 1668 480 1725 528; x_wconf 80' lang='lat'>45</span> 
     </span>
    </p>
   </div>
   <div class='ocr_carea' id='block_1_5' title="bbox 72 547 1829 1341">
    <p class='ocr_par' dir='ltr' id='par_1_5' title="bbox 88 547 1728 947">
     <span class='ocr_line' id='line_1_9' title="bbox 93 547 1649 610; baseline -0.004 -15"><span class='ocrx_word' id='word_1_68' title='bbox 93 556 225 610; x_wconf 65' lang='lat' dir='ltr'>quem</span> <span class='ocrx_word' id='word_1_69' title='bbox 242 559 290 594; x_wconf 92' lang='lat' dir='ltr'>tu</span> <span class='ocrx_word' id='word_1_70' title='bbox 310 551 456 594; x_wconf 87' lang='lat' dir='ltr'>vidisti</span> <span class='ocrx_word' id='word_1_71' title='bbox 485 566 720 607; x_wconf 87' lang='lat' dir='ltr'>nunquam,</span> <span class='ocrx_word' id='word_1_72' title='bbox 752 551 798 592; x_wconf 92' lang='lat' dir='ltr'>L.</span> <span class='ocrx_word' id='word_1_73' title='bbox 819 550 1009 592; x_wconf 84' lang='lat' dir='ltr'>Rubrius</span> <span class='ocrx_word' id='word_1_74' title='bbox 1032 548 1253 600; x_wconf 77' lang='lat' dir='ltr'>cassinas,</span> <span class='ocrx_word' id='word_1_75' title='bbox 1285 547 1389 589; x_wconf 86' lang='lat' dir='ltr'>fecit</span> <span class='ocrx_word' id='word_1_76' title='bbox 1417 548 1649 589; x_wconf 86' lang='lat' dir='ltr'>haeredem:</span> 
     </span>
     <span class='ocr_line' id='line_1_10' title="bbox 96 603 1653 666; baseline -0.004 -15"><span class='ocrx_word' id='word_1_77' title='bbox 96 617 140 651; x_wconf 86' lang='lat' dir='ltr'>et</span> <span class='ocrx_word' id='word_1_78' title='bbox 160 608 335 666; x_wconf 84' lang='lat' dir='ltr'>quidem</span> <span class='ocrx_word' id='word_1_79' title='bbox 356 607 467 659; x_wconf 91' lang='lat' dir='ltr'>vide,</span> <span class='ocrx_word' id='word_1_80' title='bbox 489 607 618 664; x_wconf 68' lang='lat' dir='ltr'>quam</span> <span class='ocrx_word' id='word_1_81' title='bbox 650 616 691 650; x_wconf 91' lang='lat' dir='ltr'>te</span> <span class='ocrx_word' id='word_1_82' title='bbox 727 607 879 648; x_wconf 69' lang='lat' dir='ltr'>amarit</span> <span class='ocrx_word' id='word_1_83' title='bbox 910 607 962 658; x_wconf 87' lang='lat' dir='ltr'>is,</span> <span class='ocrx_word' id='word_1_84' title='bbox 1015 606 1055 647; x_wconf 92' lang='lat' dir='ltr'>ui</span> <span class='ocrx_word' id='word_1_85' title='bbox 1077 606 1198 661; x_wconf 85' lang='lat' dir='ltr'>albus</span> <span class='ocrx_word' id='word_1_86' title='bbox 1219 611 1361 646; x_wconf 83' lang='lat' dir='ltr'>aterve</span> <span class='ocrx_word' id='word_1_87' title='bbox 1382 603 1510 646; x_wconf 85' lang='lat' dir='ltr'>fueris</span> <span class='ocrx_word' id='word_1_88' title='bbox 1532 605 1653 660; x_wconf 75' lang='lat' dir='ltr'>igno-</span> 
     </span>
     <span class='ocr_line' id='line_1_11' title="bbox 88 658 1653 721; baseline -0.005 -13"><span class='ocrx_word' id='word_1_89' title='bbox 88 680 209 721; x_wconf 57' lang='grc' dir='ltr'>ῃ-ιι-ε,</span> <span class='ocrx_word' id='word_1_90' title='bbox 231 665 372 708; x_wconf 81' lang='lat' dir='ltr'>fratris</span> <span class='ocrx_word' id='word_1_91' title='bbox 390 665 525 706; x_wconf 89' lang='lat' dir='ltr'>filium</span> <span class='ocrx_word' id='word_1_92' title='bbox 540 663 764 720; x_wconf 80' lang='lat' dir='ltr'>praeteriit3</span> <span class='ocrx_word' id='word_1_93' title='bbox 796 664 848 712; x_wconf 87' lang='lat' dir='ltr'>Q.</span> <span class='ocrx_word' id='word_1_94' title='bbox 865 663 995 714; x_wconf 85' lang='lat' dir='ltr'>Furii,</span> <span class='ocrx_word' id='word_1_95' title='bbox 1043 659 1301 703; x_wconf 90' lang='lat' dir='ltr'>onestissimi</span> <span class='ocrx_word' id='word_1_96' title='bbox 1320 659 1479 717; x_wconf 85' lang='lat' dir='ltr'>equitis</span> <span class='ocrx_word' id='word_1_97' title='bbox 1494 658 1653 701; x_wconf 82' lang='lat' dir='ltr'>Roma-</span> 
     </span>
     <span class='ocr_line' id='line_1_12' title="bbox 94 716 1711 779; baseline -0.002 -16"><span class='ocrx_word' id='word_1_98' title='bbox 94 721 158 775; x_wconf 88' lang='lat' dir='ltr'>ni,</span> <span class='ocrx_word' id='word_1_99' title='bbox 179 723 328 779; x_wconf 87' lang='lat' dir='ltr'>suique</span> <span class='ocrx_word' id='word_1_100' title='bbox 345 721 606 771; x_wconf 82' lang='lat' dir='ltr'>amicissimi,</span> <span class='ocrx_word' id='word_1_101' title='bbox 621 735 747 776; x_wconf 88' lang='lat' dir='ltr'>quem</span> <span class='ocrx_word' id='word_1_102' title='bbox 765 721 903 777; x_wconf 72' lang='lat' dir='ltr'>palam</span> <span class='ocrx_word' id='word_1_103' title='bbox 926 718 1140 760; x_wconf 78' lang='lat' dir='ltr'>haeredem</span> <span class='ocrx_word' id='word_1_104' title='bbox 1161 731 1328 773; x_wconf 89' lang='lat' dir='ltr'>semper</span> <span class='ocrx_word' id='word_1_105' title='bbox 1349 716 1579 768; x_wconf 67' lang='lat' dir='ltr'>factitarat,</span> <span class='ocrx_word' id='word_1_106' title='bbox 1599 732 1652 759; x_wconf 88' lang='lat' dir='ltr'>ne</span> <span class='ocrx_word' id='word_1_107' title='bbox 1708 767 1711 772; x_wconf 95' lang='lat'>.</span> 
     </span>
     <span class='ocr_line' id='line_1_13' title="bbox 97 773 1728 836; baseline -0.004 -15"><span class='ocrx_word' id='word_1_108' title='bbox 97 774 255 821; x_wconf 75' lang='lat' dir='ltr'>nomen</span> <span class='ocrx_word' id='word_1_109' title='bbox 275 778 449 836; x_wconf 91' lang='lat' dir='ltr'>quidem</span> <span class='ocrx_word' id='word_1_110' title='bbox 469 777 738 833; x_wconf 87' lang='lat' dir='ltr'>perscripsit;</span> <span class='ocrx_word' id='word_1_111' title='bbox 768 785 826 828; x_wconf 89' lang='lat' dir='ltr'>te,</span> <span class='ocrx_word' id='word_1_112' title='bbox 848 790 975 832; x_wconf 89' lang='lat' dir='ltr'>quem</span> <span class='ocrx_word' id='word_1_113' title='bbox 997 789 1084 816; x_wconf 89' lang='lat' dir='ltr'>nun</span> <span class='ocrx_word' id='word_1_114' title='bbox 1118 789 1217 815; x_wconf 90' lang='lat' dir='ltr'>uam</span> <span class='ocrx_word' id='word_1_115' title='bbox 1237 773 1416 824; x_wconf 87' lang='lat' dir='ltr'>viderat,</span> <span class='ocrx_word' id='word_1_116' title='bbox 1445 780 1521 815; x_wconf 89' lang='lat' dir='ltr'>aut</span> <span class='ocrx_word' id='word_1_117' title='bbox 1539 776 1652 815; x_wconf 75' lang='lat' dir='ltr'>certe</span> <span class='ocrx_word' id='word_1_118' title='bbox 1672 777 1728 819; x_wconf 83' lang='lat'>50</span> 
     </span>
     <span class='ocr_line' id='line_1_14' title="bbox 96 829 1654 892; baseline -0.004 -15"><span class='ocrx_word' id='word_1_119' title='bbox 96 849 316 892; x_wconf 88' lang='lat' dir='ltr'>nunquam</span> <span class='ocrx_word' id='word_1_120' title='bbox 351 835 622 885; x_wconf 82' lang='lat' dir='ltr'>salutaverat,</span> <span class='ocrx_word' id='word_1_121' title='bbox 655 832 761 874; x_wconf 86' lang='lat' dir='ltr'>fecit</span> <span class='ocrx_word' id='word_1_122' title='bbox 791 833 1020 874; x_wconf 81' lang='lat' dir='ltr'>haeredem.</span> <span class='ocrx_word' id='word_1_123' title='bbox 1124 830 1223 872; x_wconf 89' lang='lat' dir='ltr'>elim</span> <span class='ocrx_word' id='word_1_124' title='bbox 1260 829 1365 871; x_wconf 84' lang='lat' dir='ltr'>mihi</span> <span class='ocrx_word' id='word_1_125' title='bbox 1400 831 1534 882; x_wconf 87' lang='lat' dir='ltr'>dicas,</span> <span class='ocrx_word' id='word_1_126' title='bbox 1570 830 1654 872; x_wconf 87' lang='lat' dir='ltr'>nisi</span> 
     </span>
     <span class='ocr_line' id='line_1_15' title="bbox 94 887 1655 947; baseline -0.003 -14"><span class='ocrx_word' id='word_1_127' title='bbox 94 892 326 934; x_wconf 89' lang='lat' dir='ltr'>molestum</span> <span class='ocrx_word' id='word_1_128' title='bbox 345 898 428 941; x_wconf 92' lang='lat' dir='ltr'>est,</span> <span class='ocrx_word' id='word_1_129' title='bbox 451 889 730 932; x_wconf 85' lang='lat' dir='ltr'>L.Turselius</span> <span class='ocrx_word' id='word_1_130' title='bbox 752 889 840 947; x_wconf 70' lang='lat' dir='ltr'>qua</span> <span class='ocrx_word' id='word_1_131' title='bbox 859 888 970 931; x_wconf 85' lang='lat' dir='ltr'>facie</span> <span class='ocrx_word' id='word_1_132' title='bbox 991 887 1132 939; x_wconf 87' lang='lat' dir='ltr'>fuerit,</span> <span class='ocrx_word' id='word_1_133' title='bbox 1150 887 1237 944; x_wconf 65' lang='lat' dir='ltr'>qua</span> <span class='ocrx_word' id='word_1_134' title='bbox 1257 887 1434 938; x_wconf 63' lang='lat' dir='ltr'>statura,</span> <span class='ocrx_word' id='word_1_135' title='bbox 1457 902 1542 943; x_wconf 92' lang='lat' dir='ltr'>quo</span> <span class='ocrx_word' id='word_1_136' title='bbox 1565 902 1655 928; x_wconf 87' lang='lat' dir='ltr'>mu-</span> 
     </span>
    </p>

    <p class='ocr_par' dir='ltr' id='par_1_6' title="bbox 72 943 1829 1341">
     <span class='ocr_line' id='line_1_16' title="bbox 72 943 1653 1005; baseline -0.003 -15"><span class='ocrx_word' id='word_1_137' title='bbox 72 972 77 976; x_wconf 95' lang='lat'>·</span> <span class='ocrx_word' id='word_1_138' title='bbox 95 948 273 1005; x_wconf 86' lang='lat' dir='ltr'>nicipio‚</span> <span class='ocrx_word' id='word_1_139' title='bbox 291 946 376 1004; x_wconf 71' lang='lat' dir='ltr'>qua</span> <span class='ocrx_word' id='word_1_140' title='bbox 392 947 520 989; x_wconf 86' lang='lat' dir='ltr'>tribu.</span> <span class='ocrx_word' id='word_1_141' title='bbox 579 946 700 988; x_wconf 89' lang='lat' dir='ltr'>Nihil</span> <span class='ocrx_word' id='word_1_142' title='bbox 721 949 828 998; x_wconf 85' lang='lat' dir='ltr'>scio,</span> <span class='ocrx_word' id='word_1_143' title='bbox 845 945 1028 1001; x_wconf 82' lang='lat' dir='ltr'>inquies,</span> <span class='ocrx_word' id='word_1_144' title='bbox 1045 943 1128 985; x_wconf 88' lang='lat' dir='ltr'>nisi</span> <span class='ocrx_word' id='word_1_145' title='bbox 1146 959 1242 1000; x_wconf 87' lang='lat' dir='ltr'>quae</span> <span class='ocrx_word' id='word_1_146' title='bbox 1263 944 1424 1000; x_wconf 83' lang='lat' dir='ltr'>praedia</span> <span class='ocrx_word' id='word_1_147' title='bbox 1443 944 1653 986; x_wconf 87' lang='lat' dir='ltr'>habuerit.</span> 
     </span>
     <span class='ocr_line' id='line_1_17' title="bbox 99 1000 1655 1061; baseline -0.004 -15"><span class='ocrx_word' id='word_1_148' title='bbox 99 1003 253 1061; x_wconf 81' lang='lat' dir='ltr'>Igitur,</span> <span class='ocrx_word' id='word_1_149' title='bbox 267 1004 440 1047; x_wconf 87' lang='lat' dir='ltr'>fratrem</span> <span class='ocrx_word' id='word_1_150' title='bbox 461 1003 754 1055; x_wconf 69' lang='lat' dir='ltr'>exhaeredans,</span> <span class='ocrx_word' id='word_1_151' title='bbox 770 1011 812 1045; x_wconf 93' lang='lat' dir='ltr'>te</span> <span class='ocrx_word' id='word_1_152' title='bbox 833 1003 1023 1044; x_wconf 84' lang='lat' dir='ltr'>faciebat</span> <span class='ocrx_word' id='word_1_153' title='bbox 1042 1001 1271 1042; x_wconf 87' lang='lat' dir='ltr'>haeredem.</span> <span class='ocrx_word' id='word_1_154' title='bbox 1313 1000 1363 1042; x_wconf 86' lang='lat' dir='ltr'>In</span> <span class='ocrx_word' id='word_1_155' title='bbox 1379 1001 1534 1042; x_wconf 86' lang='lat' dir='ltr'>multas</span> <span class='ocrx_word' id='word_1_156' title='bbox 1551 1015 1655 1056; x_wconf 86' lang='lat' dir='ltr'>prae-</span> 
     </span>
     <span class='ocr_line' id='line_1_18' title="bbox 96 1057 1729 1118; baseline -0.003 -15"><span class='ocrx_word' id='word_1_157' title='bbox 96 1059 216 1103; x_wconf 67' lang='lat' dir='ltr'>terea</span> <span class='ocrx_word' id='word_1_158' title='bbox 236 1061 441 1118; x_wconf 80' lang='lat' dir='ltr'>pecunias</span> <span class='ocrx_word' id='word_1_159' title='bbox 461 1060 818 1102; x_wconf 81' lang='lat' dir='ltr'>alienissimorum</span> <span class='ocrx_word' id='word_1_160' title='bbox 838 1058 1074 1109; x_wconf 89' lang='lat' dir='ltr'>hominum,</span> <span class='ocrx_word' id='word_1_161' title='bbox 1098 1057 1247 1114; x_wconf 86' lang='lat' dir='ltr'>ejectis</span> <span class='ocrx_word' id='word_1_162' title='bbox 1267 1058 1377 1099; x_wconf 87' lang='lat' dir='ltr'>veris</span> <span class='ocrx_word' id='word_1_163' title='bbox 1397 1057 1654 1109; x_wconf 80' lang='lat' dir='ltr'>haeredibus,</span> <span class='ocrx_word' id='word_1_164' title='bbox 1672 1064 1729 1103; x_wconf 82' lang='grc'>55</span> 
     </span>
     <span class='ocr_line' id='line_1_19' title="bbox 98 1113 1655 1174; baseline -0.003 -15"><span class='ocrx_word' id='word_1_165' title='bbox 98 1125 320 1174; x_wconf 85' lang='lat' dir='ltr'>tamquam</span> <span class='ocrx_word' id='word_1_166' title='bbox 331 1117 465 1158; x_wconf 85' lang='lat' dir='ltr'>haeres</span> <span class='ocrx_word' id='word_1_167' title='bbox 483 1123 612 1168; x_wconf 86' lang='lat' dir='ltr'>esset,</span> <span class='ocrx_word' id='word_1_168' title='bbox 626 1117 796 1158; x_wconf 84' lang='lat' dir='ltr'>invasit.</span> <span class='ocrx_word' id='word_1_169' title='bbox 827 1114 1100 1172; x_wconf 70' lang='lat' dir='ltr'>Quamquam</span> <span class='ocrx_word' id='word_1_170' title='bbox 1116 1115 1201 1157; x_wconf 90' lang='lat' dir='ltr'>hoc</span> <span class='ocrx_word' id='word_1_171' title='bbox 1217 1113 1402 1156; x_wconf 71' lang='lat' dir='ltr'>maxime</span> <span class='ocrx_word' id='word_1_172' title='bbox 1421 1113 1655 1155; x_wconf 88' lang='lat' dir='ltr'>admiratus</span> 
     </span>
     <span class='ocr_line' id='line_1_20' title="bbox 99 1170 1658 1230; baseline -0.004 -14"><span class='ocrx_word' id='word_1_173' title='bbox 99 1189 210 1225; x_wconf 92' lang='lat' dir='ltr'>sum,</span> <span class='ocrx_word' id='word_1_174' title='bbox 224 1174 486 1216; x_wconf 87' lang='lat' dir='ltr'>mentionem</span> <span class='ocrx_word' id='word_1_175' title='bbox 502 1181 544 1215; x_wconf 93' lang='lat' dir='ltr'>te</span> <span class='ocrx_word' id='word_1_176' title='bbox 563 1173 864 1215; x_wconf 75' lang='lat' dir='ltr'>haereditatum</span> <span class='ocrx_word' id='word_1_177' title='bbox 882 1187 1032 1213; x_wconf 85' lang='lat' dir='ltr'>ausum</span> <span class='ocrx_word' id='word_1_178' title='bbox 1055 1186 1149 1213; x_wconf 90' lang='lat' dir='ltr'>esse</span> <span class='ocrx_word' id='word_1_179' title='bbox 1172 1171 1328 1223; x_wconf 84' lang='lat' dir='ltr'>facere,</span> <span class='ocrx_word' id='word_1_180' title='bbox 1343 1170 1440 1212; x_wconf 63' lang='lat' dir='ltr'>cum</span> <span class='ocrx_word' id='word_1_181' title='bbox 1459 1170 1555 1230; x_wconf 44' lang='lat' dir='ltr'>ipsse</span> <span class='ocrx_word' id='word_1_182' title='bbox 1569 1171 1658 1222; x_wconf 58' lang='lat' dir='ltr'>hae,-</span> 
     </span>
     <span class='ocr_line' id='line_1_21' title="bbox 101 1212 1829 1292; baseline -0.003 -19"><span class='ocrx_word' id='word_1_183' title='bbox 101 1231 325 1273; x_wconf 88' lang='lat' dir='ltr'>reditatem</span> <span class='ocrx_word' id='word_1_184' title='bbox 341 1230 474 1287; x_wconf 89' lang='lat' dir='ltr'>patris</span> <span class='ocrx_word' id='word_1_185' title='bbox 491 1245 576 1271; x_wconf 89' lang='lat' dir='ltr'>non</span> <span class='ocrx_word' id='word_1_186' title='bbox 593 1230 772 1272; x_wconf 86' lang='lat' dir='ltr'>adisses.</span> <span class='ocrx_word' id='word_1_187' title='bbox 815 1230 922 1271; x_wconf 85' lang='lat' dir='ltr'>Haec</span> <span class='ocrx_word' id='word_1_188' title='bbox 942 1236 991 1270; x_wconf 91' lang='lat' dir='ltr'>ut</span> <span class='ocrx_word' id='word_1_189' title='bbox 1009 1228 1251 1284; x_wconf 85' lang='lat' dir='ltr'>colligeres,</span> <span class='ocrx_word' id='word_1_190' title='bbox 1272 1228 1401 1270; x_wconf 92' lang='lat' dir='ltr'>homo</span> <span class='ocrx_word' id='word_1_191' title='bbox 1418 1212 1829 1292; x_wconf 57' lang='lat' dir='ltr'>amentississml</span> 
     </span>
     <span class='ocr_line' id='line_1_22' title="bbox 101 1283 1655 1341; baseline -0.003 -11"><span class='ocrx_word' id='word_1_192' title='bbox 101 1302 184 1339; x_wconf 90' lang='lat' dir='ltr'>me,</span> <span class='ocrx_word' id='word_1_193' title='bbox 203 1295 271 1330; x_wconf 91' lang='lat' dir='ltr'>tot</span> <span class='ocrx_word' id='word_1_194' title='bbox 301 1287 393 1328; x_wconf 88' lang='lat' dir='ltr'>dies</span> <span class='ocrx_word' id='word_1_195' title='bbox 425 1288 469 1328; x_wconf 90' lang='lat' dir='ltr'>in</span> <span class='ocrx_word' id='word_1_196' title='bbox 500 1287 641 1328; x_wconf 65' lang='lat' dir='ltr'>alien-&#39;21</span> <span class='ocrx_word' id='word_1_197' title='bbox 662 1286 764 1328; x_wconf 64' lang='lat' dir='ltr'>villa</span> <span class='ocrx_word' id='word_1_198' title='bbox 784 1284 1062 1328; x_wconf 63' lang='lat' dir='ltr'>declamasti?</span> <span class='ocrx_word' id='word_1_199' title='bbox 1095 1283 1355 1341; x_wconf 69' lang='lat' dir='ltr'>quamquam</span> <span class='ocrx_word' id='word_1_200' title='bbox 1386 1291 1435 1325; x_wconf 92' lang='lat' dir='ltr'>tu</span> <span class='ocrx_word' id='word_1_201' title='bbox 1467 1284 1655 1340; x_wconf 87' lang='lat' dir='ltr'>quidem,</span> 
     </span>
    </p>
   </div>
   <div class='ocr_carea' id='block_1_6' title="bbox 100 1341 1733 1428">
    <p class='ocr_par' dir='ltr' id='par_1_7' title="bbox 100 1341 1733 1428">
     <span class='ocr_line' id='line_1_23' title="bbox 100 1341 1733 1423; baseline -0.002 -36"><span class='ocrx_word' id='word_1_202' title='bbox 100 1347 171 1399; x_wconf 87' lang='lat' dir='ltr'>(ut</span> <span class='ocrx_word' id='word_1_203' title='bbox 188 1343 253 1386; x_wconf 92' lang='lat' dir='ltr'>tui</span> <span class='ocrx_word' id='word_1_204' title='bbox 272 1343 591 1387; x_wconf 82' lang='lat' dir='ltr'>familiarissimi</span> <span class='ocrx_word' id='word_1_205' title='bbox 621 1343 841 1396; x_wconf 80' lang='lat' dir='ltr'>dictitant)</span> <span class='ocrx_word' id='word_1_206' title='bbox 868 1342 956 1385; x_wconf 90' lang='lat' dir='ltr'>vini</span> <span class='ocrx_word' id='word_1_207' title='bbox 983 1341 1236 1423; x_wconf 46' lang='grc' dir='ltr'>εξὶὶξιᾈίῃάί,</span> <span class='ocrx_word' id='word_1_208' title='bbox 1258 1355 1347 1383; x_wconf 91' lang='lat' dir='ltr'>non</span> <span class='ocrx_word' id='word_1_209' title='bbox 1369 1341 1532 1398; x_wconf 80' lang='lat' dir='ltr'>ingemi</span> <span class='ocrx_word' id='word_1_210' title='bbox 1559 1355 1661 1384; x_wconf 79' lang='lat' dir='ltr'>acu·</span> <span class='ocrx_word' id='word_1_211' title='bbox 1676 1350 1733 1393; x_wconf 82' lang='lat'>60</span> 
     </span>
     <span class='ocr_line' id='line_1_24' title="bbox 1004 1404 1131 1428; baseline -0.024 -7"><span class='ocrx_word' id='word_1_212' title='bbox 1004 1404 1058 1428; x_wconf 48' lang='lat' dir='ltr'>pa,</span> <span class='ocrx_word' id='word_1_213' title='bbox 1089 1408 1131 1428; x_wconf 42' lang='grc' dir='ltr'>μ1,,</span> 
     </span>
    </p>
   </div>
   <div class='ocr_carea' id='block_1_7' title="bbox 528 1515 1232 1578">
    <p class='ocr_par' dir='ltr' id='par_1_8' title="bbox 528 1515 1232 1578">
     <span class='ocr_line' id='line_1_25' title="bbox 528 1515 1232 1578; baseline -0.003 -20"><span class='ocrx_word' id='word_1_214' title='bbox 528 1515 842 1578; x_wconf 55' lang='lat' dir='ltr'>“maledic-tum,</span> <span class='ocrx_word' id='word_1_215' title='bbox 863 1515 954 1558; x_wconf 86' lang='lat' dir='ltr'>sive</span> <span class='ocrx_word' id='word_1_216' title='bbox 973 1516 1232 1559; x_wconf 76' lang='lat' dir='ltr'>criminatio.</span> 
     </span>
    </p>
   </div>
   <div class='ocr_carea' id='block_1_8' title="bbox 192 1587 1090 1675">
    <p class='ocr_par' dir='ltr' id='par_1_9' title="bbox 192 1587 1090 1675">
     <span class='ocr_line' id='line_1_26' title="bbox 416 1587 964 1600; baseline 0.009 -5"><span class='ocrx_word' id='word_1_217' title='bbox 416 1588 422 1595; x_wconf 62' lang='lat'>=</span> <span class='ocrx_word' id='word_1_218' title='bbox 482 1596 486 1599; x_wconf 77' lang='grc'><strong>,</strong></span> <span class='ocrx_word' id='word_1_219' title='bbox 930 1587 964 1600; x_wconf 59' lang='grc' dir='ltr'>ιι</span> 
     </span>
     <span class='ocr_line' id='line_1_27' title="bbox 192 1600 1090 1675; baseline -0.022 -14"><span class='ocrx_word' id='word_1_220' title='bbox 192 1621 332 1675; x_wconf 46' lang='lat' dir='ltr'>vem?</span> <span class='ocrx_word' id='word_1_221' title='bbox 354 1608 718 1666; x_wconf 40' lang='lat' dir='ltr'>Yavaefvtnyst-J&#39;t&#39;ff</span> <span class='ocrx_word' id='word_1_222' title='bbox 748 1603 827 1628; x_wconf 38' lang='lat' dir='ltr'>&#39;‘w&#39;&#39;</span> <span class='ocrx_word' id='word_1_223' title='bbox 869 1600 932 1631; x_wconf 53' lang='lat'>“¹²</span> <span class='ocrx_word' id='word_1_224' title='bbox 958 1609 974 1626; x_wconf 73' lang='lat'>&#39;¹</span> <span class='ocrx_word' id='word_1_225' title='bbox 1000 1600 1090 1641; x_wconf 61' lang='lat' dir='ltr'>VW-</span> 
     </span>
    </p>
   </div>
   <div class='ocr_carea' id='block_1_9' title="bbox 107 1703 1664 1965">
    <p class='ocr_par' dir='ltr' id='par_1_10' title="bbox 107 1703 1664 1965">
     <span class='ocr_line' id='line_1_28' title="bbox 147 1703 1663 1749; baseline -0.003 -9"><span class='ocrx_word' id='word_1_226' title='bbox 147 1710 202 1741; x_wconf 79' lang='lat'>40.</span> <span class='ocrx_word' id='word_1_227' title='bbox 257 1707 447 1739; x_wconf 78' lang='lat' dir='ltr'>Haereditates</span> <span class='ocrx_word' id='word_1_228' title='bbox 482 1707 554 1738; x_wconf 77' lang='lat' dir='ltr'>mihi</span> <span class='ocrx_word' id='word_1_229' title='bbox 591 1706 704 1749; x_wconf 62' lang='lat' dir='ltr'>negasti</span> <span class='ocrx_word' id='word_1_230' title='bbox 738 1705 860 1748; x_wconf 69' lang='lat' dir='ltr'>venire]</span> <span class='ocrx_word' id='word_1_231' title='bbox 904 1704 1009 1747; x_wconf 84' lang='lat' dir='ltr'>paniae</span> <span class='ocrx_word' id='word_1_232' title='bbox 1025 1705 1178 1748; x_wconf 86' lang='lat' dir='ltr'>oppidum</span> <span class='ocrx_word' id='word_1_233' title='bbox 1192 1710 1252 1743; x_wconf 89' lang='lat' dir='ltr'>est,</span> <span class='ocrx_word' id='word_1_234' title='bbox 1262 1704 1316 1736; x_wconf 84' lang='lat' dir='ltr'>ubi</span> <span class='ocrx_word' id='word_1_235' title='bbox 1326 1703 1437 1736; x_wconf 85' lang='lat' dir='ltr'>Latina</span> <span class='ocrx_word' id='word_1_236' title='bbox 1448 1705 1499 1736; x_wconf 86' lang='lat' dir='ltr'>via</span> <span class='ocrx_word' id='word_1_237' title='bbox 1511 1714 1582 1736; x_wconf 90' lang='lat' dir='ltr'>cum</span> <span class='ocrx_word' id='word_1_238' title='bbox 1595 1704 1663 1746; x_wconf 85' lang='lat' dir='ltr'>Ap-</span> 
     </span>
     <span class='ocr_line' id='line_1_29' title="bbox 107 1748 1132 1791; baseline -0.004 -8"><span class='ocrx_word' id='word_1_239' title='bbox 107 1750 205 1783; x_wconf 75' lang='lat' dir='ltr'>Aliud</span> <span class='ocrx_word' id='word_1_240' title='bbox 221 1751 418 1782; x_wconf 81' lang='lat' dir='ltr'>maledictum</span> <span class='ocrx_word' id='word_1_241' title='bbox 432 1751 489 1781; x_wconf 87' lang='lat' dir='ltr'>sibi</span> <span class='ocrx_word' id='word_1_242' title='bbox 501 1750 659 1791; x_wconf 87' lang='lat' dir='ltr'>objectum</span> <span class='ocrx_word' id='word_1_243' title='bbox 672 1752 711 1780; x_wconf 85' lang='lat' dir='ltr'>ab</span> <span class='ocrx_word' id='word_1_244' title='bbox 726 1750 862 1785; x_wconf 77' lang='lat' dir='ltr'>Antonio</span> <span class='ocrx_word' id='word_1_245' title='bbox 906 1748 961 1791; x_wconf 59' lang='lat' dir='ltr'>pia</span> <span class='ocrx_word' id='word_1_246' title='bbox 977 1748 1132 1791; x_wconf 83' lang='lat' dir='ltr'>jungitur.</span> 
     </span>
     <span class='ocr_line' id='line_1_30' title="bbox 107 1791 1664 1835; baseline -0.003 -9"><span class='ocrx_word' id='word_1_247' title='bbox 107 1795 148 1826; x_wconf 86' lang='lat' dir='ltr'>de</span> <span class='ocrx_word' id='word_1_248' title='bbox 172 1795 405 1826; x_wconf 74' lang='lat' dir='ltr'>haereditatibus</span> <span class='ocrx_word' id='word_1_249' title='bbox 428 1795 560 1834; x_wconf 79' lang='lat' dir='ltr'>refellit3</span> <span class='ocrx_word' id='word_1_250' title='bbox 587 1800 674 1835; x_wconf 80' lang='lat' dir='ltr'>turpe</span> <span class='ocrx_word' id='word_1_251' title='bbox 699 1794 782 1824; x_wconf 85' lang='lat' dir='ltr'>enim</span> <span class='ocrx_word' id='word_1_252' title='bbox 804 1794 865 1823; x_wconf 85' lang='lat' dir='ltr'>suit</span> <span class='ocrx_word' id='word_1_253' title='bbox 926 1814 929 1817; x_wconf 26' lang='grc' dir='ltr'><strong>Δ</strong></span> <span class='ocrx_word' id='word_1_254' title='bbox 950 1794 1003 1823; x_wconf 87' lang='grc'>47.</span> <span class='ocrx_word' id='word_1_255' title='bbox 1047 1793 1136 1823; x_wconf 74' lang='lat' dir='ltr'>Albus</span> <span class='ocrx_word' id='word_1_256' title='bbox 1159 1792 1281 1833; x_wconf 62' lang='lat' dir='ltr'>aterve]</span> <span class='ocrx_word' id='word_1_257' title='bbox 1324 1791 1531 1823; x_wconf 82' lang='lat' dir='ltr'>Proverbialis</span> <span class='ocrx_word' id='word_1_258' title='bbox 1546 1791 1664 1823; x_wconf 87' lang='lat' dir='ltr'>locutio</span> 
     </span>
     <span class='ocr_line' id='line_1_31' title="bbox 109 1835 1352 1880; baseline -0.001 -12"><span class='ocrx_word' id='word_1_259' title='bbox 109 1840 193 1880; x_wconf 87' lang='lat' dir='ltr'>apud</span> <span class='ocrx_word' id='word_1_260' title='bbox 211 1838 372 1869; x_wconf 83' lang='lat' dir='ltr'>Romanos</span> <span class='ocrx_word' id='word_1_261' title='bbox 389 1837 504 1868; x_wconf 87' lang='lat' dir='ltr'>nullam</span> <span class='ocrx_word' id='word_1_262' title='bbox 520 1838 634 1868; x_wconf 87' lang='lat' dir='ltr'>habere</span> <span class='ocrx_word' id='word_1_263' title='bbox 649 1837 864 1867; x_wconf 81' lang='lat' dir='ltr'>naereditatem</span> <span class='ocrx_word' id='word_1_264' title='bbox 907 1835 947 1866; x_wconf 88' lang='lat' dir='ltr'>de</span> <span class='ocrx_word' id='word_1_265' title='bbox 964 1836 1088 1867; x_wconf 86' lang='lat' dir='ltr'>homine</span> <span class='ocrx_word' id='word_1_266' title='bbox 1105 1836 1158 1877; x_wconf 92' lang='lat' dir='ltr'>qui</span> <span class='ocrx_word' id='word_1_267' title='bbox 1174 1836 1352 1876; x_wconf 79' lang='lat' dir='ltr'>negligitur.</span> 
     </span>
     <span class='ocr_line' id='line_1_32' title="bbox 107 1877 1662 1919; baseline -0.003 -7"><span class='ocrx_word' id='word_1_268' title='bbox 107 1881 141 1912; x_wconf 87' lang='lat' dir='ltr'>in</span> <span class='ocrx_word' id='word_1_269' title='bbox 158 1882 349 1912; x_wconf 82' lang='lat' dir='ltr'>testamentis</span> <span class='ocrx_word' id='word_1_270' title='bbox 365 1881 546 1912; x_wconf 84' lang='lat' dir='ltr'>amicorum.</span> <span class='ocrx_word' id='word_1_271' title='bbox 950 1880 1003 1910; x_wconf 85' lang='lat'>48.</span> <span class='ocrx_word' id='word_1_272' title='bbox 1027 1879 1144 1910; x_wconf 80' lang='lat' dir='ltr'>Fratris</span> <span class='ocrx_word' id='word_1_273' title='bbox 1150 1879 1254 1919; x_wconf 80' lang='lat' dir='ltr'>filium</span> <span class='ocrx_word' id='word_1_274' title='bbox 1267 1878 1435 1919; x_wconf 58' lang='lat' dir='ltr'>praeteriit]</span> <span class='ocrx_word' id='word_1_275' title='bbox 1460 1877 1498 1908; x_wconf 90' lang='lat' dir='ltr'>Id</span> <span class='ocrx_word' id='word_1_276' title='bbox 1515 1882 1574 1917; x_wconf 83' lang='lat' dir='ltr'>est,</span> <span class='ocrx_word' id='word_1_277' title='bbox 1591 1889 1662 1908; x_wconf 86' lang='lat' dir='ltr'>euru</span> 
     </span>
     <span class='ocr_line' id='line_1_33' title="bbox 152 1921 1664 1965; baseline -0.001 -11"><span class='ocrx_word' id='word_1_278' title='bbox 152 1923 203 1954; x_wconf 79' lang='lat' dir='ltr'>lb.</span> <span class='ocrx_word' id='word_1_279' title='bbox 242 1923 389 1965; x_wconf 72' lang='lat' dir='ltr'>Utinam]</span> <span class='ocrx_word' id='word_1_280' title='bbox 435 1923 536 1964; x_wconf 81' lang='lat' dir='ltr'>Optat</span> <span class='ocrx_word' id='word_1_281' title='bbox 565 1922 688 1959; x_wconf 86' lang='lat' dir='ltr'>Cicero,</span> <span class='ocrx_word' id='word_1_282' title='bbox 719 1927 754 1953; x_wconf 86' lang='lat' dir='ltr'>ut</span> <span class='ocrx_word' id='word_1_283' title='bbox 780 1922 865 1953; x_wconf 88' lang='lat' dir='ltr'>nulla</span> <span class='ocrx_word' id='word_1_284' title='bbox 907 1921 1063 1953; x_wconf 83' lang='lat' dir='ltr'>haeredem</span> <span class='ocrx_word' id='word_1_285' title='bbox 1078 1933 1142 1953; x_wconf 86' lang='lat' dir='ltr'>non</span> <span class='ocrx_word' id='word_1_286' title='bbox 1155 1922 1300 1959; x_wconf 81' lang='lat' dir='ltr'>instituit,</span> <span class='ocrx_word' id='word_1_287' title='bbox 1315 1932 1385 1953; x_wconf 85' lang='lat' dir='ltr'>cum</span> <span class='ocrx_word' id='word_1_288' title='bbox 1402 1924 1440 1952; x_wconf 84' lang='lat' dir='ltr'>ab</span> <span class='ocrx_word' id='word_1_289' title='bbox 1457 1932 1494 1952; x_wconf 84' lang='lat' dir='ltr'>eo</span> <span class='ocrx_word' id='word_1_290' title='bbox 1510 1921 1664 1952; x_wconf 82' lang='lat' dir='ltr'>nominari</span> 
     </span>
    </p>
   </div>
   <div class='ocr_carea' id='block_1_10' title="bbox 112 1965 876 2770">
    <p class='ocr_par' dir='ltr' id='par_1_11' title="bbox 112 1965 865 2040">
     <span class='ocr_line' id='line_1_34' title="bbox 112 1965 865 2007; baseline 0 -11"><span class='ocrx_word' id='word_1_291' title='bbox 112 1966 174 1997; x_wconf 86' lang='lat' dir='ltr'>sibi</span> <span class='ocrx_word' id='word_1_292' title='bbox 189 1967 352 1997; x_wconf 80' lang='lat' dir='ltr'>liaereditas</span> <span class='ocrx_word' id='word_1_293' title='bbox 364 1967 550 2003; x_wconf 78' lang='lat' dir='ltr'>obvenisset,</span> <span class='ocrx_word' id='word_1_294' title='bbox 563 1965 636 2007; x_wconf 78' lang='lat' dir='ltr'>quia</span> <span class='ocrx_word' id='word_1_295' title='bbox 648 1965 714 2006; x_wconf 86' lang='lat' dir='ltr'>ejus</span> <span class='ocrx_word' id='word_1_296' title='bbox 725 1966 865 1997; x_wconf 84' lang='lat' dir='ltr'>viverent</span> 
     </span>
     <span class='ocr_line' id='line_1_35' title="bbox 113 2019 217 2040; baseline 0 0"><span class='ocrx_word' id='word_1_297' title='bbox 113 2019 217 2040; x_wconf 75' lang='lat' dir='ltr'>amici.</span> 
     </span>
    </p>

    <p class='ocr_par' dir='ltr' id='par_1_12' title="bbox 112 2049 867 2255">
     <span class='ocr_line' id='line_1_36' title="bbox 155 2049 866 2093; baseline -0.003 -10"><span class='ocrx_word' id='word_1_298' title='bbox 155 2055 209 2083; x_wconf 74' lang='lat'>42.</span> <span class='ocrx_word' id='word_1_299' title='bbox 233 2051 334 2093; x_wconf 86' lang='lat' dir='ltr'><strong>H.S.]</strong></span> <span class='ocrx_word' id='word_1_300' title='bbox 357 2050 397 2082; x_wconf 89' lang='lat' dir='ltr'>Id</span> <span class='ocrx_word' id='word_1_301' title='bbox 411 2055 468 2086; x_wconf 88' lang='lat' dir='ltr'>est,</span> <span class='ocrx_word' id='word_1_302' title='bbox 479 2049 628 2082; x_wconf 73' lang='lat' dir='ltr'>sestertia.</span> <span class='ocrx_word' id='word_1_303' title='bbox 641 2049 710 2090; x_wconf 87' lang='lat' dir='ltr'>(De</span> <span class='ocrx_word' id='word_1_304' title='bbox 719 2051 866 2082; x_wconf 78' lang='lat' dir='ltr'>sestertiis</span> 
     </span>
     <span class='ocr_line' id='line_1_37' title="bbox 112 2092 867 2134; baseline -0.001 -9"><span class='ocrx_word' id='word_1_305' title='bbox 112 2095 231 2126; x_wconf 88' lang='lat' dir='ltr'>dictum</span> <span class='ocrx_word' id='word_1_306' title='bbox 261 2101 309 2126; x_wconf 87' lang='lat' dir='ltr'>est</span> <span class='ocrx_word' id='word_1_307' title='bbox 337 2093 428 2125; x_wconf 87' lang='lat' dir='ltr'>Orat.</span> <span class='ocrx_word' id='word_1_308' title='bbox 452 2095 483 2124; x_wconf 91' lang='lat' dir='ltr'>in</span> <span class='ocrx_word' id='word_1_309' title='bbox 514 2092 672 2124; x_wconf 81' lang='lat' dir='ltr'>Caecilium</span> <span class='ocrx_word' id='word_1_310' title='bbox 704 2103 809 2134; x_wconf 84' lang='lat' dir='ltr'>parag.</span> <span class='ocrx_word' id='word_1_311' title='bbox 836 2105 867 2124; x_wconf 90' lang='lat' dir='ltr'>v.</span> 
     </span>
     <span class='ocr_line' id='line_1_38' title="bbox 112 2136 866 2178; baseline -0.001 -10"><span class='ocrx_word' id='word_1_312' title='bbox 112 2137 134 2168; x_wconf 91' lang='lat' dir='ltr'>l.</span> <span class='ocrx_word' id='word_1_313' title='bbox 150 2138 219 2178; x_wconf 74' lang='lat'>20.)</span> <span class='ocrx_word' id='word_1_314' title='bbox 240 2137 282 2170; x_wconf 87' lang='lat' dir='ltr'>H.</span> <span class='ocrx_word' id='word_1_315' title='bbox 295 2137 325 2168; x_wconf 91' lang='lat' dir='ltr'>S.</span> <span class='ocrx_word' id='word_1_316' title='bbox 341 2143 444 2168; x_wconf 79' lang='lat' dir='ltr'>autem</span> <span class='ocrx_word' id='word_1_317' title='bbox 467 2137 620 2171; x_wconf 75' lang='lat' dir='ltr'>ducenties,</span> <span class='ocrx_word' id='word_1_318' title='bbox 643 2140 690 2166; x_wconf 89' lang='lat' dir='ltr'>est</span> <span class='ocrx_word' id='word_1_319' title='bbox 705 2136 866 2168; x_wconf 80' lang='lat' dir='ltr'>ducenties</span> 
     </span>
     <span class='ocr_line' id='line_1_39' title="bbox 113 2178 867 2215; baseline -0.001 -4"><span class='ocrx_word' id='word_1_320' title='bbox 113 2187 247 2212; x_wconf 81' lang='lat' dir='ltr'>centena</span> <span class='ocrx_word' id='word_1_321' title='bbox 256 2180 351 2210; x_wconf 86' lang='lat' dir='ltr'>millia</span> <span class='ocrx_word' id='word_1_322' title='bbox 362 2179 534 2215; x_wconf 67' lang='lat' dir='ltr'>nummum,</span> <span class='ocrx_word' id='word_1_323' title='bbox 546 2178 609 2209; x_wconf 86' lang='lat' dir='ltr'>sive</span> <span class='ocrx_word' id='word_1_324' title='bbox 622 2179 785 2210; x_wconf 88' lang='lat' dir='ltr'>ducenties</span> <span class='ocrx_word' id='word_1_325' title='bbox 795 2189 867 2211; x_wconf 89' lang='lat' dir='ltr'>cen-</span> 
     </span>
     <span class='ocr_line' id='line_1_40' title="bbox 115 2223 355 2255; baseline 0.008 -2"><span class='ocrx_word' id='word_1_326' title='bbox 115 2228 188 2254; x_wconf 83' lang='lat' dir='ltr'>tena</span> <span class='ocrx_word' id='word_1_327' title='bbox 204 2223 355 2255; x_wconf 80' lang='lat' dir='ltr'>sestertia.</span> 
     </span>
    </p>

    <p class='ocr_par' dir='ltr' id='par_1_13' title="bbox 112 2264 872 2608">
     <span class='ocr_line' id='line_1_41' title="bbox 157 2264 868 2306; baseline -0.001 -9"><span class='ocrx_word' id='word_1_328' title='bbox 157 2266 207 2297; x_wconf 86' lang='lat' dir='ltr'>Ib.</span> <span class='ocrx_word' id='word_1_329' title='bbox 243 2267 397 2306; x_wconf 82' lang='lat' dir='ltr'>Acceptum</span> <span class='ocrx_word' id='word_1_330' title='bbox 410 2265 650 2306; x_wconf 61' lang='lat' dir='ltr'>hereditatibus]</span> <span class='ocrx_word' id='word_1_331' title='bbox 701 2264 741 2295; x_wconf 91' lang='lat' dir='ltr'>Id</span> <span class='ocrx_word' id='word_1_332' title='bbox 758 2269 815 2301; x_wconf 87' lang='lat' dir='ltr'>est,</span> <span class='ocrx_word' id='word_1_333' title='bbox 831 2274 868 2296; x_wconf 79' lang='lat' dir='ltr'>ex</span> 
     </span>
     <span class='ocr_line' id='line_1_42' title="bbox 112 2307 872 2350; baseline -0.004 -10"><span class='ocrx_word' id='word_1_334' title='bbox 112 2309 346 2340; x_wconf 82' lang='lat' dir='ltr'>haereditatibus</span> <span class='ocrx_word' id='word_1_335' title='bbox 369 2308 488 2350; x_wconf 80' lang='lat' dir='ltr'>accepi.</span> <span class='ocrx_word' id='word_1_336' title='bbox 532 2307 711 2347; x_wconf 83' lang='lat' dir='ltr'>Expensum</span> <span class='ocrx_word' id='word_1_337' title='bbox 725 2307 814 2344; x_wconf 82' lang='lat' dir='ltr'>ferre,</span> <span class='ocrx_word' id='word_1_338' title='bbox 839 2313 872 2338; x_wconf 90' lang='lat' dir='ltr'>et</span> 
     </span>
     <span class='ocr_line' id='line_1_43' title="bbox 115 2351 868 2393; baseline -0.004 -8"><span class='ocrx_word' id='word_1_339' title='bbox 115 2358 280 2393; x_wconf 75' lang='lat' dir='ltr'>acceptum</span> <span class='ocrx_word' id='word_1_340' title='bbox 296 2352 420 2387; x_wconf 79' lang='lat' dir='ltr'>referre,</span> <span class='ocrx_word' id='word_1_341' title='bbox 442 2352 555 2383; x_wconf 83' lang='lat' dir='ltr'>usitata</span> <span class='ocrx_word' id='word_1_342' title='bbox 574 2351 689 2381; x_wconf 86' lang='lat' dir='ltr'>locutio</span> <span class='ocrx_word' id='word_1_343' title='bbox 713 2356 762 2382; x_wconf 80' lang='lat' dir='ltr'>est</span> <span class='ocrx_word' id='word_1_344' title='bbox 784 2352 868 2390; x_wconf 81' lang='lat' dir='ltr'>apud</span> 
     </span>
     <span class='ocr_line' id='line_1_44' title="bbox 116 2394 870 2436; baseline -0.001 -10"><span class='ocrx_word' id='word_1_345' title='bbox 116 2395 253 2426; x_wconf 87' lang='lat' dir='ltr'>Latinos.</span> <span class='ocrx_word' id='word_1_346' title='bbox 300 2395 448 2436; x_wconf 84' lang='lat' dir='ltr'>Expensa</span> <span class='ocrx_word' id='word_1_347' title='bbox 480 2395 615 2430; x_wconf 80' lang='lat' dir='ltr'>serimus,</span> <span class='ocrx_word' id='word_1_348' title='bbox 654 2403 723 2434; x_wconf 83' lang='lat' dir='ltr'>qnae</span> <span class='ocrx_word' id='word_1_349' title='bbox 761 2394 870 2425; x_wconf 86' lang='lat' dir='ltr'>damus</span> 
     </span>
     <span class='ocr_line' id='line_1_45' title="bbox 117 2436 871 2478; baseline -0.001 -10"><span class='ocrx_word' id='word_1_350' title='bbox 117 2438 208 2477; x_wconf 77' lang='lat' dir='ltr'>aliis3</span> <span class='ocrx_word' id='word_1_351' title='bbox 231 2445 362 2478; x_wconf 86' lang='lat' dir='ltr'>accepta</span> <span class='ocrx_word' id='word_1_352' title='bbox 383 2437 552 2472; x_wconf 78' lang='lat' dir='ltr'>referimus,</span> <span class='ocrx_word' id='word_1_353' title='bbox 567 2447 635 2476; x_wconf 83' lang='lat' dir='ltr'>quae</span> <span class='ocrx_word' id='word_1_354' title='bbox 651 2438 690 2466; x_wconf 83' lang='lat' dir='ltr'>ab</span> <span class='ocrx_word' id='word_1_355' title='bbox 709 2436 774 2467; x_wconf 84' lang='lat' dir='ltr'>aliis</span> <span class='ocrx_word' id='word_1_356' title='bbox 791 2437 871 2468; x_wconf 88' lang='lat' dir='ltr'>acci-</span> 
     </span>
     <span class='ocr_line' id='line_1_46' title="bbox 117 2480 872 2522; baseline -0.003 -10"><span class='ocrx_word' id='word_1_357' title='bbox 117 2481 232 2522; x_wconf 83' lang='lat' dir='ltr'>pimus.</span> <span class='ocrx_word' id='word_1_358' title='bbox 277 2480 360 2511; x_wconf 89' lang='lat' dir='ltr'>Hinc</span> <span class='ocrx_word' id='word_1_359' title='bbox 385 2480 504 2520; x_wconf 86' lang='lat' dir='ltr'>antiqui</span> <span class='ocrx_word' id='word_1_360' title='bbox 526 2480 667 2510; x_wconf 86' lang='lat' dir='ltr'>codicem</span> <span class='ocrx_word' id='word_1_361' title='bbox 696 2480 815 2520; x_wconf 80' lang='lat' dir='ltr'>accepti</span> <span class='ocrx_word' id='word_1_362' title='bbox 839 2486 872 2510; x_wconf 89' lang='lat' dir='ltr'>ct</span> 
     </span>
     <span class='ocr_line' id='line_1_47' title="bbox 119 2524 871 2564; baseline 0 -10"><span class='ocrx_word' id='word_1_363' title='bbox 119 2525 245 2564; x_wconf 84' lang='lat' dir='ltr'>expensi</span> <span class='ocrx_word' id='word_1_364' title='bbox 262 2530 387 2562; x_wconf 83' lang='lat' dir='ltr'>vocant,</span> <span class='ocrx_word' id='word_1_365' title='bbox 403 2524 434 2553; x_wconf 91' lang='lat' dir='ltr'>in</span> <span class='ocrx_word' id='word_1_366' title='bbox 457 2534 519 2564; x_wconf 88' lang='lat' dir='ltr'>quo</span> <span class='ocrx_word' id='word_1_367' title='bbox 542 2528 671 2563; x_wconf 82' lang='lat' dir='ltr'>accepta</span> <span class='ocrx_word' id='word_1_368' title='bbox 687 2528 719 2553; x_wconf 88' lang='lat' dir='ltr'>et</span> <span class='ocrx_word' id='word_1_369' title='bbox 735 2533 871 2564; x_wconf 80' lang='lat' dir='ltr'>expensa</span> 
     </span>
     <span class='ocr_line' id='line_1_48' title="bbox 120 2568 360 2608; baseline 0.004 -12"><span class='ocrx_word' id='word_1_370' title='bbox 120 2568 360 2608; x_wconf 80' lang='lat' dir='ltr'>perscribuntur.</span> 
     </span>
    </p>

    <p class='ocr_par' dir='ltr' id='par_1_14' title="bbox 121 2609 876 2770">
     <span class='ocr_line' id='line_1_49' title="bbox 163 2609 872 2651; baseline -0.001 -10"><span class='ocrx_word' id='word_1_371' title='bbox 163 2611 216 2641; x_wconf 85' lang='lat'>43.</span> <span class='ocrx_word' id='word_1_372' title='bbox 239 2610 420 2650; x_wconf 66' lang='lat' dir='ltr'>Quamquftm</span> <span class='ocrx_word' id='word_1_373' title='bbox 434 2609 467 2639; x_wconf 77' lang='lat' dir='ltr'>in</span> <span class='ocrx_word' id='word_1_374' title='bbox 482 2609 532 2638; x_wconf 83' lang='lat' dir='ltr'>hoc</span> <span class='ocrx_word' id='word_1_375' title='bbox 550 2610 682 2651; x_wconf 61' lang='lat' dir='ltr'>genera]</span> <span class='ocrx_word' id='word_1_376' title='bbox 726 2609 872 2640; x_wconf 69' lang='lat' dir='ltr'>Ostendit</span> 
     </span>
     <span class='ocr_line' id='line_1_50' title="bbox 123 2651 873 2688; baseline -0.001 -4"><span class='ocrx_word' id='word_1_377' title='bbox 123 2651 244 2688; x_wconf 79' lang='lat' dir='ltr'>Cicero,</span> <span class='ocrx_word' id='word_1_378' title='bbox 278 2653 445 2684; x_wconf 76' lang='lat' dir='ltr'>amicitiam</span> <span class='ocrx_word' id='word_1_379' title='bbox 473 2662 558 2683; x_wconf 86' lang='lat' dir='ltr'>suam</span> <span class='ocrx_word' id='word_1_380' title='bbox 588 2653 647 2682; x_wconf 83' lang='lat' dir='ltr'>sibi</span> <span class='ocrx_word' id='word_1_381' title='bbox 678 2653 873 2683; x_wconf 66' lang='lat' dir='ltr'>haereditates</span> 
     </span>
     <span class='ocr_line' id='line_1_51' title="bbox 121 2694 876 2736; baseline 0 -10"><span class='ocrx_word' id='word_1_382' title='bbox 121 2694 337 2736; x_wconf 70' lang='lat' dir='ltr'>comparasse:</span> <span class='ocrx_word' id='word_1_383' title='bbox 373 2695 546 2726; x_wconf 84' lang='lat' dir='ltr'>Antonium</span> <span class='ocrx_word' id='word_1_384' title='bbox 568 2700 671 2726; x_wconf 82' lang='lat' dir='ltr'>autem</span> <span class='ocrx_word' id='word_1_385' title='bbox 692 2695 724 2725; x_wconf 87' lang='lat' dir='ltr'>iu</span> <span class='ocrx_word' id='word_1_386' title='bbox 748 2695 876 2726; x_wconf 86' lang='lat' dir='ltr'>aliorum</span> 
     </span>
     <span class='ocr_line' id='line_1_52' title="bbox 122 2738 499 2770; baseline -0.003 0"><span class='ocrx_word' id='word_1_387' title='bbox 122 2739 318 2770; x_wconf 82' lang='lat' dir='ltr'>haereditates</span> <span class='ocrx_word' id='word_1_388' title='bbox 332 2738 499 2769; x_wconf 74' lang='lat' dir='ltr'>involasse.</span> 
     </span>
    </p>
   </div>
   <div class='ocr_carea' id='block_1_11' title="bbox 116 2767 878 2822">
    <p class='ocr_par' dir='ltr' id='par_1_15' title="bbox 116 2767 878 2822">
     <span class='ocr_line' id='line_1_53' title="bbox 116 2767 878 2822; baseline -0.003 -8"><span class='ocrx_word' id='word_1_389' title='bbox 116 2811 118 2814; x_wconf 90' lang='lat'>.</span> <span class='ocrx_word' id='word_1_390' title='bbox 165 2780 222 2814; x_wconf 74' lang='lat'>46.</span> <span class='ocrx_word' id='word_1_391' title='bbox 247 2781 380 2817; x_wconf 72' lang='lat' dir='ltr'>Rubrius</span> <span class='ocrx_word' id='word_1_392' title='bbox 399 2780 561 2822; x_wconf 44' lang='lat' dir='ltr'>cassinae]</span> <span class='ocrx_word' id='word_1_393' title='bbox 604 2767 767 2813; x_wconf 80' lang='lat' dir='ltr'>Cassinum</span> <span class='ocrx_word' id='word_1_394' title='bbox 783 2779 878 2813; x_wconf 78' lang='lat' dir='ltr'>Cam-</span> 
     </span>
    </p>
   </div>
   <div class='ocr_carea' id='block_1_12' title="bbox 909 1965 1710 2770">
    <p class='ocr_par' dir='ltr' id='par_1_16' title="bbox 909 1965 1079 1998">
     <span class='ocr_line' id='line_1_54' title="bbox 909 1965 1079 1998; baseline 0.012 -3"><span class='ocrx_word' id='word_1_395' title='bbox 909 1965 1079 1998; x_wconf 87' lang='lat' dir='ltr'>debuisset.</span> 
     </span>
    </p>

    <p class='ocr_par' dir='ltr' id='par_1_17' title="bbox 909 2007 1664 2210">
     <span class='ocr_line' id='line_1_55' title="bbox 951 2007 1664 2050; baseline -0.001 -12"><span class='ocrx_word' id='word_1_396' title='bbox 951 2009 1003 2038; x_wconf 88' lang='lat'>50.</span> <span class='ocrx_word' id='word_1_397' title='bbox 1029 2008 1120 2042; x_wconf 80' lang='lat' dir='ltr'>Quem</span> <span class='ocrx_word' id='word_1_398' title='bbox 1142 2018 1292 2048; x_wconf 70' lang='lat' dir='ltr'>‘nunquam</span> <span class='ocrx_word' id='word_1_399' title='bbox 1311 2008 1453 2050; x_wconf 63' lang='lat' dir='ltr'>viderat]</span> <span class='ocrx_word' id='word_1_400' title='bbox 1497 2007 1577 2038; x_wconf 68' lang='lat' dir='ltr'>Cum</span> <span class='ocrx_word' id='word_1_401' title='bbox 1600 2017 1664 2038; x_wconf 85' lang='lat' dir='ltr'>non</span> 
     </span>
     <span class='ocr_line' id='line_1_56' title="bbox 909 2049 1664 2090; baseline -0.001 -10"><span class='ocrx_word' id='word_1_402' title='bbox 909 2049 948 2080; x_wconf 87' lang='lat' dir='ltr'>sit</span> <span class='ocrx_word' id='word_1_403' title='bbox 970 2051 1129 2090; x_wconf 90' lang='lat' dir='ltr'>probabile</span> <span class='ocrx_word' id='word_1_404' title='bbox 1153 2050 1192 2080; x_wconf 89' lang='lat' dir='ltr'>ab</span> <span class='ocrx_word' id='word_1_405' title='bbox 1216 2060 1253 2080; x_wconf 89' lang='lat' dir='ltr'>eo</span> <span class='ocrx_word' id='word_1_406' title='bbox 1268 2050 1438 2080; x_wconf 78' lang='lat' dir='ltr'>Antonium</span> <span class='ocrx_word' id='word_1_407' title='bbox 1454 2051 1548 2081; x_wconf 78' lang='lat' dir='ltr'>fuisse</span> <span class='ocrx_word' id='word_1_408' title='bbox 1564 2050 1664 2080; x_wconf 87' lang='lat' dir='ltr'>nomi-</span> 
     </span>
     <span class='ocr_line' id='line_1_57' title="bbox 909 2092 1664 2134; baseline -0.001 -11"><span class='ocrx_word' id='word_1_409' title='bbox 909 2098 1016 2123; x_wconf 86' lang='lat' dir='ltr'>natum</span> <span class='ocrx_word' id='word_1_410' title='bbox 1038 2093 1205 2128; x_wconf 69' lang='lat' dir='ltr'>haeredem,</span> <span class='ocrx_word' id='word_1_411' title='bbox 1228 2103 1321 2133; x_wconf 90' lang='lat' dir='ltr'>quem</span> <span class='ocrx_word' id='word_1_412' title='bbox 1351 2103 1508 2134; x_wconf 86' lang='lat' dir='ltr'>nunquam</span> <span class='ocrx_word' id='word_1_413' title='bbox 1531 2092 1664 2128; x_wconf 86' lang='lat' dir='ltr'>viderat,</span> 
     </span>
     <span class='ocr_line' id='line_1_58' title="bbox 910 2135 1664 2176; baseline 0.003 -11"><span class='ocrx_word' id='word_1_414' title='bbox 910 2136 1100 2176; x_wconf 84' lang='lat' dir='ltr'>probabilius</span> <span class='ocrx_word' id='word_1_415' title='bbox 1119 2135 1202 2167; x_wconf 77' lang='lat' dir='ltr'>certe</span> <span class='ocrx_word' id='word_1_416' title='bbox 1218 2140 1266 2166; x_wconf 85' lang='lat' dir='ltr'>est</span> <span class='ocrx_word' id='word_1_417' title='bbox 1280 2136 1420 2167; x_wconf 82' lang='lat' dir='ltr'>defuncti</span> <span class='ocrx_word' id='word_1_418' title='bbox 1433 2135 1566 2167; x_wconf 87' lang='lat' dir='ltr'>hominis</span> <span class='ocrx_word' id='word_1_419' title='bbox 1582 2135 1664 2167; x_wconf 79' lang='lat' dir='ltr'>bona</span> 
     </span>
     <span class='ocr_line' id='line_1_59' title="bbox 910 2188 1072 2210; baseline 0.006 -1"><span class='ocrx_word' id='word_1_420' title='bbox 910 2188 1072 2210; x_wconf 70' lang='lat' dir='ltr'>invasnsse.</span> 
     </span>
    </p>

    <p class='ocr_par' dir='ltr' id='par_1_18' title="bbox 911 2221 1710 2391">
     <span class='ocr_line' id='line_1_60' title="bbox 953 2221 1665 2263; baseline -0.001 -11"><span class='ocrx_word' id='word_1_421' title='bbox 953 2223 1007 2253; x_wconf 82' lang='lat'>53.</span> <span class='ocrx_word' id='word_1_422' title='bbox 1044 2221 1110 2253; x_wconf 73' lang='lat' dir='ltr'>Nisi</span> <span class='ocrx_word' id='word_1_423' title='bbox 1142 2232 1202 2262; x_wconf 72' lang='lat' dir='ltr'><em>1121ae</em></span> <span class='ocrx_word' id='word_1_424' title='bbox 1228 2222 1340 2261; x_wconf 78' lang='lat' dir='ltr'>praedia</span> <span class='ocrx_word' id='word_1_425' title='bbox 1370 2222 1530 2263; x_wconf 69' lang='lat' dir='ltr'>habuerit]</span> <span class='ocrx_word' id='word_1_426' title='bbox 1574 2221 1665 2252; x_wconf 80' lang='lat' dir='ltr'>Illius</span> 
     </span>
     <span class='ocr_line' id='line_1_61' title="bbox 911 2263 1667 2306; baseline -0.001 -11"><span class='ocrx_word' id='word_1_427' title='bbox 911 2263 1044 2296; x_wconf 89' lang='lat' dir='ltr'>Turselii</span> <span class='ocrx_word' id='word_1_428' title='bbox 1068 2276 1100 2296; x_wconf 87' lang='lat' dir='ltr'>se</span> <span class='ocrx_word' id='word_1_429' title='bbox 1124 2275 1250 2306; x_wconf 83' lang='lat' dir='ltr'>quoque</span> <span class='ocrx_word' id='word_1_430' title='bbox 1271 2264 1348 2295; x_wconf 65' lang='lat' dir='ltr'>fals&amp;</span> <span class='ocrx_word' id='word_1_431' title='bbox 1370 2266 1524 2296; x_wconf 69' lang='lat' dir='ltr'>litei-edem</span> <span class='ocrx_word' id='word_1_432' title='bbox 1545 2265 1667 2305; x_wconf 81' lang='lat' dir='ltr'>scripsit</span> 
     </span>
     <span class='ocr_line' id='line_1_62' title="bbox 913 2303 1710 2350; baseline -0.001 -12"><span class='ocrx_word' id='word_1_433' title='bbox 913 2306 1082 2344; x_wconf 82' lang='lat' dir='ltr'>Antonius,</span> <span class='ocrx_word' id='word_1_434' title='bbox 1097 2318 1188 2349; x_wconf 89' lang='lat' dir='ltr'>quem</span> <span class='ocrx_word' id='word_1_435' title='bbox 1205 2318 1266 2338; x_wconf 89' lang='lat' dir='ltr'>non</span> <span class='ocrx_word' id='word_1_436' title='bbox 1282 2312 1345 2337; x_wconf 83' lang='lat' dir='ltr'>tam</span> <span class='ocrx_word' id='word_1_437' title='bbox 1360 2308 1455 2346; x_wconf 86' lang='lat' dir='ltr'>novit,</span> <span class='ocrx_word' id='word_1_438' title='bbox 1478 2307 1571 2350; x_wconf 72' lang='lat' dir='ltr'>quam</span> <span class='ocrx_word' id='word_1_439' title='bbox 1594 2317 1666 2349; x_wconf 85' lang='lat' dir='ltr'>qnae</span> <span class='ocrx_word' id='word_1_440' title='bbox 1705 2303 1710 2308; x_wconf 88' lang='grc'>’</span> 
     </span>
     <span class='ocr_line' id='line_1_63' title="bbox 914 2350 1599 2391; baseline -0.001 -10"><span class='ocrx_word' id='word_1_441' title='bbox 914 2351 1034 2391; x_wconf 81' lang='lat' dir='ltr'>praedia</span> <span class='ocrx_word' id='word_1_442' title='bbox 1048 2351 1129 2382; x_wconf 83' lang='lat' dir='ltr'>illius</span> <span class='ocrx_word' id='word_1_443' title='bbox 1144 2350 1204 2381; x_wconf 89' lang='lat' dir='ltr'>sibi</span> <span class='ocrx_word' id='word_1_444' title='bbox 1217 2350 1395 2382; x_wconf 86' lang='lat' dir='ltr'>vindicavit.</span> <span class='ocrx_word' id='word_1_445' title='bbox 1598 2377 1599 2380; x_wconf 73' lang='grc'>,</span> 
     </span>
    </p>

    <p class='ocr_par' dir='ltr' id='par_1_19' title="bbox 914 2393 1669 2554">
     <span class='ocr_line' id='line_1_64' title="bbox 957 2393 1665 2434; baseline -0.001 -10"><span class='ocrx_word' id='word_1_446' title='bbox 957 2394 1011 2425; x_wconf 83' lang='grc'>57.</span> <span class='ocrx_word' id='word_1_447' title='bbox 1072 2394 1278 2425; x_wconf 76' lang='lat' dir='ltr'>Haereditatem</span> <span class='ocrx_word' id='word_1_448' title='bbox 1311 2396 1408 2433; x_wconf 78' lang='lat' dir='ltr'>putris</span> <span class='ocrx_word' id='word_1_449' title='bbox 1440 2405 1498 2426; x_wconf 81' lang='lat' dir='ltr'>non</span> <span class='ocrx_word' id='word_1_450' title='bbox 1534 2393 1665 2434; x_wconf 65' lang='lat' dir='ltr'>adisses]</span> 
     </span>
     <span class='ocr_line' id='line_1_65' title="bbox 914 2435 1668 2477; baseline -0.003 -10"><span class='ocrx_word' id='word_1_451' title='bbox 914 2435 989 2467; x_wconf 85' lang='lat' dir='ltr'>Non</span> <span class='ocrx_word' id='word_1_452' title='bbox 1002 2437 1241 2467; x_wconf 83' lang='lat' dir='ltr'>adiitAntonius</span> <span class='ocrx_word' id='word_1_453' title='bbox 1256 2437 1351 2477; x_wconf 86' lang='lat' dir='ltr'>patris</span> <span class='ocrx_word' id='word_1_454' title='bbox 1362 2438 1584 2472; x_wconf 69' lang='lat' dir='ltr'>haereditatem,</span> <span class='ocrx_word' id='word_1_455' title='bbox 1594 2436 1668 2477; x_wconf 77' lang='lat' dir='ltr'>quia</span> 
     </span>
     <span class='ocr_line' id='line_1_66' title="bbox 914 2479 1669 2521; baseline -0.001 -12"><span class='ocrx_word' id='word_1_456' title='bbox 914 2479 1030 2510; x_wconf 88' lang='lat' dir='ltr'>nullam</span> <span class='ocrx_word' id='word_1_457' title='bbox 1053 2481 1082 2511; x_wconf 87' lang='lat' dir='ltr'>ei</span> <span class='ocrx_word' id='word_1_458' title='bbox 1105 2480 1245 2521; x_wconf 83' lang='lat' dir='ltr'>reliquit3</span> <span class='ocrx_word' id='word_1_459' title='bbox 1274 2490 1346 2510; x_wconf 83' lang='lat' dir='ltr'>nam</span> <span class='ocrx_word' id='word_1_460' title='bbox 1370 2482 1451 2511; x_wconf 84' lang='lat' dir='ltr'>bona</span> <span class='ocrx_word' id='word_1_461' title='bbox 1474 2481 1669 2520; x_wconf 82' lang='lat' dir='ltr'>dilapidave-</span> 
     </span>
     <span class='ocr_line' id='line_1_67' title="bbox 914 2529 970 2554; baseline 0.018 -2"><span class='ocrx_word' id='word_1_462' title='bbox 914 2529 970 2554; x_wconf 84' lang='lat' dir='ltr'>rat.</span> 
     </span>
    </p>

    <p class='ocr_par' dir='ltr' id='par_1_20' title="bbox 915 2564 1670 2770">
     <span class='ocr_line' id='line_1_68' title="bbox 958 2564 1667 2606; baseline -0.001 -9"><span class='ocrx_word' id='word_1_463' title='bbox 958 2568 1012 2598; x_wconf 88' lang='grc'>59.</span> <span class='ocrx_word' id='word_1_464' title='bbox 1057 2565 1096 2597; x_wconf 87' lang='lat' dir='ltr'>In</span> <span class='ocrx_word' id='word_1_465' title='bbox 1111 2565 1205 2596; x_wconf 79' lang='lat' dir='ltr'>aliena</span> <span class='ocrx_word' id='word_1_466' title='bbox 1227 2564 1323 2606; x_wconf 57' lang='lat' dir='ltr'>villa]</span> <span class='ocrx_word' id='word_1_467' title='bbox 1370 2565 1467 2596; x_wconf 75' lang='lat' dir='ltr'>Ridet</span> <span class='ocrx_word' id='word_1_468' title='bbox 1483 2565 1667 2600; x_wconf 70' lang='lat' dir='ltr'>Antoniuim</span> 
     </span>
     <span class='ocr_line' id='line_1_69' title="bbox 915 2608 1668 2649; baseline -0.001 -11"><span class='ocrx_word' id='word_1_469' title='bbox 915 2609 980 2649; x_wconf 90' lang='lat' dir='ltr'>qui,</span> <span class='ocrx_word' id='word_1_470' title='bbox 996 2615 1029 2639; x_wconf 92' lang='lat' dir='ltr'>ut</span> <span class='ocrx_word' id='word_1_471' title='bbox 1043 2610 1109 2639; x_wconf 81' lang='lat' dir='ltr'>haec</span> <span class='ocrx_word' id='word_1_472' title='bbox 1126 2609 1291 2640; x_wconf 73' lang='lat' dir='ltr'>maledicta</span> <span class='ocrx_word' id='word_1_473' title='bbox 1314 2610 1345 2638; x_wconf 86' lang='lat' dir='ltr'>in</span> <span class='ocrx_word' id='word_1_474' title='bbox 1366 2608 1548 2638; x_wconf 74' lang='lat' dir='ltr'>Ciceronem</span> <span class='ocrx_word' id='word_1_475' title='bbox 1569 2608 1668 2647; x_wconf 85' lang='lat' dir='ltr'>conji-</span> 
     </span>
     <span class='ocr_line' id='line_1_70' title="bbox 916 2651 1668 2693; baseline -0.001 -12"><span class='ocrx_word' id='word_1_476' title='bbox 916 2657 1012 2690; x_wconf 86' lang='lat' dir='ltr'>ceret,</span> <span class='ocrx_word' id='word_1_477' title='bbox 1029 2662 1061 2682; x_wconf 86' lang='lat' dir='ltr'>se</span> <span class='ocrx_word' id='word_1_478' title='bbox 1074 2662 1128 2693; x_wconf 83' lang='lat' dir='ltr'>per</span> <span class='ocrx_word' id='word_1_479' title='bbox 1144 2652 1367 2692; x_wconf 81' lang='lat' dir='ltr'>septemdecim</span> <span class='ocrx_word' id='word_1_480' title='bbox 1385 2652 1452 2680; x_wconf 82' lang='lat' dir='ltr'>dies</span> <span class='ocrx_word' id='word_1_481' title='bbox 1467 2651 1495 2681; x_wconf 91' lang='lat' dir='ltr'>in</span> <span class='ocrx_word' id='word_1_482' title='bbox 1506 2651 1668 2681; x_wconf 83' lang='lat' dir='ltr'>Tiburtino</span> 
     </span>
     <span class='ocr_line' id='line_1_71' title="bbox 917 2693 1670 2736; baseline -0.003 -12"><span class='ocrx_word' id='word_1_483' title='bbox 917 2695 1072 2736; x_wconf 87' lang='lat' dir='ltr'>Scipionis</span> <span class='ocrx_word' id='word_1_484' title='bbox 1087 2694 1216 2736; x_wconf 87' lang='lat' dir='ltr'>recepit,</span> <span class='ocrx_word' id='word_1_485' title='bbox 1231 2700 1266 2725; x_wconf 89' lang='lat' dir='ltr'>ut</span> <span class='ocrx_word' id='word_1_486' title='bbox 1287 2695 1328 2725; x_wconf 84' lang='lat' dir='ltr'>ad</span> <span class='ocrx_word' id='word_1_487' title='bbox 1350 2693 1434 2724; x_wconf 85' lang='lat' dir='ltr'>illam</span> <span class='ocrx_word' id='word_1_488' title='bbox 1457 2703 1490 2724; x_wconf 87' lang='lat' dir='ltr'>se</span> <span class='ocrx_word' id='word_1_489' title='bbox 1513 2694 1670 2726; x_wconf 83' lang='lat' dir='ltr'>declama-</span> 
     </span>
     <span class='ocr_line' id='line_1_72' title="bbox 918 2737 1218 2770; baseline -0.003 -2"><span class='ocrx_word' id='word_1_490' title='bbox 918 2737 1034 2769; x_wconf 80' lang='lat' dir='ltr'>tionem</span> <span class='ocrx_word' id='word_1_491' title='bbox 1049 2743 1218 2770; x_wconf 86' lang='lat' dir='ltr'>exerceret.</span> 
     </span>
    </p>
   </div>
   <div class='ocr_carea' id='block_1_13' title="bbox 962 2770 1675 2827">
    <p class='ocr_par' dir='ltr' id='par_1_21' title="bbox 962 2770 1675 2827">
     <span class='ocr_line' id='line_1_73' title="bbox 962 2770 1675 2827; baseline -0.001 -14"><span class='ocrx_word' id='word_1_492' title='bbox 962 2783 1017 2814; x_wconf 85' lang='lat'>60.</span> <span class='ocrx_word' id='word_1_493' title='bbox 1040 2780 1107 2815; x_wconf 78' lang='lat' dir='ltr'>Vim·</span> <span class='ocrx_word' id='word_1_494' title='bbox 1124 2779 1308 2822; x_wconf 47' lang='lat' dir='ltr'>&amp;halandia</span> <span class='ocrx_word' id='word_1_495' title='bbox 1330 2776 1371 2812; x_wconf 81' lang='lat' dir='ltr'>In</span> <span class='ocrx_word' id='word_1_496' title='bbox 1384 2784 1596 2822; x_wconf 81' lang='lat' dir='ltr'>contemptum</span> <span class='ocrx_word' id='word_1_497' title='bbox 1612 2770 1675 2827; x_wconf 43' lang='lat' dir='ltr'>0,st</span> 
     </span>
    </p>
   </div>
  </div>
 </body>
</html>
