1838 3017
714 142 974 177 PHILIPPICA
996 142 1045 176 11.
1631 141 1714 185 411

99 230 196 259 cum
220 215 450 257 M.Crasso
465 213 682 255 contentio
697 221 824 266 esset,
837 218 1042 271 (quocum
1061 213 1205 255 multae
1222 219 1266 255 et
1284 224 1449 270 magnae
1465 213 1652 267 fuerunt)

98 287 184 315 nou
205 288 301 315 cum
321 285 406 313 uno
423 271 658 328 gladiatore
679 271 956 327 nequissimo,
974 271 1026 312 de
1051 271 1157 326 Rep.
1175 271 1357 326 graviter
1377 285 1575 326 querenS,
1598 273 1651 314 (le

100 330 271 371 homine
302 328 405 370 nihil
436 327 537 370 dixi.
617 328 766 384 Itaque
798 327 925 369 hodie
959 328 1187 384 perficiam,
1211 334 1257 368 ut
1287 327 1499 382 intelligat
1519 343 1655 383 quan·
1673 331 1727 370 55

100 393 188 428 tum
211 385 237 427 ἰι
258 400 325 427 me
347 384 603 426 beneficium
624 392 714 425 tum
735 386 963 441 acceperit.
1033 385 1091 424 At
1113 384 1242 425 etiam
1273 384 1433 434 literas,
1455 399 1563 440 quas
1586 400 1654 427 me

103 443 183 484 sibi
205 442 372 483 misisse
393 441 565 494 diceret,
587 442 792 491 recitavit,
816 442 943 482 homo
962 448 1005 482 et
1020 441 1298 481 humanitatis
1321 455 1486 496 expers,
1502 447 1544 482 et
1557 441 1656 483 vitae

102 498 342 541 communis
362 498 546 554 ignarus.
609 498 716 545 Quis
738 497 850 539 enim
872 512 1074 553 unquam,
1099 497 1172 552 qui
1195 497 1414 552 paululum
1435 497 1564 538 modo
1580 499 1658 540 bo-

102 569 254 597 norum
271 555 623 596 consuetudinem
644 554 807 605 nosset,
823 555 967 595 literas
984 554 1038 594 ad
1055 568 1100 594 se
1117 554 1170 594 ab
1187 553 1326 594 amico
1344 553 1509 601 missas,
1527 554 1658 595 offen-

103 612 224 653 sione
245 610 390 667 aliqua
411 611 677 667 interposita,
700 611 741 651 in
763 610 949 652 medium
980 609 1169 665 protulit,
1190 608 1416 664 palamque
1438 610 1658 651 recitavit?
1679 612 1733 653 60

106 667 222 716 Quid
243 676 309 709 est
339 668 469 719 aliud,
501 669 646 708 tollere
671 667 693 708 ὲ
712 667 799 707 vita
815 667 913 707 vitae
928 665 1196 715 societatem,
1218 663 1348 719 quam
1377 665 1526 706 tollere
1558 666 1661 707 ami-

106 739 252 766 corum
272 724 489 781 colloquia
509 723 778 764 absentium?
810 721 949 770 Quam
971 721 1106 762 multa
1120 722 1223 775 joca
1245 721 1381 761 solent
1398 736 1491 762 esse
1510 721 1553 762 in
1574 722 1665 778 epi-

106 781 243 832 stolis,
269 796 379 836 quae,
410 781 574 836 prolata
603 779 639 819 si
669 779 770 827 sint,
804 778 947 833 inepta
975 792 1068 819 esse
1095 777 1334 818 videantur!
1368 777 1495 833 quam
1532 780 1666 820 multa

107 837 231 887 seria,
252 851 390 892 neque
410 844 552 877 tamen
574 835 660 876 ullo
684 835 811 876 modo
834 833 1117 889 divulganda!
1180 833 1247 874 Sit
1278 833 1360 874 hoc
1382 834 1666 876 inhumanita-

108 893 164 934 tis
185 900 294 934 tuae:
327 892 554 933 stultitiam
585 891 880 933 incredibilem
901 891 1058 932 videte.
1119 889 1234 937 Quid
1256 890 1402 938 habes,
1424 891 1540 946 quod
1560 892 1665 932 milii
1686 894 1740 936 65

111 964 316 1006 opponas,
340 949 468 990 homo
489 948 662 999 diserte,
684 956 732 990 ut
763 948 978 989 Mustellae
1008 946 1198 988 Tamisio
1220 953 1264 987 et
1292 946 1436 987 Tironi
1470 947 1666 989 Numisio

108 1005 295 1048 videris?
327 1005 400 1061 qui
418 1005 515 1047 curn
536 1005 619 1045 hoc
636 1005 730 1060 ipso
745 1011 935 1060 tempore
950 1010 1065 1045 stent
1085 1018 1179 1044 cum
1199 1003 1354 1059 gladiis
1371 1002 1414 1043 in
1431 1012 1669 1061 conspectu

114 1062 302 1113 senatus,
343 1076 424 1118 ego
456 1076 626 1117 quoque
667 1069 708 1102 te
750 1061 957 1102 disertum
995 1061 1171 1116 putabo,
1213 1060 1248 1100 si
1289 1060 1542 1112 ostenderis,
1583 1075 1668 1116 quo

110 1119 239 1160 modo
260 1121 319 1160 sis
341 1133 415 1160 eos
442 1118 551 1159 inter
573 1118 749 1159 sicarios
775 1117 1041 1158 defensurus,
1103 1115 1190 1157 Sed
1218 1116 1323 1171 quid
1356 1131 1548 1172 opponas
1580 1125 1671 1158 tan-

114 1177 228 1227 dem,
246 1175 283 1216 si
303 1189 458 1230 negem
485 1189 551 1216 me
573 1189 761 1229 unquam
791 1174 895 1215 istas
927 1174 1069 1214 literas
1100 1173 1154 1214 ad
1185 1178 1227 1213 te
1259 1172 1454 1214 misisse?
1486 1188 1571 1229 quo
1603 1188 1670 1215 me
1691 1176 1745 1216 70

113 1239 224 1273 teste
248 1231 508 1273 convincas?
539 1245 593 1271 an
616 1229 930 1286 chirographo?
961 1230 1005 1270 in
1035 1243 1119 1285 quo
1151 1229 1284 1269 habes
1311 1229 1536 1285 scientiam
1558 1246 1673 1286 quae·

115 1296 330 1330 stuosam:
375 1286 450 1343 qui
487 1287 658 1343 possis?
697 1294 798 1328 sunt
827 1286 939 1327 enim
967 1285 1125 1326 librarii
1156 1300 1298 1326 manu.
1375 1285 1472 1327 Jam
1502 1286 1672 1328 invideo

114 1345 321 1399 magistro
357 1351 448 1394 tuo,
479 1343 553 1399 qui
593 1350 635 1385 te
675 1345 795 1384 tanta
833 1342 1045 1393 mercede,
1076 1349 1280 1398 quantam
1313 1343 1405 1397 jam
1443 1343 1676 1398 proferam,

115 1401 223 1442 nihil
242 1415 389 1457 sapere
407 1400 570 1442 docuit.
630 1399 746 1448 Quid
767 1399 880 1441 enim
902 1406 968 1440 est
986 1398 1141 1449 minus,
1158 1413 1245 1439 non
1266 1398 1365 1440 (lico
1388 1400 1579 1450 oratoris,
1599 1400 1675 1441 sed

117 1457 317 1507 hominis,
341 1456 472 1512 quam
492 1457 535 1497 id
556 1457 741 1512 objicere
764 1455 1021 1507 adversario,
1043 1455 1160 1511 quod
1191 1455 1262 1496 ille
1285 1455 1320 1495 si
1342 1455 1470 1496 verbo
1493 1456 1674 1512 negarit,
1695 1460 1749 1501 75

118 1514 290 1568 longius
322 1513 521 1569 progredi
551 1527 638 1554 non
666 1513 817 1568 possit,
841 1513 913 1568 qui
944 1510 1178 1567 objecerit?
1239 1513 1299 1552 At
1320 1526 1400 1567 ego
1423 1526 1508 1553 non
1539 1527 1675 1568 nego:

121 1576 253 1626 teque
283 1570 328 1610 in
358 1569 441 1611 isto
462 1569 556 1626 ipso
579 1569 788 1611 convinco
810 1583 896 1610 non
926 1566 1251 1609 inhumanitatis
1282 1569 1432 1617 solum,
1453 1569 1529 1610 sed
1548 1570 1678 1610 etiam

121 1625 318 1668 amentiae
332 1642 343 1677 3
375 1627 493 1682 quod
506 1626 619 1667 enim
633 1626 807 1666 verbum
824 1625 868 1666 in
883 1625 977 1666 istis
993 1625 1124 1665 literis
1147 1631 1226 1675 est,
1242 1639 1328 1666 non
1344 1625 1517 1680 plenum
1533 1626 1679 1666 huma-

119 1683 282 1732 nitatis,
318 1682 464 1734 officii,
498 1682 833 1724 benevolentiae!
909 1680 1049 1723 Omne
1080 1688 1224 1722 autem
1255 1681 1414 1723 crimen
1446 1688 1568 1722 tuum
1598 1689 1678 1733 est,

122 1738 240 1796 quod
262 1739 314 1780 de
335 1746 377 1781 te
397 1739 442 1780 iu
463 1738 530 1780 his
548 1738 680 1780 literis
697 1753 784 1780 non
799 1737 910 1780 male
931 1737 1195 1788 existimem3
1228 1736 1347 1794 quod
1368 1738 1552 1779 scribam
1573 1745 1680 1780 tam·
1698 1741 1752 1783 80

123 1810 254 1852 quam
284 1796 339 1837 ad
371 1795 524 1847 civem,
553 1802 773 1852 tamquam
803 1795 857 1836 ad
888 1795 1049 1836 bonum
1070 1794 1230 1845 virum3
1261 1808 1348 1835 non
1378 1801 1596 1851 tamquam
1626 1795 1682 1836 ad

124 1853 380 1894 sceleratum
401 1858 445 1894 et
473 1853 695 1894 latronem.
755 1854 815 1893 At
835 1866 915 1907 ego
936 1858 1031 1893 tuas
1062 1850 1222 1902 literas,
1245 1850 1324 1892 etsi
1348 1851 1444 1907 jure
1474 1859 1681 1907 poteram,

130 1908 157 1949 ὲ
176 1916 220 1950 te
238 1909 479 1961 lacessitus,
499 1915 643 1951 tamen
663 1923 750 1950 non
770 1909 1005 1964 proferam3
1036 1907 1192 1963 quibus
1213 1908 1339 1963 petis,
1357 1915 1405 1948 ut
1423 1907 1502 1948 tibi
1523 1923 1598 1964 per
1614 1923 1683 1949 me

127 1964 257 2006 liceat
275 1965 502 2020 quemdam
524 1965 577 2006 de
599 1965 751 2006 exsilio
772 1965 996 2015 reducere3
1028 1964 1296 2019 adjurasque,
1315 1964 1359 2004 id
1376 1971 1432 2014 te,
1451 1964 1584 2006 invito
1601 1980 1683 2017 me,

126 2035 214 2063 non
234 2035 328 2063 esse
350 2021 585 2063 facturum:
617 2021 748 2077 idque
771 2020 797 2062 a
816 2035 883 2062 me
905 2021 1121 2076 impetras.
1182 2019 1297 2067 Quid
1318 2019 1429 2061 enim
1460 2036 1527 2062 me
1555 2021 1684 2063 inter-
1702 2027 1757 2068 85

171 2136 224 2166 53.
250 2135 324 2166 Cum
348 2135 393 2168 M.
413 2134 540 2176 Crasso]
585 2135 664 2166 Cum
688 2134 740 2165 illo
759 2134 882 2171 Crasso,
927 2144 994 2166 sare
1011 2134 1138 2175 scripta.

129 2179 253 2208 homine
266 2178 427 2214 ditissimo,
440 2179 495 2219 qui
509 2178 600 2218 periit
612 2178 642 2207 in
656 2177 790 2213 Parthis,
806 2178 884 2208 rnul-
969 2179 1022 2208 72.
1048 2177 1177 2207 Liby-arii
1192 2176 1309 2218 mauu]
1335 2176 1462 2219 Scriptae
1476 2183 1562 2209 erant
1577 2178 1596 2208 ῖι
1610 2179 1682 2210 scri-

129 2227 168 2252 tae
196 2226 228 2251 et
254 2231 362 2262 graves
386 2221 510 2252 fuerunt
534 2221 678 2252 Ciceroni
701 2221 881 2259 iniuuicitiae,
928 2220 968 2250 bii
983 2221 1046 2251 sive
1063 2220 1255 2250 amanuensi.

131 2264 205 2305 quia
228 2274 297 2294 euin
321 2263 542 2304 conjurationis
565 2274 635 2294 curn
658 2263 793 2294 Catilina
814 2264 886 2294 insi·
974 2263 1025 2294 Ib.
1048 2262 1117 2293 Jam
1132 2264 1243 2293 invideo
1256 2264 1391 2304 magistro
1402 2263 1479 2303 tua]
1535 2264 1606 2296 Hoc
1621 2265 1683 2295 fes-

133 2307 284 2344 mulavit3
307 2307 361 2336 sed
375 2312 490 2343 tamen,
502 2313 628 2347 propter
640 2306 746 2342 filium,
758 2306 810 2346 qui
823 2311 886 2336 stu·
931 2306 1005 2341 tive,
1019 2311 1050 2337 et
1066 2306 1250 2336 mordaciter
1266 2307 1376 2336 dicitur
1387 2306 1418 2337 in
1431 2306 1615 2337 Antonium.

135 2350 256 2380 diorum
272 2350 365 2380 causa
381 2350 564 2380 Ciceronem
580 2349 801 2386 assectabantur,
817 2359 886 2380 curn
974 2352 1025 2379 84.
1051 2349 1207 2383 Quemdam
1223 2350 1257 2379 de
1271 2349 1392 2389 exsilia]
1425 2349 1594 2380 Exsulabat
1609 2355 1681 2381 tunc

137 2403 175 2424 eo
191 2393 408 2424 reconciliatus
424 2398 480 2423 est.
932 2393 1043 2423 Sextus
1059 2391 1199 2427 Clodius,
1218 2391 1322 2422 Publii
1337 2391 1428 2429 filius,
1443 2393 1483 2423 de
1499 2403 1561 2434 quo
1583 2394 1682 2424 credi-

177 2438 228 2466 66.
254 2435 410 2472 Mustellae,
429 2435 558 2478 Tironi.]
601 2435 698 2465 Erant
721 2435 753 2465 hi
766 2433 887 2475 [adula-
931 2436 996 2466 bile
1011 2440 1058 2466 est
1072 2434 1157 2476 loqui
1171 2435 1363 2466 Ciceronem.

136 2483 221 2509 tores
249 2478 391 2515 Antonii,
427 2479 537 2514 sicarii,
575 2479 693 2509 indocti
737 2478 888 2514 homines,
976 2478 1024 2509 Ib.
1049 2477 1258 2519 Acljurasque]
1282 2477 1435 2519 Adjurare
1448 2482 1495 2509 est
1506 2477 1681 2519 juramento

136 2521 250 2562 quibus
277 2521 395 2552 tantum
424 2523 535 2553 doctus
564 2527 596 2552 et
632 2521 762 2552 disertus
789 2521 889 2552 videri
932 2522 1006 2564 quid
1022 2522 1212 2551 confirmare.

137 2569 270 2604 poterat.
972 2567 1023 2595 85.
1049 2563 1128 2599 Quid
1143 2564 1430 2604 meinai-ponerem]
1487 2563 1598 2594 Cicero
1627 2574 1683 2604 pe-

181 2609 236 2637 ¹71.
256 2607 305 2638 An
325 2608 514 2650 chirographo
525 2608 552 2649 ?]
599 2607 707 2638 Solent
731 2607 886 2648 cliirogra·
929 2609 1008 2639 tenti
1023 2607 1160 2638 Antonio
1183 2607 1282 2637 noluit
1303 2607 1454 2642 resistere,
1470 2607 1543 2646 quia
1566 2607 1684 2637 sciebat

139 2648 236 2690 phum
250 2651 408 2691 appellare
422 2651 575 2692 quidquid
592 2661 684 2682 manu
700 2651 852 2682 scribitur.
931 2652 970 2681 ab
985 2661 1023 2681 eo
1043 2650 1254 2681 reducendum
1279 2660 1346 2679 esse
1363 2648 1521 2687 Clodium,
1539 2649 1591 2690 qui
1614 2649 1683 2690 lege

183 2691 233 2724 Ib.
268 2692 423 2724 Scientiam
459 2694 672 2735 quaestuosam.]
733 2693 774 2724 Id
812 2693 889 2724 dicit
932 2693 996 2724 lata
1020 2693 1039 2723 a
1055 2692 1177 2723 Caesare
1199 2692 1265 2733 jam
1289 2691 1484 2724 reducendus
1507 2698 1593 2734 erat,
1616 2703 1685 2734 quae

141 2739 267 2776 propter
281 2740 351 2766 acta
363 2736 503 2774 Caesaris,
514 2737 602 2778 cujus
615 2747 739 2768 manum
755 2736 891 2768 imitatus
934 2737 984 2770 lex
998 2737 1031 2770 in
1045 2736 1112 2779 ejus
1128 2735 1203 2768 actis
1215 2739 1336 2776 reperta
1348 2739 1406 2767 est.

144 2777 239 2811 multa
253 2778 428 2821 proferebat
440 2779 608 2828 Antonius,
620 2785 777 2823 tamquam
791 2789 808 2813 a
824 2779 893 2813 Cae-
