1838 3017
698 142 956 177 rrumpere«
982 143 1030 176 11.
1643 142 1727 188 423

91 221 258 264 tabulas
290 220 639 264 innumerabilem
667 222 893 278 pecuniam
924 220 1213 277 dissipavisti3
1245 220 1299 263 ad
1323 233 1449 277 quem
1470 219 1495 261 ὲ
1516 221 1645 265 domo

90 277 274 321 Caesaris
304 287 392 322 tam
422 279 556 320 multa
587 279 730 320 delata
761 286 885 328 sunt;
928 279 1050 335 cujus
1084 279 1237 320 domus
1274 275 1713 336 quaestuosissimaGO

89 345 156 378 est
177 337 377 378 falsorum
397 335 797 378 commentariorum
820 343 863 376 et
885 335 1264 391 chirographorum
1296 334 1489 385 officina3
1518 349 1643 391 agro-

89 407 194 444 rum,
254 393 507 449 oppidorum
567 392 898 442 immunitatum,
948 391 1240 448 vectigalium,
1294 391 1642 448 flagitiosissimae

0 479 1 484 ,
40 472 45 492 ;
87 449 302 491 nundinoe.
364 449 535 491 Etenim
573 464 668 504 quui
701 464 765 490 res
797 448 980 504 egestati
1013 455 1056 490 et
1085 448 1153 489 aeri
1185 449 1326 489 alieno
1359 457 1448 498 tuo,
1489 456 1642 504 praeter

86 513 267 547 mortem
310 505 508 562 Caesaris,
548 505 771 547 subvenire
811 504 1051 561 potuisset?
1121 504 1281 546 Nescio
1322 504 1425 560 quid
1466 513 1640 546 contur-

84 561 210 603 batus
232 576 327 604 esse
350 562 454 603 mihi
475 562 651 603 videris:
689 562 896 617 numquid
929 561 1152 610 subtimes,
1185 575 1238 602 ne
1269 560 1323 601 ad
1354 568 1395 601 te
1428 559 1509 601 hoc
1539 560 1636 602 scri·
1651 557 1706 598 65

86 632 183 659 men
211 619 421 675 pertinere
442 619 658 660 videatur?
694 618 842 659 Libero
864 627 905 658 te
927 625 1064 668 metu;
1095 631 1221 657 nemo
1250 617 1398 657 credet
1427 631 1635 671 uuquam:

44 701 51 707 ·
83 689 171 716 non
191 682 259 716 est
278 684 398 717 tuum
420 675 472 716 de
495 674 713 730 republica
735 673 844 714 bene
866 673 1035 713 mereri:
1067 672 1198 713 habet
1219 673 1343 713 istius
1364 672 1638 742 pulcherrimi

85 730 188 772 facti
206 732 465 774 clarissimos
480 731 591 772 viros
609 729 852 786 respublica
868 736 1086 770 auctores:
1110 742 1190 784 ego
1207 736 1250 770 te
1267 736 1433 769 tantum
1450 729 1637 784 gaudere

83 787 197 836 dico,
229 788 383 829 fecisse
412 802 496 829 non
525 801 671 842 arguo.
730 785 954 841 Respondi
985 785 1182 826 maximis
1214 785 1491 827 criminibus:
1523 800 1638 828 nunc

85 844 214 885 etiam
235 844 411 900 reliquis
432 842 779 898 respondendum
799 849 879 883 est.
1649 840 1707 880 70

139 899 240 942 VII.
272 899 426 941 Castra
445 899 549 940 mihi
569 898 781 954 Pompeii,
798 906 926 953 atque
946 912 1070 940 omne
1092 898 1198 939 illud
1216 904 1399 954 tempus,
1417 898 1637 954 objecisti;

81 971 167 1013 quo
189 956 365 1013 quidem
385 963 590 1012 tempore,
613 955 649 996 si
680 959 747 1007 (ut
774 955 882 1005 dixi)
912 969 1054 996 meum
1075 954 1299 996 consilium
1320 956 1637 1011 auctoritasque

81 1013 299 1065 valuisset,
316 1020 364 1055 tu
384 1013 513 1055 hodie
535 1027 697 1068 egeres,
714 1026 793 1053 nos
814 1011 934 1052 liberi
955 1026 1171 1053 essemus:
1204 1011 1446 1081 respublica
1466 1026 1551 1053 non
1572 1020 1639 1054 tot

82 1069 215 1111 duces
236 1077 279 1111 et
299 1069 510 1111 exercitus
531 1069 760 1110 amisisset.
796 1107 799 1111 ,
819 1067 974 1110 Fateor
993 1068 1121 1118 enim,
1144 1083 1226 1119 me,
1243 1082 1341 1109 cum
1363 1082 1426 1117 ea,
1448 1083 1545 1124 quae
1565 1083 1641 1109 ac-

82 1126 294 1177 ciderunt,
310 1126 576 1182 providerem
600 1126 754 1176 futura,
773 1125 895 1166 tant-21
916 1125 959 1165 in
982 1124 1189 1166 moestitia
1208 1124 1356 1174 fuisse,
1376 1125 1540 1180 quant-21
1561 1140 1637 1166 cae-

81 1182 161 1224 teri
183 1183 333 1238 optimi
354 1183 482 1234 cives,
505 1183 540 1223 si
563 1182 674 1223 idem
691 1181 994 1238 providissent,
1013 1181 1207 1222 fuissent.
1268 1182 1501 1232 Dolebam,
1519 1182 1638 1223 dole-

80 1239 197 1291 bam,
221 1239 334 1292 P‚,C.
355 1238 676 1295 rempublicam,
696 1238 847 1279 vestris
868 1238 1087 1294 quondam
1107 1237 1300 1293 meisque
1323 1237 1514 1279 consiliis
1536 1253 1657 1280 con-1

37 1324 39 1326 -
79 1290 305 1347 serratam,
326 1296 442 1337 brevi
463 1303 653 1351 tempore
675 1309 769 1336 esse
790 1294 1033 1350 perituram.
1094 1294 1248 1350 Neque
1269 1293 1369 1335 vero
1400 1309 1515 1335 eram
1549 1303 1640 1337 tam

80 1351 283 1394 indoctus
304 1352 561 1409 ignarusque
592 1366 744 1402 rerum,
778 1358 826 1392 ut
855 1351 1071 1407 frangerer
1091 1350 1233 1391 animo
1254 1357 1426 1406 propter
1447 1351 1545 1392 vitae
1566 1367 1639 1393 cu-

79 1408 322 1464 piditatem,
331 1424 427 1466 quae
435 1423 517 1460 me,
525 1423 720 1459 manens,
729 1408 960 1449 conficeret
970 1407 1218 1464 angoribus,
1227 1408 1419 1459 dimissa,
1430 1408 1636 1450 molestiis
1652 1405 1708 1448 10

81 1465 280 1506 omnibus
300 1466 514 1507 liberaret.
575 1464 681 1519 Illos*
711 1479 792 1521 ego
819 1463 1198 1520 praestantissimos
1219 1463 1348 1515 viros,
1377 1463 1540 1506 lumina
1561 1465 1641 1507 rei-

78 1521 279 1577 publicae,
307 1522 447 1563 vivere
468 1521 678 1572 volebam,
708 1529 775 1562 tot
803 1521 1065 1570 consulares,
1098 1527 1162 1562 tot
1191 1521 1429 1577 praetorios,
1461 1528 1527 1562 tot
1556 1522 1634 1564 ho-

78 1578 349 1619 nestissimos
371 1585 604 1628 senatores,
627 1592 797 1618 omnem
816 1576 1022 1633 praetere-<i
1042 1577 1190 1618 florem
1220 1577 1458 1618 nobilitatis
1490 1593 1540 1619 ac
1563 1580 1634 1634 j-u-

77 1634 282 1686 venturis,
299 1641 390 1676 tuin
407 1634 660 1691 optimorum
680 1634 838 1675 civium
854 1634 1087 1675 exercitus:
1121 1633 1194 1689 qui
1213 1634 1249 1675 si
1266 1633 1471 1685 viverent,
1486 1649 1637 1690 quam-

79 1692 143 1731 vis
164 1691 314 1747 iniqua
336 1691 583 1733 conditione
605 1691 741 1746 pacis,
763 1690 885 1746 (mihi
916 1690 1029 1731 enim
1050 1705 1133 1746 pax
1165 1690 1303 1731 omnis
1335 1705 1431 1732 cum
1464 1691 1634 1733 civibus
1655 1689 1708 1730 {5

18 1756 26 1760 “
77 1747 194 1789 bello
212 1748 328 1789 civili
346 1747 490 1789 utilior
507 1748 747 1798 videbatur)
764 1747 1070 1803 rempublicam
1087 1746 1216 1788 hodie
1234 1754 1487 1789 teneremus.
1524 1749 1633 1797 Quae

79 1805 294 1847 sententia
311 1804 347 1847 si
357 1804 636 1857 valuisset,ac
650 1804 781 1847 nonii
799 1802 982 1846 maxime
998 1803 1118 1856 mihi,
1130 1818 1310 1860 quorum
1327 1804 1513 1861 egovitae
1532 1820 1637 1847 con—

1679 1120 1708 1161 ΕΠ

733 1960 745 1985 s
756 1963 984 2003 accusatio.

121 2134 173 2162 59.
197 2132 245 2162 Aa
267 2143 349 2172 quem
372 2131 388 2163 ἒ
411 2133 492 2163 domo
511 2132 659 2173 Caesavtz]
705 2132 833 2162 Mortuo
877 2131 991 2167 tonius,
1008 2130 1104 2172 quud,
1129 2129 1312 2172 Pompeium
1330 2139 1471 2172 secutus,
1488 2136 1592 2168 omnia
1608 2137 1639 2168 in

77 2173 214 2211 Caesare,
225 2185 333 2206 omnes
346 2179 412 2216 ejus
423 2176 513 2207 amici
525 2178 564 2206 ad
576 2175 747 2205 Antonium
760 2185 833 2205 con·
875 2175 981 2205 castris
998 2175 1223 2214 perturbasset:
1246 2176 1329 2215 quod
1348 2178 1475 2210 refutat.

76 2217 232 2258 fugerunt,
257 2219 297 2249 ad
323 2229 414 2260 quem
440 2225 471 2249 et
495 2218 676 2259 Calpurnia,
701 2217 833 2249 Caesaris
919 2220 951 2248 3.
997 2216 1055 2247 Nos
1077 2218 1160 2248 liberi
1185 2219 1330 2259 essemus]
1380 2221 1461 2252 Cirm
1485 2223 1517 2253 in
1540 2228 1640 2254 castra

74 2271 162 2299 uxor,
176 2261 315 2292 relictam
331 2263 370 2292 ab
387 2272 425 2293 eo
439 2262 604 2302 pecuniam
622 2261 743 2292 detulit.
877 2259 1022 2301 Pompeii
1039 2262 1175 2291 venisset
1191 2260 1315 2298 Cicero,
1327 2262 1435 2304 ibique
1452 2266 1557 2296 omnia
1569 2276 1639 2307 per-

121 2305 173 2334 61.
219 2303 373 2335 Falsorum
394 2304 688 2344 commentariorum]
737 2304 836 2334 Anto·
879 2303 1000 2334 turbate
1017 2309 1191 2344 agerentur,
1214 2306 1311 2334 suasit
1326 2316 1451 2346 pacem,
1476 2309 1539 2350 qua
1555 2319 1640 2339 com·

75 2345 146 2377 nius
158 2347 346 2378 adulteravit
357 2349 487 2379 Caesaris
500 2347 836 2388 commentarios,qu0s
879 2346 994 2387 positi),
1010 2346 1139 2387 pristina
1153 2347 1335 2388 reipublicae
1350 2349 1477 2382 libertas
1498 2352 1643 2383 restitue·

79 2389 119 2420 ad
137 2389 294 2421 arbitrium
310 2402 398 2422 suum
416 2391 554 2431 protulit.
880 2395 972 2420 retur.

119 2434 173 2464 68.
211 2434 389 2465 Clarissimos
413 2434 519 2475 viros]
566 2433 707 2469 Brutum,
732 2432 836 2465 Cassi·
924 2432 973 2463 Ib.
997 2431 1051 2462 Tot
1066 2433 1177 2475 duces]
1224 2432 1263 2464 ln
1287 2433 1341 2464 illo
1363 2435 1446 2466 civili
1462 2437 1545 2468 bello
1561 2448 1641 2479 pra:-

75 2485 141 2510 um.
157 2481 189 2506 et
203 2476 280 2508 alios
303 2477 526 2519 conjurationis
541 2476 574 2507 in
589 2476 743 2508 Caesarem
760 2486 833 2506 auc·
876 2475 1054 2506 stantissimi
1079 2476 1135 2506 viri
1159 2477 1336 2516 perierun1;
1375 2478 1548 2521 Pompeius
1582 2481 1642 2511 sci-

77 2522 170 2548 tores.
875 2518 962 2555 licet,
979 2518 1071 2555 Cato,
1089 2519 1246 2555 Petreius,
1262 2525 1294 2550 et
1310 2520 1472 2554 Afranius.

119 2560 170 2592 Ib.
195 2561 322 2594 Tantilm
335 2563 491 2605 gaudem]
525 2563 600 2594 Erat
615 2573 669 2594 cur
684 2563 835 2604 gauderet
921 2565 975 2592 11.
999 2561 1253 2592 Proestantissimos
1279 2564 1382 2605 viros]
1429 2565 1481 2595 De
1510 2565 1569 2595 illis
1597 2565 1642 2595 lo·

75 2603 235 2636 Antonius
258 2606 299 2636 de
324 2612 420 2637 morte
437 2606 580 2641 Caesaris,
596 2606 670 2647 quia
686 2607 834 2636 maximos
878 2605 992 2646 quitur,
1008 2605 1063 2645 qui
1080 2605 1111 2635 in
1129 2605 1195 2635 acie
1211 2605 1392 2637 Pharsalica
1408 2608 1578 2647 perierunt.

76 2657 114 2677 ex
129 2647 168 2677 eft
183 2647 298 2679 fructus
314 2655 347 2680 et
362 2649 513 2680 utilitates
530 2655 726 2690 perceperat.
749 2648 833 2678 Hinc
923 2649 976 2678 15.
1000 2646 1106 2687 Iniqua
1119 2648 1284 2679 conditione
1303 2649 1410 2690 pacis]
1457 2649 1643 2691 Optandum

75 2690 216 2720 exhausit
228 2691 381 2728 marium,
396 2692 578 2723 adulteratis
593 2690 834 2727 commentariis,
878 2689 987 2720 fuisset
1014 2689 1119 2731 potius
1151 2691 1190 2721 ad
1219 2691 1374 2722 coesarem
1404 2702 1469 2723 rem
1501 2693 1644 2730 rediisse,

73 2733 164 2763 dedit
179 2734 353 2774 provincias
368 2735 480 2775 quibus
496 2735 607 2774 voluit,
623 2735 682 2766 &c.
879 2743 973 2774 quam
990 2737 1036 2762 tot
1050 2733 1130 2764 viros
1147 2735 1291 2774 egregios
1311 2733 1453 2774 periisse.

122 2780 152 2808 1.
176 2776 281 2808 Castra
294 2776 450 2819 Pompeii]
472 2777 600 2818 objecit
613 2777 758 2809 Cioeroni
769 2775 835 2808 An·
924 2777 974 2807 17.
1011 2776 1056 2806 Ae
1069 2787 1124 2807 non
1141 2778 1163 2807 ii
1177 2775 1327 2818 murima]
1353 2776 1526 2820 Pompeius
1542 2784 1575 2811 et
1591 2779 1646 2810 Ci-
