1838 3017
684 134 746 167 DE
768 132 993 166 AMICITIA.
1549 133 1636 178 495

72 210 267 252 homines
285 224 356 252 sus
390 210 567 261 icentur,
583 211 752 253 videtis.
786 211 884 252 Hoc
899 218 1044 252 tamen
1060 208 1157 251 vert»,
1178 208 1280 250 licet
1296 208 1452 260 dicere,
1474 209 1525 251 P.
1544 211 1638 252 Sci-

76 266 212 322 pioni,
226 282 277 308 ex
292 224 438 308 muptss
454 267 620 318 diebus,
633 283 740 323 quos
758 268 801 308 in
815 267 905 308 vitii
919 267 1213 309 celeberrimos
1232 265 1562 322 laetissimosque
1579 267 1640 307 vi-

78 324 201 372 derit,
220 324 339 365 illum
360 323 472 364 diem
487 324 770 365 clarissimum
793 324 939 374 fuisse,
958 339 1059 379 quo,
1081 330 1230 364 senatu
1251 322 1442 372 dimisso,
1465 323 1641 364 domum

79 380 282 421 reductus
296 380 349 420 ad
366 395 586 435 vesperum
609 389 674 422 est
694 380 719 421 a
739 381 930 437 patribus
951 380 1223 435 conscriptis,
1247 378 1269 419 ῖι
1293 379 1438 435 populi
1456 378 1642 420 Romani

82 436 214 478 sociis
236 444 279 477 et
297 436 469 486 Latinis,
487 437 620 492 pridie
639 437 767 493 qnam
785 437 973 478 excessit
989 435 1011 477 ὸ
1029 436 1138 486 vitiu
1161 443 1206 476 ut
1222 450 1274 476 ex
1292 443 1379 475 tam
1397 436 1485 476 alto
1503 435 1644 491 digni-

81 491 182 533 tatis
205 493 337 548 gradu
353 493 407 533 ad
426 508 603 548 superos
622 494 813 534 videatur
829 494 931 534 deos
954 492 1110 548 potii1S,
1135 491 1264 547 qnam
1282 491 1335 531 ad
1357 491 1528 542 inferos,
1553 505 1646 547 per-

81 549 270 590 venisse:
289 563 427 604 neque
438 549 550 590 enim
561 550 769 590 assentior
784 549 933 605 iis,qui
949 550 1183 603 haecnuper
1192 548 1398 588 disserere
1407 553 1646 602 coeperunt,

84 619 182 645 cum
198 606 447 660 corporibus
464 605 591 646 simul
608 606 772 647 animos
794 605 978 654 interire,
1000 612 1127 660 atque
1145 604 1288 644 omnia
1304 612 1438 643 morte
1455 603 1604 644 deleri.

141 660 216 701 IV.
252 661 355 702 Plus
389 663 502 718 apud
536 677 603 704 me.
632 663 902 717 antiquorum
924 660 1155 701 auctoritas
1173 660 1301 710 valet,
1322 659 1388 699 vel
1409 665 1651 700 nostrorum

86 718 294 772 majorum
315 718 406 773 (qui
429 720 608 759 mortuis
630 726 717 759 tam
739 717 936 773 religiosa
950 718 1047 771 jura
1066 714 1325 756 tribuerunt?
1345 715 1459 770 quod
1481 730 1567 756 non
1588 715 1654 756 fe-

88 774 249 815 cissent
265 774 476 830 profectb,
493 774 529 814 si
546 774 651 814 nihil
668 774 722 814 ad
740 787 813 814 eos
830 772 1040 829 pertinere
1059 771 1393 822 arbitrarentur),
1411 772 1477 812 vel
1491 785 1653 822 eorum,

120 831 162 871 ui
191 829 233 870 in
262 830 346 871 hac
373 830 483 871 terra
513 831 699 881 suerunt,
730 844 1016 885 magnamque
1049 828 1258 868 Graeciam
1289 831 1404 882 (quae
1424 842 1538 869 nunc
1560 828 1654 883 qui-

89 846 186 926 dem
199 885 343 927 deleta
360 894 439 937 est,
457 893 548 926 tum
562 887 758 936 florebat)
773 886 982 926 institutis
996 891 1040 926 et
1051 884 1278 940 praeceptis
1292 884 1380 925 suis
1391 885 1655 934 erudierunt;

90 942 158 983 vel
173 942 279 997 ejuS,
296 942 366 998 qui
378 943 595 997 Apollinis
609 943 781 984 oraculo
796 941 1137 998 sapientissimus
1152 940 1465 994 estjudicatus3
1483 940 1656 996 quinon

95 1005 187 1039 tum
205 998 302 1048 hoc,
320 1006 409 1039 tum
427 999 547 1050 illud,
566 1006 612 1039 ut
633 999 676 1039 in
698 999 927 1054 plerisque,
949 998 1024 1039 sed
1046 998 1161 1038 idem
1175 997 1348 1038 dicebat
1364 1011 1544 1052 semper,
1566 996 1658 1037 ani-

99 1069 191 1096 mos
212 1054 433 1096 hominum
449 1070 543 1096 esse
561 1055 728 1096 divinos
743 1055 896 1110 iisque,
917 1054 1014 1095 cum
1036 1054 1059 1095 ὲ
1081 1067 1255 1108 corpore
1277 1055 1578 1104 excessissent,
1595 1067 1660 1093 re-

94 1111 231 1152 ditum
244 1111 289 1151 in
303 1112 460 1152 coelnm
471 1118 631 1167 patere,
647 1112 892 1168 optimoque
908 1110 1204 1166 etjustissimo
1220 1110 1373 1165 cuique
1387 1109 1661 1164 expeditissi-

94 1182 231 1208 mum:
262 1168 379 1223 quod
402 1169 503 1209 item
527 1168 719 1224 Scipioni
741 1168 980 1218 videbatur,
1002 1167 1075 1222 qui
1097 1166 1286 1221 quidem,
1308 1165 1432 1221 quasi
1463 1166 1662 1220 praesagi-

94 1231 173 1271 ret,
191 1224 415 1279 perpaucis
437 1233 535 1265 ante
558 1231 734 1265 mortem
752 1224 918 1274 diebus,
937 1223 1053 1276 (cum
1072 1229 1114 1263 et
1136 1222 1285 1262 Philus
1303 1229 1346 1262 et
1363 1221 1569 1262 Manilius
1587 1222 1662 1262 ad·

45 1287 256 1330 „essenss
279 1286 322 1320 et
341 1280 411 1321 alii
444 1281 601 1336 plures,
624 1287 756 1336 tuque
779 1279 909 1321 etiam
932 1279 1141 1329 Scaevola,
1172 1293 1340 1318 mecum
1361 1278 1570 1329 venisses)
1593 1277 1665 1318 tri-

98 1336 230 1377 duum
248 1336 448 1377 disseruit
467 1337 519 1376 de
537 1336 777 1392 republica:
801 1337 923 1392 cujus
942 1334 1246 1391 disputationis
1263 1334 1341 1374 fuit
1357 1343 1593 1375 extremum
1604 1334 1666 1375 fe-

97 1390 142 1433 τὲ
173 1393 225 1434 de
257 1392 577 1433 immortalitate
608 1393 870 1444 animorum3
913 1407 1009 1448 quae
1041 1407 1085 1432 se
1117 1391 1161 1431 in
1192 1390 1336 1446 quiete
1357 1406 1432 1446 per
1451 1390 1589 1431 visum
1611 1403 1666 1431 ex

99 1448 304 1490 Africano
325 1448 496 1490 audisse
513 1449 700 1490 dicebat.
744 1449 794 1490 Id
811 1448 846 1490 si
865 1449 924 1489 ita
941 1455 1021 1499 est,
1041 1455 1089 1488 ut
1110 1447 1257 1503 optimi
1275 1448 1483 1502 cujusque
1499 1446 1667 1487 animus

98 1504 143 1545 in
165 1511 299 1546 morte
320 1505 524 1547 facillime
546 1506 700 1556 evolet,
722 1511 937 1560 tamquam
958 1504 981 1545 ὲ
1003 1503 1203 1545 custodi-21
1223 1503 1491 1558 vinculisque
1513 1517 1668 1557 corpo-

101 1560 178 1611 ris;
210 1561 280 1602 cui
317 1576 542 1602 censemus
576 1576 746 1602 cursum
767 1562 821 1602 ad
843 1562 948 1602 deos
981 1560 1214 1601 faciliorem
1242 1559 1389 1609 fuisse,
1423 1558 1553 1614 quam
1576 1558 1669 1599 Sci-

100 1616 244 1673 pioni?
290 1617 506 1665 Quocirca
526 1632 702 1658 moerere
721 1619 805 1658 hoc
826 1618 918 1673 ejus
938 1623 1107 1664 eventu,
1130 1630 1278 1656 vereor
1298 1630 1350 1656 ne
1373 1615 1506 1655 invidi
1529 1612 1668 1669 magis

105 1673 235 1728 quam
257 1673 381 1715 amici
401 1674 471 1714 sit.
527 1673 604 1714 Sin
624 1680 765 1715 autem
785 1674 859 1714 illa
879 1673 1056 1724 veriora,
1077 1680 1125 1713 ut
1144 1672 1258 1712 idem
1279 1671 1476 1712 interitus
1499 1671 1556 1711 sit
1575 1670 1670 1711 ani-

104 1743 271 1770 morum
302 1737 346 1771 et
376 1744 613 1786 corporum,
644 1745 724 1771 nec
755 1730 866 1771 ullus
888 1743 1040 1770 sensus
1061 1735 1256 1777 maneat3
1287 1735 1334 1768 ut
1357 1727 1462 1768 nihil
1480 1727 1583 1768 boni
1605 1732 1672 1767 est

109 1785 153 1826 in
174 1793 324 1837 morte,
346 1786 409 1826 sic
432 1786 547 1827 certe
570 1787 675 1827 nihil
697 1786 823 1827 mali:
855 1801 984 1827 sensu
1005 1785 1118 1826 enirn
1138 1785 1310 1832 amisso,
1327 1784 1377 1824 fit
1397 1783 1527 1832 idem,
1548 1782 1673 1839 quasi

106 1849 233 1882 natus
255 1856 341 1883 non
362 1849 477 1884 esset
496 1843 693 1884 omnino:
727 1857 854 1899 quem
889 1849 1033 1882 tamen
1065 1855 1159 1882 esse
1181 1847 1327 1881 natum
1350 1847 1393 1881 et
1413 1854 1490 1881 nos
1513 1839 1674 1895 gaude-

107 1912 217 1949 mus,
246 1905 290 1939 et
319 1898 411 1940 haec
431 1898 597 1950 civitas,
619 1899 721 1939 dum
743 1899 834 1950 erit,
856 1898 1082 1939 laetabitur.
1143 1897 1448 1948 Quamobrem,
1479 1911 1577 1937 cum
1597 1896 1672 1937 illo

109 1954 299 2010 quidem,
330 1962 378 1995 ut
404 1954 533 2010 supra
553 1955 658 2006 dixi,
680 1962 824 1995 actum
847 1954 1006 2009 optime
1029 1960 1120 2003 est;
1150 1967 1318 1993 mecum
1338 1951 1675 2002 incommodius3

110 2025 238 2066 quem
268 2010 406 2052 fuerat
435 2011 614 2066 aequius,
644 2017 692 2050 ut
718 2011 833 2065 prius
854 2010 1112 2060 introieram,
1133 2009 1197 2049 sic
1217 2010 1333 2064 prins
1354 2008 1469 2049 exire
1491 2009 1544 2049 de
1565 2006 1673 2048 vita:

113 2067 188 2107 sed
210 2073 351 2108 tamen
371 2067 666 2108 recordatione
689 2073 843 2107 nostrae
865 2065 1065 2106 amicitiae
1087 2066 1148 2106 sic
1169 2065 1296 2115 fruor,
1313 2071 1361 2104 ut
1377 2063 1501 2105 beate
1517 2063 1676 2104 vixisse

113 2123 272 2174 videar,
294 2123 392 2179 quia
412 2138 510 2164 cum
530 2122 734 2178 Scipione
755 2122 956 2172 vixerim,
987 2136 1175 2177 quocum
1198 2120 1300 2160 mihi
1322 2121 1555 2176 conjuncta
1575 2134 1678 2161 cura.

117 2180 170 2220 de
191 2194 233 2220 re
255 2179 428 2235 public-21
450 2187 493 2220 et
509 2179 562 2220 de
578 2178 745 2235 privata
766 2179 861 2229 fuit,
875 2193 960 2234 quo
978 2192 1075 2218 cum
1096 2184 1140 2218 et
1160 2177 1312 2218 domus
1327 2183 1370 2217 et
1389 2176 1541 2218 militia
1561 2190 1680 2217 com-

117 2235 285 2286 munis3
318 2243 361 2277 et
392 2235 450 2286 id,
482 2235 526 2276 in
554 2250 640 2291 quo
661 2243 728 2276 est
747 2235 885 2276 omnis
906 2235 970 2275 vis
992 2233 1209 2284 amicitiae,
1230 2234 1512 2284 voluntatum,
1540 2231 1679 2274 studi-

119 2306 254 2342 orum,
278 2292 599 2342 sententiarum‚
620 2306 784 2332 summa
805 2291 1046 2332 consensio.
1107 2290 1258 2345 Itaque
1283 2304 1367 2330 non
1398 2296 1486 2331 tam
1508 2289 1592 2330 ista
1610 2303 1679 2329 me

118 2349 354 2405 sapientiae,
372 2363 500 2404 quam
515 2347 645 2389 modo
656 2347 843 2389 Fannius
857 2347 1217 2397 commemoravit,
1230 2346 1345 2386 fama
1357 2347 1557 2394 delectat,
1571 2345 1682 2386 falsa

119 2404 368 2461 praesertim,
390 2403 521 2461 quam
538 2403 652 2460 quod
669 2404 869 2446 amicitiae
887 2411 1042 2445 nostrae
1056 2402 1302 2444 memoriam
1323 2417 1446 2458 spero
1462 2401 1683 2457 sempiter-

121 2475 220 2502 nam
242 2462 329 2503 fore
346 2477 354 2502 :
386 2461 516 2517 idque
536 2460 640 2501 mihi
663 2476 713 2503 eo
734 2462 871 2517 magis
889 2467 955 2502 est
975 2460 1108 2507 cordi,
1126 2458 1242 2515 quod
1259 2473 1313 2499 ex
1330 2459 1529 2500 omnibus
1549 2472 1684 2498 saecu·

124 2517 178 2558 lis
198 2517 269 2559 vix
289 2517 370 2559 tria
399 2525 474 2558 aut
503 2524 684 2573 quatuor
713 2519 986 2559 nominantur
1010 2515 1128 2573 paria
1149 2515 1405 2556 amicorum:
1439 2529 1523 2568 quo
1546 2513 1588 2553 in
1611 2527 1685 2568 ge·

122 2587 223 2615 nere
244 2588 411 2630 sperare
433 2574 577 2615 videor
599 2573 816 2631 Scipionis
838 2579 881 2614 et
903 2573 1020 2613 Laelii
1041 2572 1274 2614 amicitiam
1294 2578 1439 2613 notam
1461 2569 1686 2626 posterita-

121 2629 153 2669 ti
168 2629 267 2670 fore.
300 2632 519 2672 Fannius.
551 2630 670 2672 Istuc
683 2630 872 2687 quidem,
884 2629 1070 2680 Laeli,ita
1083 2643 1259 2670 necesse
1274 2636 1357 2669 est:
1380 2626 1471 2677 sed,
1484 2625 1688 2682 quoniam

123 2685 324 2728 amicitiae
344 2686 785 2740 mentionem-fecisti,
803 2693 847 2728 et
867 2700 1014 2728 sumus
1048 2685 1191 2736 otiosi,
1224 2689 1468 2741 pergratum
1497 2681 1598 2725 mihi
1629 2681 1689 2724 fe-
