1858 3095
656 135 709 170 m
729 134 989 171 CATILINAM
1011 137 1073 170 1v.

91 218 295 278 auspiciis
312 222 588 262 consecratus
595 230 607 266 3
638 229 726 257 non
742 214 874 266 curia,
888 229 1102 256 summum
1118 214 1324 257 auxilium
1339 214 1529 257 omnium
1546 223 1650 272 gen-

90 278 221 327 tium3
253 291 341 319 non
374 276 541 325 domus,
569 287 798 314 commune
835 271 1098 328 perfugium;
1131 288 1216 314 non
1256 274 1411 324 lectus,
1444 273 1499 313 ad
1531 273 1650 328 quie-

91 342 180 377 tem
198 335 351 385 datus;
379 346 466 374 non
486 330 673 386 denique
690 330 784 371 haec
804 329 928 370 sedes
945 329 1134 382 honoris,
1152 331 1256 372 sella
1273 329 1444 380 curulis,
1461 343 1650 385 unquam

90 407 228 434 vacua
263 389 409 433 mortis
448 387 640 444 periculo
679 393 808 449 atque
843 386 1013 427 insidiis
1048 387 1143 429 fuit.
1203 387 1298 443 Ego
1339 386 1474 428 multa
1515 385 1647 436 tacui,
1671 387 1722 428 15

90 450 228 491 multa
242 445 410 505 pertuli,
424 445 562 486 multa
575 457 787 494 concessi,
801 443 937 484 multa
953 457 1048 485 meo
1064 444 1252 500 quodam
1272 444 1433 491 dolore,
1448 443 1491 484 in
1505 449 1649 484 vestro

90 507 258 557 timore,
274 502 435 545 sanavi.
484 501 524 542 N
529 516 627 552 unc,
644 500 680 541 si
701 500 816 541 hunc
837 500 1001 542 exitum
1022 500 1268 542 consulatus
1290 499 1373 541 mei
1395 499 1454 541 dii
1476 499 1650 540 immor-

93 564 202 605 tales
217 575 312 603 esse
323 560 563 609 voluerunt,
578 565 626 600 ut
640 571 732 608 vos,
746 556 795 599 P.
812 556 862 599 C.
876 559 1167 614 populumque
1185 557 1445 608 Romanum,
1460 571 1513 598 ex
1530 556 1650 598 caede

90 617 260 669 misera,
273 617 483 673 conjuges
499 616 742 671 liberosque
756 621 936 666 vestros,
946 614 1220 671 virginesque
1233 613 1446 664 Vestales,
1461 628 1513 654 ex
1533 627 1651 654 acer-

90 673 271 718 bissima
297 673 548 724 vexatione3
579 672 740 728 templa
773 677 904 726 atque
944 671 1134 721 delubra,
1168 670 1280 712 hauc
1319 670 1650 727 pulcherrimam
1667 673 1723 714 20

86 731 268 790 patriam
298 730 489 772 omnium
517 730 728 779 nostrum,
750 740 803 768 ex
824 727 1064 768 foedissima
1084 727 1283 778 flammz⁶13
1320 734 1456 769 totam
1480 727 1650 770 Italiam

91 803 144 830 ex
162 789 278 830 bello
300 793 345 829 et
363 787 564 828 vastitate
585 785 815 841 eriperem3
847 799 1130 841 quaecumque
1152 784 1256 825 mihi
1285 785 1359 825 uni
1390 791 1652 848 proponetur

90 845 277 897 fortuna,
298 845 514 886 subeatur.

573 841 762 893 Etenim,
783 840 817 882 si
849 841 900 883 P.
923 841 1126 883 Lentulus
1159 856 1284 882 suum
1313 855 1471 883 nomen
1501 841 1651 882 induc-

90 909 170 945 tus‘
189 902 216 944 a
242 901 428 953 vatibus,
452 900 582 942 fatale
610 899 665 941 ad
695 897 927 955 perniciem
954 898 1203 955 reipublicae
1230 898 1322 940 fore
1353 898 1543 955 putavit3
1575 911 1652 940 cur

92 974 175 1017 ego
200 973 289 1001 non
315 959 448 1010 laeter,
472 971 615 1000 meum
642 956 914 997 consulatum
945 954 1000 997 ad
1032 957 1214 997 salutem
1241 955 1485 1011 reipublicae
1515 953 1649 1012 prope
1668 958 1725 999 25

90 1017 264 1059 fatalem
283 1015 532 1058 exstitisse?
593 1011 750 1064 Quare,
772 1012 823 1054 P.
845 1012 895 1054 C.
917 1013 1130 1055 consulite
1151 1012 1298 1063 vobis3
1330 1012 1561 1069 prospicite
1579 1027 1654 1068 pa-

91 1074 182 1116 triae
199 1091 211 1126 3
241 1079 491 1115 conservate
510 1086 602 1123 vos,
623 1071 847 1126 conjugeS‚
867 1069 1042 1121 liberos,
1058 1070 1336 1125 fortunasque
1356 1078 1545 1111 vestras:
1576 1083 1655 1125 po-

93 1130 184 1187 puli
204 1129 391 1172 Romani
419 1143 576 1170 nomen
597 1128 865 1183 salutemque
886 1127 1129 1169 defendite:
1161 1126 1285 1168 cmihi
1316 1142 1505 1183 parcere,
1528 1141 1579 1168 ac
1600 1126 1654 1168 de

96 1202 164 1230 me
185 1187 390 1244 cogitare,
411 1185 611 1230 desinite.
670 1183 783 1226 Nam
809 1183 994 1240 primum
1016 1184 1152 1226 debeo
1174 1198 1358 1242 sperare,
1379 1199 1527 1227 omnes
1549 1184 1655 1226 deos

713 1389 925 1432 13φηὶεθνενὶ
948 1389 1043 1428 mei.

142 1632 194 1662 12.
218 1630 294 1661 Non
306 1627 420 1669 cariffi]
466 1627 506 1658 In
529 1627 614 1658 curia
632 1627 777 1659 Ciceroni
801 1627 857 1658 mi-

99 1679 190 1705 natus
227 1677 275 1704 est
304 1671 459 1704 Catilina:
483 1671 578 1702 refert
614 1671 696 1702 enim
734 1671 858 1702 Plutar-

99 1718 187 1754 chus,
203 1721 268 1747 tum
293 1716 407 1746 dixisse
434 1714 615 1752 Catilinam,
640 1715 703 1745 duo
732 1725 799 1746 esse
822 1715 857 1745 in

99 1759 230 1801 Repub.
266 1768 407 1800 corpora,
433 1768 565 1799 quorum
594 1757 723 1788 alterum
761 1763 858 1799 caput

99 1804 240 1842 haberet,
263 1803 319 1833 sed
342 1811 478 1843 aegrum3
503 1801 634 1832 alterum
657 1801 723 1832 siue
744 1802 860 1842 capite,

100 1847 156 1878 sed
179 1852 292 1888 potens
311 1850 344 1876 et
366 1845 514 1882 validum,
539 1844 590 1876 cui
613 1854 646 1875 se
671 1845 741 1886 ipse
765 1851 861 1886 caput

100 1888 298 1931 adjungeret.

146 1935 197 1964 13.
222 1932 377 1963 Commune
384 1929 588 1972 perfugium]
617 1929 814 1966 Plutarchus,
829 1929 860 1960 in

102 1975 166 2006 vita.
182 1975 404 2012 Gracchorum,
417 1974 524 2012 refert,
540 1973 624 2015 quod
641 1974 725 2014 apud
742 1971 862 2004 Rorna-

105 2029 162 2050 nos
186 2024 317 2053 veteres,
342 2027 383 2048 ne
405 2017 438 2047 in
464 2017 591 2058 capitali
616 2017 744 2058 quidem
767 2016 863 2047 causa

102 2073 191 2092 reum
201 2060 287 2091 domi
299 2060 415 2091 licebat
431 2060 551 2098 facere3
571 2060 639 2095 sed,
651 2065 723 2090 ante
736 2059 863 2090 domum

105 2105 287 2140 consistens,
302 2112 404 2144 praeco
419 2102 494 2132 tuba
509 2112 580 2132 eum
596 2102 722 2132 citabat.

149 2147 201 2180 Ib.
227 2145 293 2178 Non
309 2147 405 2182 hctus,
418 2145 618 2186 adquietem]
659 2143 790 2186 Equites
801 2143 863 2174 duo

107 2190 257 2232 praemissi
291 2190 414 2220 fuerant
449 2187 467 2218 ῖῑ
500 2187 680 2228 conjuratis,
706 2193 741 2218 ut
774 2186 864 2217 mane

107 2233 292 2266 Ciceronem
307 2232 339 2263 in
354 2231 436 2262 lecto
451 2241 506 2262 suo
518 2231 746 2269 interficerent3
770 2230 864 2271 quare

107 2287 147 2308 ne
162 2277 193 2307 in
208 2277 291 2308 lecto
305 2274 432 2317 quidem
448 2275 570 2315 quietus
581 2273 652 2304 fuit.

151 2322 205 2350 14.
236 2319 314 2350 Sella
348 2317 487 2358 curulis]
540 2316 671 2348 Curules
691 2316 866 2358 ’magistra-

111 2368 160 2394 tus
184 2369 273 2394 erant
295 2361 451 2396 consules,
473 2370 628 2399 censores,
653 2364 810 2401 praetores,
834 2363 867 2389 et

109 2405 239 2444 aediles,·
261 2405 336 2436 hinc
364 2409 470 2435 autem
501 2403 663 2445 appellati,
691 2407 727 2433 ut
755 2401 865 2433 Festus

111 2447 168 2487 ait,
197 2449 270 2492 quia
305 2458 394 2480 curru
422 2447 626 2482 vehebantur,
653 2446 685 2476 in
708 2456 770 2487 quo
803 2449 869 2476 erat

111 2491 188 2523 sella
211 2493 358 2528 eburnea,
377 2490 428 2520 vel
450 2490 557 2520 saltem
579 2490 673 2520 ebore
697 2493 792 2526 tecta,
813 2499 868 2529 pe-

111 2535 201 2567 dibus
228 2534 373 2572 incurvis,
400 2533 451 2565 cui
479 2533 656 2563 insidebant
688 2531 736 2563 illi
771 2533 868 2573 magi-

110 2583 232 2610 stratus.

159 2622 211 2652 17.
235 2621 355 2652 Exitum
368 2619 562 2660 cumulatas]
588 2618 671 2656 Quia
682 2617 784 2649 Nonis
799 2617 866 2648 De-

114 2664 246 2696 cembris
266 2665 346 2695 hanc
369 2663 480 2694 habuit
501 2663 670 2694 orationem
692 2661 814 2697 Cicero,
834 2665 867 2692 et

115 2707 265 2738 Calendis
282 2706 302 2738 J
305 2707 436 2738 anuariis
447 2706 602 2747 designati
610 2705 752 2737 consules
771 2705 869 2745 magi-

115 2755 243 2780 stratum
267 2749 344 2780 inire
358 2750 529 2788 debebant,
544 2749 643 2782 exitus
667 2748 735 2791 ejus
759 2758 869 2782 consu-

113 2792 194 2826 latus
209 2791 402 2827 imminebat.
610 2798 613 2801 ’

946 1628 1000 1657 19.
1025 1625 1174 1667 Vestales]
1218 1624 1365 1657 Vestales
1380 1624 1455 1658 inde
1472 1624 1564 1656 dictae
1579 1629 1663 1663 sunt,

901 1669 986 1712 quod
1012 1670 1120 1701 Vestae
1144 1680 1243 1705 sacra,
1268 1674 1301 1700 et
1326 1670 1434 1711 ignem
1458 1668 1524 1710 ejus
1547 1679 1663 1711 perpe-

902 1719 1001 1750 tuum,
1017 1718 1171 1744 curarent.
1217 1712 1326 1754 Longe
1349 1718 1421 1743 ante
1435 1711 1572 1742 Romam
1587 1723 1663 1743 con-

902 1757 1001 1787 ditam
1018 1767 1124 1787 earum
1139 1756 1198 1786 fuit
1219 1756 1386 1794 institutio,
1404 1755 1429 1786 si
1452 1754 1580 1796 quidem
1603 1755 1662 1786 AE-

904 1810 991 1839 neas,
1021 1800 1148 1831 condito
1178 1799 1322 1837 Lavinio,
1348 1799 1393 1829 ibi
1422 1798 1530 1829 Vestae
1562 1799 1662 1829 aedern

905 1843 1096 1874 exstruxerit.
1142 1842 1318 1884 Dionysius
1344 1843 1388 1872 ait
1415 1841 1552 1872 Numam
1569 1841 1664 1872 Pom-

905 1887 1014 1928 pilium
1045 1887 1175 1927 primurn
1205 1886 1340 1916 omnium
1357 1885 1502 1916 Vestales
1530 1884 1664 1926 virgines

905 1929 1017 1960 Romae
1032 1929 1208 1960 instituisse.

950 1975 1002 2005 20.
1029 1974 1146 2012 Templa
1168 1978 1252 2012 atque
1272 1971 1419 2013 delubra]
1465 1971 1583 2011 Templa
1607 1969 1664 2012 (ex

906 2016 1050 2055 Donato)
1076 2016 1146 2046 loca
1175 2021 1246 2046 sunt
1274 2020 1382 2045 notata
1412 2015 1452 2044 ab
1480 2025 1608 2054 augure,
1633 2017 1665 2044 et

907 2059 966 2089 diis
1001 2064 1199 2089 consecrata:
1224 2059 1343 2089 delubra
1369 2057 1453 2094 vero,
1483 2057 1538 2088 ubi
1570 2057 1664 2088 simu-

907 2102 990 2133 lacra
1006 2103 1134 2131 deorum
1150 2106 1318 2141 ponuntur.

952 2146 1004 2176 23.
1029 2144 1200 2184 Salamiua]
1238 2143 1391 2185 Proponit
1405 2143 1462 2174 sibi
1474 2142 1580 2174 omnia
1595 2153 1666 2184 per-

908 2187 1037 2218 ferenda
1050 2187 1168 2217 fortiter
1184 2192 1216 2217 et
1238 2187 1386 2227 generose
1409 2197 1478 2229 quae
1500 2191 1588 2217 erant
1609 2197 1666 2228 pro

909 2231 1017 2272 patriae
1033 2230 1215 2261 defensione
1230 2230 1406 2262 subeunda.

954 2273 1004 2304 113.
1026 2272 1118 2303 Suum
1138 2273 1267 2313 nomem]
1313 2273 1439 2304 Nomen
1459 2272 1574 2313 nempe
1591 2271 1667 2303 Cor-

909 2316 996 2354 nelii,
1011 2317 1051 2347 de
1067 2326 1143 2357 quo,
1157 2316 1307 2357 superiori
1321 2322 1397 2347 orat.
1412 2326 1535 2358 paragr.
1550 2316 1584 2346 ii.
1600 2320 1667 2346 not.

910 2361 948 2390 ad
966 2359 1052 2390 1.74.
1098 2359 1161 2390 Hic
1176 2365 1280 2390 autem
1301 2359 1388 2390 locus
1403 2366 1450 2390 est
1472 2358 1492 2389 a
1514 2358 1668 2390 dissenta-

909 2402 987 2434 neis.
1031 2402 1183 2433 Lentulus
1207 2402 1303 2438 enirn,
1324 2402 1409 2433 velut
1429 2402 1526 2433 hostis
1546 2402 1668 2444 patriae,

912 2445 1057 2477 Ciceroni
1072 2445 1180 2486 patriae
1194 2446 1342 2476 servatori
1356 2445 1532 2488 opponitur.

955 2491 1009 2519 24.
1031 2489 1059 2521 A
1074 2488 1215 2529 vatibus]
1253 2488 1316 2519 Per
1330 2494 1429 2525 vates,
1443 2488 1621 2530 haruspices
1636 2493 1668 2518 et

911 2543 1015 2563 versus
1052 2531 1240 2574 Sibyllarum
1276 2531 1432 2574 intelligit.
1477 2531 1529 2562 De
1556 2531 1667 2573 quibus

908 2576 984 2606 vide
999 2575 1188 2615 superiorem
1203 2574 1386 2613 orationem,
1401 2585 1521 2617 paragr.
1543 2575 1577 2606 ii.
1601 2578 1666 2604 not.

911 2619 950 2649 ad
966 2618 987 2649 l.
1001 2621 1055 2649 73.

953 2664 1006 2693 26.
1029 2661 1164 2692 Fatalem
1189 2662 1350 2703 exstitisseq
1397 2661 1571 2691 Stoicorum
1583 2669 1667 2690 more

912 2705 1060 2746 loquitur,
1090 2705 1144 2746 qui
1179 2705 1284 2735 omnia
1307 2705 1372 2734 fato
1409 2703 1553 2734 advenire
1582 2701 1668 2733 vole-

913 2748 1011 2786 bant3
1033 2749 1121 2789 quasi
1148 2748 1180 2778 in
1206 2747 1276 2778 fatis
1304 2752 1398 2785 esset,
1421 2752 1455 2778 ut
1480 2756 1536 2789 per
1563 2744 1666 2788 ipsum

915 2789 1059 2833 Respub.
1074 2795 1315 2824 conservaretur.

1640 132 1721 188 1'29
