1790 3090
791 162 882 194 PRO
907 159 1099 195 MILONE.

674 343 878 379 QUARTA
921 341 1198 372 PROBATIO.

344 461 385 504 A
407 467 774 520 consequentibus,
809 464 1018 508 Milonem
1040 481 1129 508 ozon
1139 467 1297 521 fecisse
1317 465 1513 507 insidias.

200 575 331 618 XIII.
363 576 487 626 Qubd
521 579 557 619 si
592 580 784 621 nondum
814 581 917 621 satis
949 578 1138 632 cernitis,
1169 580 1286 635 (cum
1312 593 1379 620 res
1409 578 1504 635 ipsa
1533 583 1600 621 tot
1628 583 1718 620 tam

142 634 267 676 claris
288 635 552 691 argumentis
575 636 795 693 signisque
816 638 978 686 luceat)
999 636 1105 693 pura
1128 643 1268 678 mente
1290 643 1418 693 atque
1439 635 1611 692 integra
1626 635 1714 676 Mi-

139 691 295 741 lonem,
328 692 446 733 nullo
469 693 627 734 scelere
649 693 874 743 imbutum,
896 694 1014 735 nullo
1037 700 1156 735 metu
1172 693 1454 750 perterritum,
1474 692 1594 734 nulla
1615 706 1716 734 con-

139 748 323 790 scienti-a
345 749 648 802 exanimatum,
680 750 862 791 Romam
884 750 1131 801 revertisse3
1164 750 1460 802 recordamini,
1492 753 1585 806 (per
1605 749 1710 790 deos

93 801 120 840 5
141 805 402 846 immortales
418 806 447 857 l)
480 822 576 862 quae
608 807 735 848 fuerit
764 808 957 849 celeritas
991 807 1153 848 reditus
1186 809 1304 863 ejus3
1337 807 1410 864 qui
1432 807 1650 862 ingressus
1670 805 1715 846 in

138 861 291 910 forum,
325 862 501 904 ardente
535 863 680 914 curi&
714 879 811 920 quae
843 864 1095 920 magnitudo
1128 864 1273 915 animi,
1315 864 1387 920 qui
1420 864 1578 914 vultus,
1618 877 1714 918 quas

138 919 290 959 oratio.

351 917 504 974 Neque
526 918 624 960 verb
645 934 691 960 se
711 921 871 975 populo
892 920 1044 972 solum,
1069 921 1146 962 sed
1169 922 1298 962 etiam
1320 920 1502 969 senatui,
1534 919 1712 961 commi-

137 974 218 1026 sit3
254 988 393 1029 neque
429 974 598 1016 senatui
630 975 774 1027 modb,
806 977 882 1017 sed
908 976 1037 1017 etiam
1057 977 1242 1032 publicis
1265 976 1475 1033 praesidiis
1497 983 1541 1018 et
1561 976 1712 1027 armis;

136 1045 277 1086 neque
298 1031 363 1071 his
386 1031 566 1083 tantum,
597 1031 742 1073 verum
763 1033 892 1074 etiam
914 1034 1007 1089 ejus
1027 1033 1248 1089 potestati,
1280 1033 1349 1075 cui
1378 1040 1552 1074 senatus
1576 1039 1714 1074 totam

65 1087 117 1129 lO
136 1087 459 1143 rempublicam,
492 1103 661 1130 omnem
695 1089 834 1130 Italiae
854 1092 1051 1145 apubem,
1084 1097 1243 1131 cuncta
1271 1089 1418 1145 populi
1439 1089 1566 1130 Rom.
1595 1104 1712 1130 arma

135 1144 429 1195 commiserat3
462 1145 530 1186 cui
554 1161 598 1186 se
620 1160 839 1201 nunquam
859 1146 930 1187 hic
951 1145 1148 1201 profecto
1171 1146 1431 1197 tradidisset,
1465 1145 1548 1186 nisi
1569 1160 1712 1186 causae

135 1216 225 1242 suae
267 1202 527 1252 confideret,
578 1203 814 1258 praesertim
861 1203 1006 1244 omnia
1044 1203 1250 1255 audienti,
1292 1217 1450 1259 magna
1487 1202 1710 1255 metuenti,

133 1259 270 1298 multa
291 1258 545 1314 suspicanti,
567 1260 773 1300 nonnulla
790 1259 997 1301 credenti.

1057 1260 1222 1316 Magna
1243 1259 1307 1301 vis
1330 1267 1397 1301 est
1417 1261 1709 1312 conscientiae,

127 1314 315 1369 judices,
347 1322 391 1356 et
422 1330 577 1371 magna
605 1315 650 1356 in
680 1324 903 1372 utramque
935 1319 1121 1373 partem3
1157 1324 1206 1358 ut
1240 1331 1380 1373 neque
1412 1316 1604 1379 timeant,
1635 1316 1710 1372 qui

63 1371 115 1412 15
134 1371 239 1412 nihil
269 1371 577 1424 commiserint,
620 1379 662 1414 et
700 1388 875 1429 poenam
911 1387 1079 1429 semper
1111 1380 1210 1414 ante
1247 1374 1398 1415 oculos
1441 1387 1596 1414 versam
1635 1387 1711 1428 pu-

131 1434 240 1479 tent,
272 1428 345 1484 qui
367 1428 603 1485 pecc-sirint.
665 1430 818 1485 Neque
845 1429 944 1471 vero
972 1429 1065 1471 sme
1095 1432 1214 1472 certa
1237 1431 1402 1471 ratione
1423 1444 1555 1471 causa
1576 1429 1709 1470 Milo-

130 1485 198 1526 nis
228 1500 398 1541 semper
430 1485 456 1526 a
491 1493 642 1527 senatu
677 1488 858 1543 probata
892 1492 979 1537 est3
1023 1487 1226 1528 videbant
1257 1487 1370 1528 enim
1398 1485 1707 1542 sapientissimi

131 1541 328 1583 homines
349 1542 453 1583 facti
473 1543 695 1594 rationem,
728 1543 1027 1599 h'praesentiam
1047 1544 1192 1595 animi,
1222 1543 1485 1585 defensionis
1507 1549 1706 1585 constan-

132 1597 251 1640 tiam.

333 1600 403 1639 An
438 1598 538 1640 verb
573 1600 696 1641 obliti
731 1600 851 1652 estis,
877 1600 1063 1656 judices,
1103 1600 1263 1642 recenti
1294 1600 1369 1641 illo
1401 1599 1552 1641 nuntio
1585 1599 1705 1641 necis

56 1655 112 1696 20
133 1654 370 1706 Clodianae,
407 1670 494 1696 non
515 1657 642 1698 modo
664 1656 935 1698 inimicorum
957 1657 1134 1698 Milonis
1157 1672 1377 1698 sermones
1398 1663 1442 1698 et
1463 1655 1705 1713 opinioneS‚

131 1712 208 1753 sed
230 1713 533 1754 nonnullorum
554 1713 683 1754 etiam
708 1714 1013 1770 imperitorum,
1045 1714 1119 1770 qui
1147 1715 1365 1770 negabant
1396 1728 1491 1754 eum
1519 1713 1706 1754 Romam

130 1783 225 1810 esse
246 1769 508 1810 rediturum?

571 1771 668 1812 Sive
691 1786 805 1811 emm
826 1771 935 1812 illud
956 1786 1098 1813 animo
1130 1771 1239 1812 irato
1273 1786 1324 1812 ao
1355 1770 1543 1827 cpercito
1575 1769 1703 1812 fecis-

130 1832 209 1878 set,
232 1833 280 1867 ut
296 1826 496 1867 incensus
519 1826 620 1868 odio
642 1827 877 1869 trucidaret
897 1827 1135 1877 inimicum,
1156 1827 1470 1869 arbitrabantur
1490 1842 1588 1868 eum
1611 1833 1704 1868 tan-

129 1883 159 1923 ti
202 1889 384 1924 mortem
417 1882 468 1925 P.
498 1883 640 1925 Clodii
677 1884 866 1941 putasse,
907 1891 956 1926 ut
997 1899 1121 1941 aequo
1162 1884 1304 1926 animo
1343 1883 1483 1941 patria
1523 1890 1702 1936 careret,

53 1939 110 1982 25
131 1939 228 1981 cum
262 1940 469 1996 sanguine
505 1939 668 1983 inimici
701 1942 920 1998 explesset
948 1942 1094 1983 odium
1126 1956 1271 1982 suum:
1310 1941 1398 1982 sive
1428 1940 1558 1982 etiarn
1588 1939 1702 1982 illius

129 1997 265 2039 morte
303 1996 485 2055 patriam
525 1997 705 2041 liberare
740 1999 963 2051 voluisset,
1002 2013 1092 2040 non
1130 1998 1423 2041 dubitaturum
1458 1998 1614 2040 fortem
1643 1996 1703 2040 vi-

329 2177 345 2194 ²
342 2171 480 2224 juven
486 2176 632 2214 tutem.

171 2343 202 2374 5.
228 2342 365 2374 celeritas
384 2343 495 2375 redimis
511 2344 598 2386 ejus]
645 2342 718 2381 Qua
733 2347 825 2375 nocte
842 2343 890 2374 in-

128 2395 221 2416 censa
237 2386 294 2416 fuit
309 2387 403 2424 curia,
418 2388 529 2418 eadem
544 2388 625 2418 Milo
636 2387 770 2417 Romam
787 2387 890 2422 rediit,

129 2435 164 2458 ut
192 2428 235 2458 ait
260 2428 427 2469 Asconius,
457 2430 531 2461 licet
564 2431 782 2461 arbitrarentur
812 2429 890 2460 bene

128 2471 229 2509 multi,
254 2483 323 2502 eum
340 2473 451 2503 abiisse
468 2473 499 2504 in
516 2474 667 2504 exsilium.

171 2517 202 2545 6.
226 2516 354 2545 Ardente
367 2517 476 2557 carisa]
521 2517 578 2547 His
593 2516 692 2546 verbis
715 2516 810 2546 docet
833 2525 889 2544 nos

127 2557 297 2589 Asconius:
323 2558 464 2598 Populus,
479 2560 552 2590 duce
572 2560 651 2590 Sexto
673 2559 772 2589 Clodio
786 2557 890 2593 scribsi,

126 2611 226 2640 corpus
250 2601 326 2631 Pub.
353 2602 447 2633 Clodii
469 2604 500 2633 in
515 2604 628 2633 curiam
643 2603 759 2639 intulit,
782 2612 891 2632 crema-

125 2646 221 2684 viLque
235 2645 385 2681 subselliis,
411 2651 438 2676 et
454 2647 659 2681 tribunalibus,
680 2651 707 2676 et
731 2646 842 2681 mensis,
865 2649 892 2674 et

125 2688 270 2717 codicibus
295 2687 492 2726 librariorum,
520 2701 574 2729 quo
596 2691 662 2731 igne
684 2695 711 2719 et
736 2691 798 2728 ipsa
820 2698 888 2728 quo-

126 2738 180 2771 que
199 2733 283 2761 curia
296 2731 444 2773 flagravit
454 2744 465 2770 ,-
489 2738 516 2763 et
537 2734 605 2763 item
629 2731 735 2762 Porcia
751 2731 890 2766 Basilica,

125 2781 187 2815 quae
201 2780 263 2804 erat
273 2775 300 2804 ei
303 2776 413 2814 juncta
418 2798 427 2813 ‚
443 2776 572 2806 ambusta
587 2780 639 2806 est.

169 2819 201 2848 7.
226 2816 327 2860 Neque
351 2828 378 2851 se
397 2820 502 2859 populo
529 2818 631 2859 solam,
660 2820 707 2852 sed
731 2820 818 2852 etiam
847 2829 888 2853 se-

795 2169 1108 2224 Pseouric'atem.

1269 2177 1504 2215 ceommoco.

935 2344 1050 2385 flatui]
1096 2343 1236 2386 Populus
1264 2341 1359 2375 Rom.
1385 2344 1505 2376 serebat
1532 2341 1700 2384 aliquando

929 2386 1097 2427 judicium,
1125 2394 1160 2418 ut
1190 2388 1295 2419 videre
1325 2393 1372 2419 est
1399 2389 1432 2418 in
1462 2386 1555 2419 causa
1578 2385 1701 2417 Rabirii

935 2431 1160 2470 perduellionis
1182 2432 1248 2469 reig
1274 2436 1305 2462 et
1325 2436 1448 2461 senatus
1462 2430 1494 2460 in
1510 2431 1600 2462 rebus
1616 2434 1699 2459 atro-

936 2473 1091 2510 cioribu53
1125 2480 1158 2503 ut
1178 2476 1208 2505 in
1233 2473 1325 2505 causa
1342 2484 1446 2504 eorum
1461 2473 1514 2514 qui
1531 2471 1698 2504 Catilinam

931 2517 1029 2546 secuti
1058 2522 1150 2552 sunt3
1184 2524 1249 2547 tum
1277 2518 1412 2557 denique
1437 2516 1590 2551 consules,
1627 2513 1697 2546 cum

934 2559 1059 2589 decreto
1077 2558 1202 2590 senatus
1223 2560 1267 2590 eis
1285 2562 1463 2590 mandatum
1480 2564 1537 2592 est,
1559 2563 1593 2588 ut
1607 2558 1699 2589 vide-

933 2608 1002 2632 rent
1017 2613 1056 2631 ne
1073 2602 1146 2642 quid
1164 2602 1339 2633 detrimenti
1351 2608 1478 2643 caperet
1493 2601 1636 2642 Respub.

979 2647 1008 2676 9.
1034 2644 1106 2684 Ejus
1117 2646 1277 2685 potestati]
1336 2645 1521 2686 Pompeium
1535 2644 1704 2685 siguificat,

933 2688 983 2719 cui
999 2688 1117 2718 consuli
1133 2694 1257 2719 senatus
1274 2699 1396 2719 omnem
1413 2693 1600 2729 potestatem
1613 2697 1698 2724 com-

933 2731 1068 2767 miserat,
1092 2735 1126 2761 ut
1148 2732 1268 2762 videret
1283 2742 1323 2761 ne
1344 2732 1421 2772 quid
1444 2730 1625 2762 detrimenti
1647 2740 1700 2760 ca-

932 2779 1021 2817 peret
1031 2775 1218 2816 respublica,
1232 2774 1283 2805 vel
1299 2781 1425 2816 propter
1440 2774 1571 2806 Milonis
1585 2777 1699 2818 poten-

934 2819 1021 2860 tiam,
1032 2818 1082 2851 vel
1097 2819 1137 2852 ob
1152 2817 1374 2852 Clodianorum
1388 2819 1552 2853 factiones.
