1759 2997
87 145 172 187 546

85 226 140 255 31.
164 221 535 262 Ιηυεηίηηιε-υἱάεαίαν.]
574 221 623 251 Ita
636 220 726 251 Grut.
739 220 755 250 ὲ
769 220 848 251 Pall.

129 272 163 297 et
186 266 302 302 Erfurt,
327 267 388 297 &c.
433 265 495 295 Sed
518 265 550 295 in
570 264 703 305 vulgatis
722 264 849 294 invenie-

127 310 362 339 mus-dicatur.

85 355 138 384 41.
184 352 224 382 Et
254 350 455 392 pervulgata]

130 395 242 426 Lamb.
260 400 291 424 et
309 394 438 426 Gruter.

85 438 166 469 311.
189 441 240 468 10.
267 437 292 467 Ο
306 437 542 478 stultitiam-ne]
567 434 618 466 Ita
631 435 757 466 Gruter.
772 434 850 473 Alii,

130 481 155 512 Ο
170 481 345 513 stulticiam!
365 481 570 511 stultitiamne.

527 349 594 380 Has
625 359 715 381 voces
743 349 850 380 delent

650 142 811 176 VARIAE
835 143 1095 177 LECTIONES.

894 223 946 252 67.
972 221 1174 264 Effer-baisse]
1209 221 1263 254 Al.
1282 221 1438 264 qffervisse;
1462 228 1496 255 ut
1517 227 1550 254 et
1572 221 1652 256 infra.

935 264 1118 306 deferverint,
1142 271 1174 296 et
1189 276 1256 306 par.
1274 267 1326 296 vii.
1345 269 1396 297 97.
1415 267 1608 310 defervissent.

891 308 943 338 71.
967 308 1035 338 Jam
1050 310 1108 348 ipsa
1119 309 1205 350 dies]
1228 309 1354 350 Al.jam
1370 312 1426 340 ista
1440 311 1518 348 dies;
1542 310 1594 341 ed.
1611 310 1649 341 C.

937 350 1047 391 Steph.
1063 352 1178 383 omittit
1193 362 1300 384 vocem
1314 354 1380 390 istu,
1393 359 1425 384 et
1440 354 1479 384 ad
1497 353 1650 384 variantes

936 394 1103 426 Lectiones
1116 395 1244 437 relegat.

690 757 741 787 IN
767 759 803 790 L.
827 757 1046 790 PISONEM.

84 858 157 889 Par.
172 857 199 888 I.
217 858 285 888 Lin.
303 860 334 889 6.
358 858 417 888 Hic
441 859 472 888 in
487 856 636 898 fraudem
656 858 801 888 homines
791 869 844 888 zm·

124 901 242 940 pulit—
205 901 360 943 —sqfelliss
391 902 513 931 induxit
518 901 532 941 ]
590 901 735 936 Faernus,
762 911 846 931 acer-

129 944 195 974 rimi
209 945 388 984 vrrjudicH,
403 944 475 974 etin
489 943 572 973 libris
586 949 661 974 vett.
673 944 843 974 scrutandis

129 987 392 1027 diligentissimus,
418 997 511 1027 quern
538 987 631 1017 etiam
655 992 778 1016 secutus
798 992 845 1016 est

129 1029 308 1065 Lambinus,
325 1031 405 1060 hunc
418 1030 517 1059 locum
532 1030 575 1059 sic
587 1029 717 1061 refinxit.
744 1029 844 1069 Atqui

129 1083 235 1103 omnes
260 1073 324 1103 fere
350 1073 417 1103 libri
431 1072 571 1112 impressi
585 1073 628 1102 ita
644 1073 724 1102 hunc
742 1071 844 1102 locum

127 1116 254 1151 habent,
270 1116 330 1146 Hic
344 1117 375 1146 in
388 1126 510 1146 errorem
530 1115 654 1145 homines
676 1115 845 1154 impulit,-

121 1158 248 1200 fefellit,
266 1158 445 1199 inji'audcm
461 1160 586 1189 indua-it.

83 1200 148 1230 III.
163 1205 213 1232 10.
226 1201 341 1231 Tac-rim
354 1202 506 1232 tutificat.
516 1201 606 1241 Jam]
634 1200 687 1232 Al.
697 1201 768 1232 Ttim
778 1201 844 1232 crim

127 1245 156 1274 in
174 1245 216 1276 iii.
233 1245 297 1276 Cal.
312 1244 385 1276 Jan.
399 1245 443 1275 ita
454 1245 518 1274 Ad.
529 1244 690 1275 Turnebus
704 1244 844 1285 (Adver-

127 1298 185 1317 sar.
207 1288 265 1317 xxi.
291 1287 359 1327 15.)
386 1298 478 1328 qoam
502 1288 668 1318 lectionem
690 1288 845 1328 improbat

126 1330 362 1369 Hotornannu53
387 1341 458 1360 nam
473 1331 516 1360 iii.
535 1330 609 1361 Kal,
620 1330 693 1361 Jan.
706 1331 843 1361 nondum

127 1374 319 1404 consulatum
337 1374 449 1404 inierat
465 1374 549 1410 Piso,
565 1375 619 1404 sed
637 1381 701 1404 erat
724 1373 843 1404 tantum

126 1417 318 1457 designatus,
334 1427 392 1447 nec
420 1422 605 1456 potestatem
633 1417 789 1454 habebat3
813 1422 846 1446 at

125 1459 301 1490 consulatus
311 1460 377 1500 ejns
386 1460 845 1501 initiumfuicludicompitalz'tii,

124 1508 159 1531 ut
174 1502 265 1543 supra
282 1503 360 1533 dixit
375 1503 506 1538 Cicero;
525 1504 583 1533 hoc
597 1504 691 1532 etiam
708 1503 846 1542 postulat

122 1544 191 1584 ipsa
207 1546 294 1581 ratio,
321 1557 382 1586 quo
409 1545 528 1581 fortius,
545 1546 577 1575 in
594 1546 738 1575 Pisonem
754 1545 840 1575 inve-

125 1588 226 1624 hatur,
241 1589 294 1629 qui
316 1589 348 1618 id
368 1588 433 1629 jam
455 1588 560 1618 consul
578 1598 683 1628 passus
700 1594 747 1618 est
761 1589 839 1625 fieri,

123 1632 197 1670 quod
212 1642 247 1661 ne
258 1632 358 1671 fieret,
371 1634 501 1672 privatus
516 1631 652 1661 Metellus
666 1633 840 1662 auctoritate

124 1674 260 1705 obtinuit.
305 1675 515 1710 Quamobrem
539 1674 628 1704 multi
648 1675 733 1710 edd.‚
756 1680 791 1705 ut
813 1679 844 1705 et

125 1716 230 1747 Erfurt
255 1723 287 1746 et
310 1717 363 1747 alii
386 1718 494 1753 MSS„
517 1718 576 1747 hoc
599 1717 631 1747 in
648 1717 716 1747 loco
732 1718 776 1747 ita
790 1718 844 1747 ha-
878 1738 885 1745 .

125 1759 222 1789 bent:
260 1759 315 1796 Tu,
341 1771 406 1790 cum
433 1762 463 1789 in
487 1760 550 1790 Cal.
575 1759 646 1790 Jcm.
694 1760 844 1790 Gruterus

126 1808 229 1832 tamen
259 1802 437 1833 Turnebum
465 1803 620 1843 sequitur3
659 1808 693 1832 ut
723 1809 754 1833 et
782 1803 844 1832 Ed.

126 1844 254 1884 Graevii,
277 1846 342 1886 qui,
365 1856 458 1886 quam
475 1846 541 1885 ipse
565 1845 729 1875 lectionem
744 1845 844 1875 minsis

125 1888 248 1928 probat,
263 1889 343 1930 saepe
361 1895 463 1918 tamen
477 1888 494 1918 ὲ
506 1888 691 1919 Gruteriana
707 1888 845 1918 editione

127 1941 190 1961 non
206 1937 319 1961 movet.

82 1972 132 2005 Ib.
156 1973 332 2014 Incidisset]
351 1973 400 2004 Ita
416 1974 542 2004 Manut.
557 1977 589 2003 et
602 1973 712 2003 Lamb.
727 1977 759 2002 et
774 1973 842 2002 Ho-

126 2022 240 2047 toman.
269 2027 305 2047 ex
331 2017 490 2054 Asconio;
522 2017 594 2057 quia
619 2027 695 2046 unus
721 2015 843 2045 tantum

126 2070 231 2090 eorum
245 2059 387 2090 ludorum
405 2060 471 2090 dies
493 2064 587 2095 esset,
603 2064 637 2089 ut
649 2070 686 2089 ex
704 2059 732 2089 V
736 2069 844 2089 arrone

82 2107 334 2177 lfifonieljttlfflia
359 2151 386 2176 et
418 2144 532 2185 Fusim]
586 2145 724 2176 Faernus
749 2146 847 2175 habet

125 2187 228 2230 F‘fia·
275 2189 338 2219 Sed
368 2199 438 2219 cum
468 2189 534 2218 haec
563 2188 613 2218 lex
641 2200 659 2218 a
686 2189 722 2219 L.
750 2188 842 2218 Furio

121 2235 203 2276 (sixe
220 2232 330 2271 Fusio)
347 2231 437 2262 Philo
465 2231 527 2261 lata
551 2231 703 2267 videatur,
728 2237 761 2261 et
783 2231 845 2261 alia

125 2278 164 2307 sit
178 2276 216 2307 ab
233 2287 270 2305 ea
285 2275 336 2315 leg
322 2285 354 2304 e
371 2273 458 2304 Fufia
481 2285 574 2315 quam
591 2285 646 2315 pos
635 2275 700 2304 stea
717 2274 786 2304 tulit
801 2274 842 2310 Q.

124 2320 229 2350 Fufius
245 2318 393 2354 Calenus,
416 2328 434 2346 a
458 2317 575 2357 vulgat·
565 2328 583 2346 1
599 2317 691 2348 Fusia
711 2328 776 2347 non
794 2327 842 2348 re-

123 2363 274 2394 cedimus.
313 2362 343 2391 V
347 2361 398 2390 ide
413 2359 533 2390 Manat.
551 2361 589 2390 de
604 2360 714 2401 Legib.

80 2406 134 2437 30.
182 2405 385 2444 Notionemque
420 2403 599 2444 censoriam]
663 2403 712 2433 Ita
745 2402 841 2433 MSS.

124 2448 234 2479 Lamb.
251 2452 284 2477 et
297 2447 334 2478 C.
352 2447 461 2486 Stepli.
478 2446 601 2476 Manut.
619 2451 651 2476 et
669 2446 731 2476 alii.
777 2446 841 2475 Sed

124 2497 156 2523 et
172 2491 257 2522 Vict.
281 2494 314 2520 et
328 2489 416 2519 multi
432 2489 529 2519 MSS.
555 2489 670 2519 habent
691 2490 845 2518 rationem-

121 2545 176 2574 que
189 2534 357 2566 censoriam,
381 2532 463 2573 quod
486 2531 599 2562 retinet
615 2532 766 2568 Graevius,
786 2531 845 2562 etsi

123 2579 264 2608 notionem
280 2574 380 2616 magis
402 2575 521 2615 probet.

80 2620 303 2668 78.Relat1·0.]
350 2618 412 2648 Sed
443 2618 495 2648 ed.
518 2617 547 2648 V
551 2617 603 2647 iet.
628 2617 737 2657 Steplr.
759 2616 840 2647 etF.

126 2661 287 2694 Ursinus
274 2673 291 2692 e
309 2660 390 2692 Cod.
407 2659 483 2690 Ant.
497 2661 592 2691 habet
607 2661 724 2691 delatio.

82 2708 137 2737 87.
160 2704 315 2744 Inter-ire]
347 2703 400 2735 Al.
414 2705 584 2734 interimere.

79 2749 142 2781 IV.
166 2751 217 2780 13.
243 2747 330 2779 Ferro
345 2759 378 2778 ac
393 2746 526 2788 ficret-12]
573 2746 623 2779 Sic
647 2749 803 2788 reponunt
824 2744 842 2776 ὲ

880 2359 948 2390 ΥΙ.
972 2362 1024 2391 28.
1050 2360 1113 2390 Tibi
1129 2360 1342 2401 proficiscenti]

932 858 1028 889 MSS.
1055 858 1145 890 Grut.
1170 865 1203 891 et
1228 860 1332 892 Graev.
1363 858 1440 890 editi
1465 863 1568 890 autem
1597 857 1651 890 alii

932 912 995 931 non
1012 903 1128 933 habent
1142 914 1176 933 ac
1187 904 1308 945 furori.

888 947 942 975 44.
967 944 1005 974 In
1020 944 1069 974 hoc
1083 947 1231 987 animali]
1266 947 1317 976 Ita
1330 945 1426 976 MSS.
1442 950 1473 976 et
1488 945 1563 976 edd.
1575 944 1649 975 olim

933 998 1050 1017 onmes.
1096 988 1158 1018 Sed
1174 989 1335 1018 Turnebus
1357 999 1395 1018 ex
1421 987 1542 1018 Isidoro
1557 997 1649 1028 repo-

931 1030 978 1059 nit
995 1030 1113 1069 Maz'ali,
1139 1032 1160 1063 i.
1183 1042 1211 1061 e.
1229 1042 1282 1062 sue
1296 1036 1440 1066 castrato,
1456 1031 1539 1071 quod
1555 1035 1588 1060 et
1602 1040 1649 1060 re-

933 1073 1012 1103 tinet
1047 1073 1137 1106 Grut,
1160 1079 1193 1104 et
1218 1075 1270 1105 ed.
1297 1074 1400 1105 Graev.
1425 1073 1457 1103 in
1487 1077 1651 1104 contextu:

932 1115 1133 1146 Hotomanno
1147 1123 1250 1147 autem
1267 1117 1433 1148 admodum
1450 1115 1604 1156 displicet.

889 1160 942 1190 59.
971 1158 1096 1189 Bar-bato
1110 1159 1262 1201 Epicuro]
1279 1160 1328 1190 Ita
1340 1160 1391 1191 ed.
1406 1159 1445 1191 C.
1457 1159 1564 1200 Steph.
1578 1168 1648 1189 cum

932 1202 1034 1232 multis
1047 1202 1124 1233 aliis.
1140 1204 1202 1233 Sed
1217 1203 1352 1234 Faernus
1364 1203 1484 1233 barbaro
1496 1201 1648 1241 Epicureo.

930 1245 1095 1275 Manutius
1109 1251 1211 1276 autem
1226 1248 1343 1277 barbato
1356 1246 1478 1276 retinet.
1524 1244 1649 1275 Lambi-

930 1298 989 1318 nus
1005 1287 1153 1327 Epicuro‚·
1176 1289 1220 1319 ita
1236 1290 1317 1319 en'nn
1333 1289 1412 1320 infra
1425 1288 1537 1319 dicitur
1550 1286 1650 1329 confer

930 1341 1020 1367 nunc,
1059 1331 1185 1370 Epicure
1211 1338 1314 1363 noster.
1383 1332 1443 1362 Pro
1474 1330 1649 1361 Inter-uario

931 1374 1013 1412 (sive
1024 1373 1221 1405 Lanternario
1236 1376 1318 1416 quod
1336 1375 1388 1404 alii
1406 1373 1502 1405 MSS.
1514 1373 1647 1413 habent)

930 1417 1091 1447 Turnebus
1109 1418 1328 1458 [Advers.xxi.
1345 1418 1414 1458 15.]
1441 1417 1649 1446 lautumiario

930 1461 1145 1500 reponendum
1160 1466 1278 1496 censet,
1292 1462 1377 1502 quod
1394 1460 1494 1491 doctis
1509 1459 1581 1490 viris
1596 1458 1647 1490 vix

932 1504 1158 1533 admittendum
1175 1504 1307 1534 videtur.

886 1545 927 1576 V.
953 1549 1004 1576 19.
1039 1546 1125 1576 Omni
1148 1545 1239 1586 officw
1259 1547 1385 1582 tuend05
1407 1546 1581 1586 maximeque
1600 1544 1648 1586 (id

927 1589 1001 1628 quod
1027 1590 1068 1619 vis
1093 1591 1216 1620 nominis
1241 1590 1357 1629 praescri
1359 1587 1413 1629 bit)
1433 1587 1522 1638 -Paeilu
1546 1598 1648 1618 consu-

926 1632 1033 1673 lendm]
1094 1632 1200 1662 Verba
1224 1632 1332 1662 isthaec
1358 1632 1473 1667 omnia,
1500 1641 1570 1671 quae
1599 1641 1649 1662 se-

931 1680 1068 1716 quuntur
1084 1677 1159 1705 omni
1169 1674 1269 1715 qfficio,
1282 1676 1313 1705 in
1323 1674 1463 1704 omnibus
1473 1673 1546 1703 olim
1556 1673 1648 1704 editis

933 1720 1065 1755 desunt,
1089 1728 1126 1748 ea
1138 1719 1254 1759 primus
1270 1718 1286 1749 ὲ
1302 1717 1397 1748 MSS.
1414 1716 1553 1758 reposuit
1567 1715 1652 1747 Gru-

931 1766 1142 1812 terris,51uem
1168 1761 1261 1792 etiam
1288 1760 1429 1792 Graevius
1453 1764 1576 1790 secutus
1591 1763 1651 1795 est,

933 1810 965 1833 et
980 1803 1100 1833 merito.

889 1847 941 1875 97.
965 1845 1099 1885 Idemque
1123 1847 1155 1875 in
1183 1845 1302 1886 Italia]
1349 1845 1400 1875 Sic
1427 1844 1498 1875 libri
1521 1854 1650 1875 omnes:

930 1889 987 1918 sed
1017 1888 1120 1918 locum
1147 1899 1214 1919 esse
1240 1893 1416 1929 corruptum
1450 1897 1556 1918 ornnes
1586 1887 1651 1918 cla-

930 1937 1027 1970 mant,
1040 1942 1132 1970 quern
1147 1931 1198 1961 alii
1212 1930 1279 1961 aliis
1296 1931 1395 1960 modis
1411 1940 1519 1960 sanare
1534 1941 1650 1961 conan-

929 1979 989 2004 tur.
1047 1974 1210 2003 Manutius
1235 1974 1290 2009 sic,
1318 1974 1342 2003 is
1369 1983 1457 2013 ‘neque
1481 1973 1513 2003 in
1541 1972 1653 2003 Italid:

931 2016 1044 2056 nempe
1060 2018 1084 2046 is
1098 2017 1156 2058 (sc.
1173 2015 1302 2057 Cicero)
1322 2026 1410 2056 neque
1432 2017 1464 2045 z'n
1489 2014 1562 2046 Ital.
1584 2014 1650 2046 111ῐό

933 2070 967 2089 se
991 2070 1083 2099 posse
1114 2059 1280 2090 consistere
1312 2058 1430 2089 statuit.
1485 2058 1520 2088 F.
1545 2058 1651 2090 Ursini

934 2102 1050 2133 amicus
1084 2103 1212 2142 quidam
1243 2102 1371 2142 idemque
1393 2102 1425 2131 in
1448 2103 1472 2132 is
1492 2112 1520 2132 se
1542 2107 1651 2132 mutat.

935 2145 998 2175 Sed
1024 2145 1098 2185 quid
1115 2145 1139 2175 si
1156 2155 1210 2185 pro
1225 2146 1353 2185 idemque
1368 2155 1502 2185 reponas
1514 2145 1591 2174 idem
1611 2155 1651 2180 se,

929 2187 950 2217 i.
964 2199 992 2219 e.
1009 2188 1094 2218 idem
1110 2188 1186 2219 sein
1199 2187 1290 2218 Italia
1306 2187 1371 2218 tuto
1384 2187 1492 2218 statuit
1503 2197 1572 2218 esse
1586 2197 1650 2217 non

932 2231 1045 2270 posse?

889 2276 964 2304 107.
998 2274 1147 2310 Dicerem,
1166 2275 1301 2305 consules.
1360 2273 1464 2305 Graev.
1495 2272 1513 2303 ὲ
1543 2272 1650 2304 Codd.

931 2317 1014 2347 Pith.
1032 2318 1169 2353 dicerent,
1185 2317 1232 2348 hos
1245 2317 1379 2347 consules.

1400 2358 1511 2390 Faerni
1540 2357 1594 2388 lib.
1617 2361 1647 2387 1.

931 2403 1068 2443 margine
1090 2403 1151 2433 alia
1166 2414 1259 2433 manu
1274 2403 1464 2443 adscriptum
1485 2401 1595 2432 habuit
1614 2402 1648 2430 in

926 2447 1128 2485 provinciam3
1161 2447 1246 2487 quod
1269 2451 1301 2477 et
1323 2446 1391 2486 ipse
1413 2445 1445 2475 in
1469 2449 1647 2475 contextum

932 2490 1054 2519 admitti
1070 2489 1177 2524 voluit,
1200 2490 1255 2520 sed
1279 2488 1513 2519 reclamantibus
1529 2486 1648 2516 caeteris

932 2531 1036 2562 libris·
1028 2555 1037 2570 ‚
1073 2538 1106 2562 et
1141 2532 1222 2562 certe
1258 2532 1567 2573 interpretamentum
1601 2529 1649 2559 vi-

931 2575 1033 2605 detur.

887 2618 940 2649 43.
967 2618 1062 2648 Unius
1080 2618 1230 2658 salutem]
1260 2617 1371 2648 Faern.
1397 2620 1461 2646 iet.
1483 2615 1538 2646 lib.
1560 2616 1649 2645 unius

930 2661 1053 2692 hominis
1079 2662 1212 2696 salntem,
1246 2660 1300 2690 ubi
1333 2659 1426 2689 etiam
1457 2668 1515 2688 vox
1540 2659 1649 2688 civium·

931 2704 1041 2745 deest5
1062 2714 1132 2745 quae
1148 2710 1251 2735 tamen
1267 2707 1314 2735 est
1327 2702 1360 2733 in
1375 2707 1442 2744 opt·
1455 2701 1580 2733 Graevii.
