1790 3090
12 160 69 200 30

631 159 723 192 PRO
748 159 864 192 LEGE
886 158 1102 193 MANILIA.

86 239 130 275 et
146 233 356 292 Tigrane3
392 249 569 289 quorum
590 236 697 279 alter
733 237 924 289 relictus,
956 238 1062 279 alter
1099 234 1341 288 lacessitus,
1368 236 1641 278 occasionem

85 291 169 333 sibi
201 293 255 334 ad
289 293 584 350 occupandam
613 294 764 336 Asiam
785 295 974 336 oblatam
996 308 1090 336 esse
1108 293 1347 335 arbitratur.

1409 292 1640 349 Equitibus

85 347 309 402 Romanis,
331 349 647 392 honestissimis
668 351 786 403 viris,
807 351 1040 393 afferuntur
1072 365 1125 393 ex
1145 350 1253 391 Asia
1270 349 1463 406 quotidie
1494 350 1640 402 literae,

83 405 101 429 ‘¹
117 420 300 462 quorum
336 422 502 464 magnae
523 422 589 448 res
612 415 810 463 aguntur,
831 408 876 448 in
911 408 1063 449 vestris
1085 407 1368 463 vectigalibus
1391 406 1641 448 exercendis

83 470 321 519 occupatae,
343 464 416 520 qui
438 464 492 505 ad
514 479 597 514 me,
619 478 695 519 pro
716 464 1037 505 necessitudine
1070 478 1166 519 quae
1192 463 1297 504 mihi
1331 470 1397 505 est
1429 478 1526 505 cum
1564 463 1640 505 illo

83 519 245 571 ordine,
267 535 441 561 causam
474 520 736 576 reipublicae,
773 520 1047 577 periculaque
1083 534 1222 561 rerum
1262 535 1447 572 suarum,
1478 520 1645 562 detule—

11 576 63 620 10
82 583 204 617 runt:
239 576 467 633 Bithyniae,
482 593 578 634 quae
597 592 713 618 nunc
730 584 870 618 vestra
882 577 1103 633 provincia
1122 582 1202 625 est,
1222 576 1340 618 vicos
1357 584 1532 619 exustos
1546 592 1641 618 esse

82 633 350 688 complures:
372 649 551 690 regnum
571 634 887 685 Ariobarzanis,
907 633 1025 690 quod
1040 632 1272 674 finitimum
1293 640 1360 674 est
1378 634 1530 675 vestris
1542 649 1641 675 vec·

80 688 300 744 tigalibus,
331 697 471 732 totum
507 706 601 732 esse
642 690 686 732 in
717 690 908 732 hostium
929 697 1168 747 potestate:
1203 690 1440 742 Lucullum,
1471 690 1640 746 magnis

79 747 206 787 rebus
229 747 378 802 gestiS‚
394 748 447 789 ab
465 762 515 789 eo
534 748 648 789 bello
669 747 891 789 discedere
907 764 916 788 z
939 747 1040 788 huic
1053 747 1127 804 qui
1147 747 1417 798 successerit,
1434 761 1521 787 non
1534 746 1640 788 satis

79 816 174 844 esse
194 810 389 859 paratum
410 805 464 846 ad
486 811 652 846 tantum
667 805 828 846 bellum
843 803 1255 846 administrandum:
1287 818 1418 844 unum
1432 803 1486 844 ab
1504 803 1641 845 omni·

7 862 58 903 15
77 859 157 900 bus
179 860 309 901 sociis
336 868 380 902 et
398 862 561 903 civibus
582 862 636 903 ad
653 861 697 902 id
712 862 875 903 bellum
896 861 1194 918 imperatorem
1215 860 1392 918 deposci
1413 866 1543 916 atque
1565 874 1639 901 ex-

74 916 186 972 peti;
215 918 415 960 eumdem
428 919 543 961 hunc
559 933 692 961 unum
708 919 761 961 ab
775 919 974 961 hostibus
991 918 1140 970 metui,
1162 917 1393 975 epraeterea
1407 917 1638 960 neminem.

128 1119 345 1174 “quorum
364 1124 415 1163 de
433 1126 604 1176 magnis
635 1125 786 1177 opibus
814 1126 978 1177 agita-r,
996 1137 1096 1176 quce
1123 1125 1339 1164 collocatae
1362 1123 1559 1177 fuerunt
1589 1124 1639 1163 in

71 1178 319 1230 colligendis
334 1182 486 1221 vestris
506 1182 691 1222 tributis.

108 1382 139 1411 4.
162 1382 247 1412 Alter
267 1383 413 1425 relictus]
466 1383 681 1423 Mithridates,
708 1384 827 1426 ingenti

65 1423 157 1454 clade
169 1426 311 1467 accepta,
321 1426 390 1457 cum
401 1427 479 1458 nihil
493 1428 619 1467 propius
631 1433 724 1463 esset,
734 1428 827 1468 quam

64 1472 98 1496 ut
112 1475 275 1508 caperetur
291 1469 309 1498 a
323 1469 465 1506 Lucullo,
477 1471 615 1501 desertus
634 1476 691 1501 est.
725 1471 827 1501 Causa

62 1509 122 1539 suit
145 1511 272 1542 militum
290 1513 427 1548 avaritia,
451 1513 503 1554 qui
520 1513 689 1553 fugientem
705 1513 827 1554 insequi

62 1552 241 1590 noluerunt,
256 1557 311 1585 sed
337 1556 428 1585 avide
443 1566 476 1585 se
492 1555 690 1596 projecerunt
710 1556 742 1585 in
760 1557 826 1586 the-

63 1605 180 1631 saurOS,
196 1607 275 1637 quos
300 1599 340 1628 de
363 1598 516 1628 industria
541 1598 661 1628 effundi
683 1609 740 1639 per
762 1599 826 1629 vias

57 1640 203 1677 jusserat,
230 1641 364 1676 ut,dum
393 1642 507 1681 praedae
532 1647 689 1676 vacarent,
706 1642 745 1671 ad
771 1642 826 1672 'ri-

62 1691 188 1720 granem
201 1693 342 1714 socerum
354 1693 442 1714 suum
456 1684 662 1724 confugiendi
673 1684 731 1715 sibi
748 1690 823 1716 tem·

61 1734 121 1764 pus
136 1730 230 1755 esset.

104 1766 154 1797 Ib.
180 1768 265 1799 Alter
279 1768 450 1810 lacessitus]
495 1770 659 1810 Tigranem
677 1770 824 1801 Lucullus

60 1812 254 1850 provocavit,
284 1811 354 1842 cum
379 1815 501 1843 tradere
532 1813 753 1843 Mithridatem
778 1824 824 1843 re-

60 1853 220 1891 cusassem
259 1858 292 1885 et
318 1856 361 1885 ita
387 1856 574 1896 provocavit,
602 1862 647 1892 ut,
676 1856 825 1896 Tigrano·

61 1895 145 1925 certa
168 1898 243 1927 urbe
273 1897 340 1938 ejus
376 1899 462 1939 regia
491 1899 654 1940 occupata,
681 1899 823 1939 ingentes

61 1938 129 1978 ejus
151 1940 257 1980 copias
280 1941 374 1982 parva
401 1952 493 1972 manu
519 1942 565 1971 bis
593 1942 821 1982 profligaverit;

60 1981 154 2021 quare
178 1994 277 2014 rerum
300 1994 421 2014 suarum
445 1985 661 2025 desperatione
686 1991 822 2022 coactus,

59 2024 167 2054 relicto
186 2026 381 2063 Mithridate,
396 2028 503 2067 fugere
527 2028 559 2058 in
579 2034 747 2059 extremam
762 2027 822 2058 Ar-

60 2068 194 2098 meniam
212 2069 391 2110 compulsus
404 2075 460 2100 est.

102 2112 134 2141 5.
183 2111 387 2151 Oceupandam
428 2112 557 2152 Asiam]
622 2113 820 2144 Provinciam

58 2152 158 2189 illam,
174 2156 213 2185 ab
238 2155 326 2185 annis
350 2157 426 2193 137,
445 2155 607 2186 Cornelius
633 2156 738 2197 Scipio
756 2156 822 2187 Ro-

61 2206 152 2226 mano
184 2197 314 2238 imperio
347 2199 530 2239 adjunxerat
556 2198 714 2230 Antiocho
747 2210 821 2240 rege

60 2239 230 2271 debellato.

104 2281 154 2312 Ib.
178 2283 330 2323 Equitibus
355 2283 522 2325 Romanis]
568 2284 757 2316 Publicanos
773 2285 820 2316 in·

61 2324 185 2365 telligit,
215 2327 269 2367 qui
304 2337 339 2357 ex
365 2337 480 2365 genere
504 2329 641 2368 equestri
666 2334 764 2363 erant,
787 2334 821 2359 ut

61 2378 99 2398 cx
129 2369 305 2399 testimonio
329 2369 489 2400 Ciceronis
518 2376 607 2410 patet
628 2370 659 2400 in
683 2371 821 2402 oratione

60 2421 117 2452 pro
134 2412 316 2444 Posthumo.
365 2412 472 2444 Curias
480 2415 610 2452 princeps
626 2416 761 2453 equestris
774 2425 820 2444 or-

59 2455 149 2492 dinis,
175 2455 355 2497 fortissimus
393 2462 421 2486 et
457 2457 600 2486 maximus
633 2457 816 2495 publicanus.

61 2497 290 2528 conducebant
316 2503 419 2528 autem
435 2498 479 2528 illi
506 2497 641 2539 quaestus
656 2499 703 2529 sui
726 2499 820 2530 causa

58 2541 185 2580 publica
206 2540 370 2581 vectigalia
394 2542 500 2582 populi
525 2542 661 2572 Romani
677 2542 695 2572 ῖι
709 2552 819 2572 censo-

59 2583 141 2614 ribus
164 2584 197 2614 in
218 2584 297 2619 forn,
313 2583 398 2614 certa
421 2595 453 2614 se
477 2585 650 2625 obligantes
674 2585 818 2625 pecunia,

59 2637 152 2667 quam
175 2627 377 2667 quaestoribus
401 2627 522 2657 urbanis
549 2629 817 2667 representabant.

59 2670 250 2700 Societatem
264 2669 307 2699 illi
321 2670 538 2705 conficiebant,
548 2671 599 2700 cui
611 2671 664 2711 qui
676 2678 818 2711 praeerat,

58 2712 215 2753 Magister
235 2713 390 2743 societatis
406 2713 586 2744 dicebatur.-
608 2714 703 2754 penes
722 2724 815 2755 quem

58 2761 136 2792 erat,
162 2755 250 2796 quasi
277 2756 427 2786 sociorum
456 2756 642 2798 reliquorum
676 2763 815 2788 senatum

57 2809 184 2840 cogere,
200 2799 239 2831 ad
256 2809 308 2831 eos
318 2800 430 2832 referre
446 2800 486 2832 de
503 2799 660 2833 societatis
671 2800 816 2843 negotiis,

829 1186 844 1203 ‘³
853 1185 1017 1234 prceter
1037 1182 1169 1222 Ιιίιφισ.

871 1394 1040 1425 curamque
1073 1394 1196 1414 onmem
1229 1382 1402 1415 tabularum
1428 1388 1460 1414 et
1481 1384 1634 1415 rationum

871 1428 1041 1468 suscipere,
1058 1436 1128 1468 quae
1151 1426 1291 1467 undique
1306 1427 1345 1457 ab
1367 1428 1448 1465 aliis,
1463 1428 1518 1467 qui
1532 1428 1636 1468 publi·

870 1474 1019 1500 canorum
1035 1470 1177 1500 societati
1199 1480 1327 1510 operam
1352 1470 1481 1505 dabant,
1497 1470 1634 1501 Romam

871 1513 1074 1542 mitterentur.
1121 1512 1181 1541 Hic
1205 1511 1296 1551 porro
1326 1513 1495 1553 quemdam
1526 1513 1635 1543 habuit

869 1565 926 1595 pro
941 1555 1088 1595 magistro
1103 1555 1135 1584 in
1152 1554 1328 1594 provincia,
1339 1555 1428 1596 quasi
1441 1556 1486 1585 sui
1499 1556 1633 1586 muneris

869 1597 1028 1634 vicarium,
1044 1603 1075 1628 et
1089 1597 1246 1628 societatis
1269 1598 1463 1637 praefectum,
1480 1598 1520 1629 ad
1537 1609 1633 1639 quem

870 1640 923 1671 alii
942 1641 1047 1671 literas
1064 1642 1185 1671 darent.

912 1686 942 1714 8.
968 1683 1042 1713 Cum
1064 1685 1114 1714 illo
1142 1682 1269 1723 ordine]
1316 1683 1362 1714 Ex
1389 1683 1497 1713 ordine
1519 1694 1632 1725 eques—

868 1726 906 1756 tri
922 1726 1032 1757 Cicero
1048 1727 1118 1762 suit,
1133 1736 1227 1767 quem
1244 1726 1296 1756 ille
1318 1726 1439 1762 consul,
1461 1732 1496 1757 ut
1512 1727 1631 1758 Plinius

868 1769 921 1800 lib.
936 1772 987 1800 33.
1000 1770 1116 1805 scribit,
1132 1769 1254 1799 senatui
1270 1770 1481 1806 conciliando,
1491 1775 1524 1799 et
1539 1780 1577 1800 ex
1591 1781 1630 1801 eo

867 1813 976 1843 ordine
998 1818 1098 1843 ortum
1125 1822 1157 1842 se
1179 1812 1392 1853 praedicando,
1410 1813 1542 1843 maxime
1567 1819 1631 1849 sta-

870 1855 979 1885 bilivit.

916 1900 966 1929 10.
989 1897 1162 1938 Bithynice]
1186 1897 1337 1939 Bithynia
1351 1897 1431 1928 Asiae
1445 1898 1569 1929 minoris
1581 1904 1630 1929 est

867 1942 953 1981 regio
968 1942 1007 1971 ad
1024 1941 1159 1971 Pontum
1183 1941 1254 1977 sita,
1276 1941 1415 1971 Thraciae
1438 1942 1581 1978 adversa,
1596 1947 1629 1972 et

867 1985 983 2014 Troadi
999 1984 1140 2014 finitima.

910 2027 958 2058 Ib.
984 2027 1054 2062 Quae
1082 2037 1160 2056 711an
1189 2026 1310 2066 vestrm]
1354 2025 1443 2057 Illius
1466 2026 1626 2068 Bithyniae

864 2080 916 2100 rex
933 2070 990 2100 fuit
1006 2070 1211 2108 Nicomedes,
1223 2070 1239 2100 ὲ
1256 2069 1318 2110 quit
1335 2068 1404 2099 esim
1430 2069 1537 2110 pulsus
1552 2070 1628 2100 suis-

864 2118 912 2142 set
934 2113 951 2142 a
966 2113 1167 2150 Mithridate,
1190 2112 1222 2142 in
1243 2112 1327 2142 idem
1345 2123 1432 2141 suum
1456 2123 1583 2152 regnum
1607 2113 1627 2142 εἷ

867 2155 956 2196 Sylla
966 2155 1123 2186 restitutus
1137 2160 1194 2187 est.
1238 2155 1300 2185 Sed
1324 2155 1446 2185 demum
1463 2155 1515 2185 ille
1530 2155 1624 2195 paulo

865 2197 935 2239 pdst
950 2198 1082 2229 moriens
1107 2198 1258 2239 populum
1283 2197 1461 2228 Romanum
1477 2197 1523 2228 sui
1538 2198 1626 2239 regni

865 2242 1021 2272 haeredem
1044 2241 1180 2282 reliquit,
1195 2241 1280 2282 quod
1297 2241 1315 2271 Ξ
1329 2240 1489 2282 republica
1503 2240 1535 2271 in
1550 2252 1623 2282 pro-

864 2284 973 2315 viuciae
985 2285 1113 2315 sormam
1126 2285 1285 2314 redactum
1302 2288 1360 2314 est.

908 2327 958 2357 Ib.
983 2327 1139 2358 Provincia
1161 2327 1228 2367 est.]
1288 2326 1456 2356 Provincia
1491 2326 1620 2357 sumitur

865 2370 1054 2411 quandoque
1070 2380 1126 2410 pro
1142 2370 1282 2410 regione,
1295 2379 1388 2410 quam
1398 2374 1451 2400 aut
1463 2370 1553 2399 armis
1567 2371 1624 2400 de-

865 2414 991 2448 victam,
1004 2418 1058 2442 aut
1070 2423 1267 2454 quocumque
1281 2412 1375 2442 modo
1390 2412 1421 2442 in
1435 2417 1623 2453 potestatem

864 2456 1045 2490 adductam,
1068 2456 1137 2496 ipse
1160 2455 1271 2496 populi
1299 2455 1437 2486 Romani
1456 2455 1623 2496 imperator

863 2498 1100 2530 administravit.

906 2546 959 2572 11.
982 2541 1117 2582 Regnum
1132 2540 1361 2582 Ariobarzanis]
1407 2540 1623 2582 Cappadociae

864 2596 915 2615 rex
942 2584 996 2614 ille
1019 2584 1090 2620 fuit,
1105 2595 1181 2624 pop.
1197 2584 1292 2614 Rom.
1311 2583 1438 2620 amicus,
1464 2585 1518 2624 qui
1541 2589 1586 2614 ter
1603 2585 1621 2615 a

864 2627 1050 2658 Mithridate
1077 2637 1174 2667 regno
1209 2628 1321 2658 cedere
1352 2631 1490 2662 coactus,
1515 2626 1533 2656 εἰ
1557 2627 1621 2657 Lu-

862 2671 944 2702 cullo
959 2670 1006 2701 bis
1022 2674 1054 2700 et
1071 2668 1205 2706 tertium,
1226 2669 1357 2700 devictis
1380 2670 1566 2700 Mithridate
1589 2675 1622 2702 ct

859 2715 1005 2756 Tigrane,
1016 2713 1048 2744 in
1061 2713 1144 2745 idem
1158 2724 1245 2744 suum
1261 2713 1279 2743 a
1291 2712 1447 2754 Pompeio
1461 2713 1618 2744 restitutus

860 2764 919 2790 esi·
