1858 3095
691 206 784 242 PRO
810 205 1019 243 RABIRIO.

695 409 1006 448 CONFL'TATIO;

129 517 270 562 Quam
288 513 459 553 im÷lzoat
488 527 567 567 per
587 514 871 566 apostrophen
902 513 957 552 ad
992 511 1242 560 Labienum,
1263 509 1559 564 conquerendo
1578 509 1632 549 de

68 573 289 612 semilwrae
303 571 468 610 ίαηίιὶηι
483 572 620 622 spatio
638 572 694 610 ad
709 571 936 610 Rabirium
951 570 1288 623 clcffendende
1314 583 1365 609 ac
1380 581 1453 608 seir.¹
1469 567 1630 618 objecta

72 629 154 679 ipsi,
173 629 354 667 erimina
375 628 544 667 brevite)
574 628 720 667 diluit.

125 684 295 724 Deinde
314 684 397 723 duo
417 685 496 724 sibi·
515 686 596 736 ipsi
617 684 774 734 σωρεία
794 685 975 723 crimina
998 684 1139 723 diluit.

127 793 186 835 ΙΙ.
220 794 361 847 Nunc,
382 795 667 851 quoniain‚T.
691 795 891 843 Labiene,
913 795 1146 850 diligentiae
1179 809 1284 837 mere
1315 792 1522 857 temporis
1554 807 1629 834 an-

68 850 224 914 gustiis
234 852 439 894 obstitisti
445 867 632 915 ,meque,
651 868 702 894 ex
716 860 962 907 comparato
978 861 1021 893 et
1037 852 1271 894 constituto
1289 851 1426 914 spatio
1440 850 1628 892 defensi-

66 922 175 958 onis,
186 923 230 949 in
246 909 469 950 semihorae
482 909 737 951 curriculum
751 908 1190 971 coegistifflarebitui,
1201 917 1244 950 et
1256 907 1414 964 (quod
1405 906 1627 969 iniquissi-

67 979 184 1006 mum
204 965 287 1027 est)
322 966 585 1007 accusatoris
616 965 869 1016 conditioni,
892 972 935 1006 et
965 966 1102 1028 (quod
1132 964 1448 1044 miserrimum)b
1462 963 1626 1005 inimici

65 1022 296 1076 potestati:
329 1037 588 1085 quanquam,
609 1023 654 1064 in
689 1023 737 1064 h·
721 1038 774 1064 ἰο
795 1022 1136 1078 apraescriptione
1173 1022 1410 1068 semihmae,
1430 1019 1627 1077 bpatroni

66 1077 172 1118 mihi
192 1085 333 1133 partes
354 1079 580 1136 reliquisti,
603 1080 790 1121 consulis
823 1079 1047 1130 ademisti3
1078 1077 1304 1135 pr'optelea
1325 1077 1458 1133 quod,
1479 1077 1533 1118 ad
1555 1077 1628 1118 de-

69 1134 345 1186 fendendum,
367 1136 676 1191 piopemoduni
705 1137 810 1177 satis
830 1135 909 1177 erit
930 1136 1013 1177 hoo
1033 1136 1138 1176 mihi
1158 1134 1378 1191 temporis,
1400 1133 1544 1175 verum
1571 1133 1628 1174 ad

70 1192 421 1247 conquerendum
450 1208 623 1248 parum3
653 1193 735 1234 nisi
756 1191 865 1233 forte
887 1192 940 1233 de
962 1192 1071 1234 locis
1099 1192 1326 1248 religiosis,
1350 1206 1400 1232 ac
1421 1191 1474 1232 de
1501 1189 1627 1241 lucis,

71 1261 178 1303 quos
201 1248 254 1289 ab
275 1248 359 1289 hoc
376 1249 556 1290 violatos
578 1264 671 1291 esse
703 1248 865 1299 dixisti,
881 1248 1075 1304 pluiibus
1095 1249 1235 1290 verbis
1257 1248 1336 1289 tibi
1368 1247 1628 1310 responden-

1653 207 1711 253 67

1673 1022 1700 1062 Cn

71 1306 174 1344 dum
195 1310 343 1358 putas·
377 1320 461 1360 quo
482 1306 524 1346 in
545 1306 737 1356 crimine,
755 1305 860 1346 nihil
891 1312 957 1346 est
978 1320 1167 1360 unquam
1192 1306 1268 1346 abs
1289 1312 1330 1346 te
1351 1302 1628 1352 dictum,nisi
1649 1304 1703 1346 lO

71 1375 96 1400 a
119 1360 170 1401 C.
189 1360 340 1401 Macro
352 1361 591 1423 objectum
612 1377 704 1403 esse
726 1362 886 1403 crimen
912 1361 955 1402 id
985 1361 1036 1402 C.
1058 1361 1252 1402 Rabirio·
1285 1361 1329 1401 in
1348 1375 1433 1423 quo
1451 1374 1532 1415 ego
1555 1360 1631 1401 de-

69 1416 213 1467 miror,
235 1416 481 1458 meminisse
512 1425 568 1468 te,
592 1418 697 1474 quid
733 1417 940 1482 objecerit
960 1417 1011 1458 C.
1031 1417 1208 1458 Rabirio
1241 1416 1418 1458 Macer
1410 1416 1629 1467 inimicus3

71 1472 254 1515 oblitum
274 1488 384 1525 esse,
405 1474 509 1530 quid
529 1490 641 1530 aequi
662 1481 706 1516 et
730 1473 862 1530 juiati
885 1473 1058 1530 judices
1080 1473 1331 1536 judicarint.
1391 1472 1462 1513 An
1483 1473 1536 1513 de
1557 1486 1631 1528 pe-

70 1529 217 1571 culatu
237 1529 369 1581 sacto,
389 1545 445 1571 an
465 1531 518 1572 de
539 1531 776 1573 tabulario
768 1545 957 1579 incenso,
978 1531 1108 1586 longa
1136 1530 1271 1571 oratio
1293 1536 1359 1572 est
1379 1543 1631 1592 expromen-

71 1587 156 1628 da?
183 1586 333 1649 quoin
353 1587 543 1638 crimine,
561 1589 825 1659 propinquus
845 1586 896 1628 C.
909 1587 1088 1638 Rabirii,
1101 1586 1269 1643 judicio
1301 1585 1556 1637 clarissimo,
1577 1585 1630 1628 C.
1652 1587 1703 1630 15

73 1642 260 1692 Curtius,
272 1658 349 1700 pro
363 1645 517 1686 virtute
531 1660 595 1686 su
585 1645 625 1697 ἲι,
640 1652 706 1686 est
717 1642 1023 1686 honestissime
1037 1643 1265 1685 liberatus:
1286 1643 1379 1700 ipse
1393 1641 1490 1685 vero
1503 1642 1633 1684 Rabi-

72 1699 172 1750 rius,
197 1715 283 1742 non
305 1700 464 1743 modo
454 1716 498 1742 in
503 1702 724 1765 judicium
754 1702 907 1743 horum
925 1700 1164 1752 criminum,
1185 1700 1262 1742 secl
1292 1716 1345 1742 ne
1366 1701 1410 1741 in
1431 1698 1634 1742 tenuissi-

72 1771 186 1799 mam
205 1756 380 1815 quidem
397 1773 702 1814 suspicionem,
714 1758 844 1801 verbo
862 1764 929 1800 est
940 1772 1130 1814 unquam
1145 1763 1341 1800 vocatus.
1400 1757 1472 1800 An
1491 1755 1544 1798 de
1565 1769 1635 1798 so-

434 1874 715 1929 ²defimti'0ne.

120 1990 148 2018 1.
196 1987 230 2020 T.
247 1987 397 2029 Labiene]
456 1987 610 2019 Tribunus
643 1989 743 2030 plebis
766 1993 832 2019 erat

76 2029 243 2066 Labienus,
267 2031 322 2072 qui
349 2031 366 2061 zi
395 2030 518 2062 Caesare
542 2033 650 2063 deficit
672 2033 713 2063 ad
737 2033 832 2064 Poin-

76 2071 190 2113 peiuin.

121 2117 152 2146 3.
174 2116 350 2157 &milior-cc]
395 2116 467 2147 Vox
488 2117 542 2147 illa
564 2118 658 2148 semel
682 2117 731 2148 hic
747 2118 831 2158 apud

78 2157 261 2190 Ciceronem
307 2159 468 2198 reperitur.
536 2160 683 2196 Queritur
729 2166 832 2190 autem

79 2200 128 2232 liic
145 2200 227 2241 quud
251 2207 312 2232 tani
337 2202 427 2232 breve
450 2203 597 2241 temporis
619 2203 752 2243 spatium
776 2202 834 2232 sibi

79 2244 118 2273 ad
142 2243 310 2274 dicendum
340 2245 539 2280 concedatur,
562 2244 630 2275 etun
664 2245 833 2277 accusatori

78 2286 170 2326 vulgo
199 2288 281 2317 liorae
314 2287 396 2324 duae,
429 2288 585 2318 defensori
614 2293 686 2324 tres,
709 2288 834 2330 permit-

80 2335 191 2362 tantur.

123 2375 156 2404 8.
202 2372 250 2403 De
277 2373 342 2403 locis
362 2373 528 2414 religiosis]
587 2374 671 2405 Loca
693 2373 835 2415 religiosa

80 2415 285 2452 habebantur,
301 2415 362 2457 quo
391 2415 499 2446 mortui
522 2417 649 2447 fuerunt
674 2417 770 2447 illati:
792 2416 835 2447 ita

81 2458 243 2490 Marianus
264 2458 433 2490 Juriscons.
450 2459 504 2489 lib.
522 2460 644 2500 Digest.
665 2460 714 2490 vel
740 2458 833 2490 etiam

82 2500 164 2532 luci
158 2511 189 2532 in
204 2502 293 2532 fundi
310 2501 451 2553 villaeque
475 2508 656 2544 conspectu,
673 2504 704 2533 in
721 2503 833 2544 quibus

82 2543 160 2575 lares
171 2545 260 2576 certis
271 2545 410 2576 diebus
395 2556 415 2575 a
430 2545 563 2576 dominis
576 2551 608 2576 et
617 2546 740 2576 famulis
753 2545 835 2576 cole-

83 2587 204 2618 bantur.

122 2629 172 2660 lb.
196 2629 242 2661 De
255 2631 354 2672 lucia]
398 2629 474 2661 Luci
499 2641 626 2662 nemora
647 2634 735 2661 erant
759 2629 830 2660 reli-

81 2671 174 2713 giosis
195 2672 270 2705 locis
292 2679 346 2704 aut
376 2674 514 2704 delubris
544 2675 657 2710 vicina,
680 2683 750 2713 quae
772 2673 831 2703 ali-

80 2717 130 2748 cui
157 2716 274 2748 numini
297 2718 566 2748 consecrabantur.
608 2716 659 2748 Ita
673 2716 762 2757 Virg.
779 2716 833 2746 lib.

84 2761 114 2788 6.
140 2758 269 2789 AEne'i‘d.
317 2759 400 2790 Unde
421 2761 507 2791 etium
532 2759 635 2791 Triviae
657 2760 760 2799 templo
783 2760 830 2789 ln-

81 2803 175 2842 cisque
209 2803 329 2832 sacratis
367 2802 536 2841 Cin-nipedes
577 2809 715 2834 arcentur
758 2804 832 2843 equi.

84 2844 219 2877 Possunt
249 2845 342 2876 etiam
373 2844 504 2887 intelligi
537 2847 670 2882 arbores,
694 2855 770 2889 quas
792 2846 831 2877 ad

999 1872 1017 1897 ¹³
1026 1874 1274 1930 defensoris.

875 1987 1010 2019 tumulos
1026 1987 1109 2018 soliti
1123 1987 1246 2018 suerunt
1262 1996 1376 2023 serere,
1392 1996 1461 2028 quae
1476 1996 1533 2028 pro
1557 1985 1634 2018 lucis

874 2032 1079 2062 habebantur.

921 2076 974 2105 11.
990 2075 1016 2104 A
1033 2074 1164 2114 Maera]
1189 2074 1310 2109 Macer,
1321 2073 1353 2103 in
1366 2072 1426 2103 alia
1438 2070 1542 2107 causa,
1552 2071 1636 2112 ejus-

877 2117 950 2147 dem
981 2117 1114 2147 criminis
1145 2116 1309 2146 Rabirium
1343 2115 1586 2150 insimulaverat,
1615 2114 1635 2144 a.

876 2158 1091 2200 quojudiciiiu
1117 2159 1274 2188 sententia
1297 2158 1442 2188 liberatus
1458 2163 1516 2187 est.
1559 2157 1635 2187 Ma-

876 2212 928 2232 cer
957 2201 1009 2232 ille
1038 2201 1083 2231 vir
1112 2201 1270 2241 praetoriiis
1293 2200 1362 2236 fuit,
1386 2200 1475 2230 Calvi
1506 2200 1634 2230 oratoris

876 2249 984 2285 pater:
1002 2244 1050 2274 ⁴de
1066 2254 1104 2274 eo
1121 2244 1261 2274 meminit
1276 2242 1388 2273 Cicero
1403 2243 1434 2272 in
1451 2242 1560 2273 Bruto.

923 2289 974 2318 13.
996 2286 1124 2326 Jurati.]
1155 2285 1453 2325 Solebannjudices,
1464 2284 1634 2326 antequam

878 2330 1063 2361 sententiam
1085 2329 1212 2366 ferrent,
1239 2339 1272 2360 se
1296 2328 1414 2359 sincere
1439 2327 1635 2370 judicaturos

891 2383 990 2403 utare.

872 2384 886 2414 J
922 2416 971 2446 Ib.
994 2415 1043 2446 An
1061 2415 1096 2445 de
1115 2414 1278 2455 peculatu]
1324 2413 1493 2444 Peculatus
1519 2414 1634 2446 furtum

878 2463 926 2489 est
946 2458 1086 2498 pecnniae
1110 2457 1241 2498 publicae
1263 2462 1317 2488 aut
1338 2467 1447 2488 sacrae:
1475 2456 1562 2498 cujus
1586 2458 1635 2488 sur

879 2501 992 2532 dicitur
1003 2501 1175 2541 peculator.

923 2547 975 2575 14.
1000 2544 1155 2574 Tabulario
1181 2543 1319 2584 incensa]
1363 2541 1563 2574 Tabularium
1587 2543 1634 2573 lo-

879 2597 933 2618 cus
956 2591 1004 2618 est
1026 2586 1080 2617 ubi
1102 2585 1215 2617 tabulae
1240 2591 1273 2616 et
1293 2585 1431 2616 civitatis
1453 2586 1569 2626 scripta
1585 2595 1634 2615 re-

873 2635 1050 2671 ponuntur3
1073 2629 1135 2660 tale
1161 2629 1222 2659 suit
1250 2629 1375 2659 Saturni
1405 2638 1441 2658 ac
1464 2627 1632 2658 Libertatis

874 2671 1045 2711 templum3
1054 2682 1125 2703 cum
1137 2678 1241 2702 autern
1253 2671 1440 2712 objiceretur
1453 2669 1582 2700 Rabirio
1592 2670 1633 2700 ab

875 2726 914 2746 eo
935 2715 1029 2746 fuisse
1052 2715 1261 2745 tabularium
1253 2724 1423 2748 incensum,
1437 2712 1574 2743 nondum
1596 2712 1633 2743 id

875 2759 1026 2799 patebat·
1019 2781 1027 2794 ‚
1042 2768 1113 2789 nani
1130 2758 1250 2799 postea,
1261 2758 1292 2788 id
1303 2768 1336 2788 se
1346 2755 1455 2786 secisse
1471 2755 1514 2792 Q.
1526 2754 1635 2786 Sosius

875 2811 973 2842 eques
988 2800 1082 2833 Rom.
1098 2801 1256 2832 confessus
1276 2804 1334 2830 est.

923 2846 974 2875 18.
991 2843 1105 2886 Verba]
1129 2843 1168 2876 Id
1184 2848 1241 2879 est,
1253 2853 1293 2874 ne
1306 2852 1368 2875 uno
1383 2840 1512 2884 quidem
1526 2840 1634 2878 verbo.

1246 2896 1276 2927 fl
