1858 3095
878 158 997 193 νΙΤΑ.
1701 167 1742 209 ix

147 237 240 292 ipse
261 244 402 278 autem
421 234 604 293 quodvis
657 235 862 276 ericulum
879 236 1009 287 adire,
1030 236 1155 292 quiim
1179 236 1204 278 a
1225 237 1396 293 sperat&
1417 237 1586 279 dicendi
1609 240 1745 296 glori-Cr

149 293 371 335 discedere
392 294 552 343 mallet,
570 294 629 333 At
643 307 765 333 renas
787 293 1004 348 profectus
1026 301 1106 343 est,
1126 294 1196 335 ubi
1220 301 1482 336 commutato
1505 310 1658 351 genere
1681 297 1744 337 di-

151 351 275 392 cendi
300 350 445 392 vitavit
467 350 731 405 periculum3
761 364 859 390 nam
882 350 1187 404 temperantisis
1224 351 1316 392 sinc
1341 351 1415 391 ill-a
1443 351 1608 392 summ-st
1627 354 1743 394 vocis

152 422 203 449 ac
224 408 356 448 totius
391 406 580 462 corporis
614 405 890 447 contentione
913 406 1034 446 dixit.
1094 407 1338 463 Antequam
1366 407 1622 458 discederet,
1646 411 1747 450 Are-

153 464 253 504 tinae
270 462 455 504 mulieris
474 477 648 504 causam
661 462 869 504 defendit.
929 463 1112 504 Athenis
1127 479 1200 505 sex
1217 479 1385 505 menses
1403 478 1501 504 cum
1517 465 1748 512 Antiocho,

153 519 390 561 clarissimo
408 519 679 576 philosopho,
702 519 892 560 studium
909 519 1205 575 philosophiae,
1224 535 1442 576 nunquam
1462 521 1751 562 intermissum

155 577 208 617 ab
240 575 547 627 adolescenti-21,
571 575 811 617 renovavit:
844 575 1082 632 Epicureos
1105 576 1336 618 Phaedrum
1364 584 1406 618 et
1435 577 1652 619 Zenonem
1673 579 1752 619 fre-

155 640 335 689 quenter
355 648 451 675 cum
470 633 619 674 Attico
636 632 814 673 audivit.

587 744 754 773 ANNUS
788 744 933 772 muns
966 745 1199 773 conTAE
1232 733 1328 774 675.

189 814 304 856 Coss.
324 814 383 856 M
383 845 390 854 .
413 815 592 856 AEmilio
616 812 793 868 Lepido,
820 816 867 863 Q.
892 815 1070 855 Lutatio
1090 815 1260 865 Cabala,
1294 820 1395 857 ante
1419 816 1636 858 Christum
1659 817 1728 857 77.

634 873 851 912 Ciceronis
870 874 1099 924 vigesimus
1118 886 1276 912 nonus.

217 942 315 984 Hoc
327 957 439 984 anno
453 943 688 999 pediculari
702 943 850 984 morbo
860 943 903 984 in
919 958 1021 999 agro
1037 942 1231 985 Cumano
1242 950 1433 986 mortuus
1447 952 1513 986 est
1525 945 1665 1001 Sylla3
1688 961 1758 987 cu-

156 1000 229 1056 jus
246 999 344 1041 cnm
366 1014 479 1042 mors
501 1000 701 1041 Ciceroni
719 1001 964 1041 renuntiata.
979 1007 1059 1051 est,
1074 1000 1425 1056 confirmatz‘ijam
1441 1002 1700 1052 valetudine,
1717 1010 1759 1043 et

162 1056 362 1112 precibus
374 1057 622 1106 amicorum,
640 1063 682 1098 et
697 1057 906 1099 Antiochi
920 1057 1230 1108 cohortatione,
1245 1057 1428 1098 Romam
1443 1059 1576 1100 redire
1594 1059 1759 1110 statuit,

164 1120 213 1154 ut
235 1112 559 1169 Rempublicam
581 1121 838 1169 capesseret.
898 1113 1082 1154 Athenis
1100 1114 1213 1169 apud
1234 1114 1516 1166 Demetrium,
1537 1130 1622 1156 non
1641 1115 1763 1171 igno-

164 1169 295 1210 bilem
311 1170 484 1211 dicendi
505 1170 772 1225 magistrum,
792 1170 1089 1211 exercebatur:
1112 1169 1223 1225 pbst,
1241 1177 1376 1211 totam
1400 1172 1550 1212 Asiam
1568 1172 1765 1212 lustravit

167 1241 265 1266 curn
281 1227 459 1267 summis
482 1226 734 1267 oratoribus.
771 1226 951 1267 Audivit
963 1226 1221 1282 Menippum
1235 1235 1524 1283 cognomento
1542 1227 1765 1278 Catocam,

166 1282 354 1322 nobilem
368 1289 578 1323 oratorem
593 1298 604 1332 ;
627 1282 867 1322 Xenoclem
883 1282 1256 1337 Adramyttenum,
1270 1284 1526 1339 AEschylum
1539 1285 1742 1326 Cnidium
1755 1302 1765 1334 ;

168 1337 342 1379 assidue
359 1345 503 1379 autem
524 1337 606 1378 fuit
626 1352 725 1378 cum
747 1338 955 1378 Cicerone
974 1337 1211 1394 Dionysius
1226 1339 1424 1395 Magnes.
1483 1340 1616 1381 Venit
1650 1341 1768 1382 Rho-

170 1395 286 1444 dum,
302 1395 375 1435 ubi
391 1393 559 1446 iternm,
576 1395 804 1450 quemjam
818 1393 969 1435 Romae
984 1394 1208 1435 Molonem
1221 1396 1456 1445 audiverat,
1468 1397 1768 1453 frequentavit,

101 1483 113 1491 ,
170 1452 245 1508 qui
266 1458 386 1493 actor
401 1451 445 1492 in
462 1451 571 1492 veris
600 1451 756 1501 causis,
798 1450 1063 1506 scriptorque
1080 1451 1254 1502 nobilis,
1276 1459 1319 1493 et
1345 1453 1388 1493 in
1409 1453 1612 1494 notandis
1640 1454 1770 1495 corri-

171 1508 409 1564 gendisque
429 1508 560 1558 vitiis,
586 1514 630 1549 et
665 1507 930 1548 instituendo
961 1507 1258 1564 docendoque,
1292 1509 1652 1564 prudentissimus
1674 1510 1769 1553 fuit.

176 1566 218 1605 Is
240 1564 384 1606 effecit
400 1570 448 1605 ut
469 1564 623 1606 Cicero
651 1564 962 1605 redundantem
979 1564 1104 1604 nimis
1127 1564 1244 1605 illam
1262 1566 1434 1607 dicendi
1457 1566 1626 1623 copiam
1644 1567 1774 1623 repri—

173 1628 323 1663 meret.
381 1621 468 1662 Hic
503 1621 634 1662 fertur
658 1621 833 1677 rogasse
869 1620 1122 1662 Ciceronem
1152 1621 1314 1664 Graecae
1351 1623 1507 1679 linguae
1540 1624 1702 1674 rudem,
1725 1631 1772 1665 ut

176 1678 329 1720 Graece
361 1677 645 1719 declamaret:
676 1677 832 1734 paruit,
874 1685 920 1718 ut
951 1678 1004 1718 ab
1041 1692 1091 1719 eo
1114 1679 1421 1721 emendaretur.
1483 1678 1591 1720 Cnm
1629 1688 1772 1722 autem

177 1734 322 1777 caeteri
341 1736 478 1776 multa
497 1736 550 1776 de
568 1735 777 1776 Cicerone
794 1733 982 1790 gloriose
1003 1735 1302 1788 praedicarent,
1320 1736 1425 1777 nihil
1445 1736 1606 1777 laetitiae
1626 1752 1711 1792 prae
1729 1753 1774 1779 se

176 1793 277 1834 tulit
298 1791 419 1833 Molo
436 1809 444 1833 :
476 1792 595 1847 quod
612 1790 710 1833 cnm
731 1789 843 1848 aegre
862 1791 1116 1832 Ciceronem
1132 1792 1239 1834 ferre
1254 1792 1476 1844 sensisset,
1494 1794 1773 1836 exclamavit:

183 1851 248 1891 Te
267 1852 411 1899 miror,
449 1849 604 1898 Cicero,
638 1855 679 1890 et
713 1851 841 1890 laudo
856 1867 868 1890 :
899 1850 972 1890 sed
991 1864 1055 1890 me
1079 1850 1325 1890 Grcecoo-wn
1352 1852 1556 1905 fortuna?
1593 1854 1774 1901 miseret,

176 1909 266 1948 οὰηι
289 1908 456 1948 videam
475 1908 684 1947 doetrinae
702 1912 744 1947 et
758 1908 1013 1958 eloquentiae
1032 1907 1217 1957 laudem,
1240 1922 1340 1960 quse
1374 1910 1463 1949 sola
1494 1909 1613 1949 nob-is
1647 1914 1778 1949 resta-

177 1965 263 2014 bat,
290 1978 370 2018 per
391 1969 431 2005 te
451 1964 507 2004 ad
528 1965 745 2005 Romanos
766 1965 1030 2004 translatum
1050 1965 1122 2003 iri.

600 2082 771 2112 ANNUS
809 2085 957 2112 unsis
993 2082 1225 2111 CONDITAE
1262 2070 1359 2110 676.

185 2153 297 2193 Coss.
320 2152 377 2192 D.
400 2153 538 2193 szio
552 2151 708 2202 Bruto,
731 2153 910 2194 AEmilio
929 2154 1089 2207 Lepido
1111 2155 1308 2203 Liuiano,
1342 2159 1442 2195 (mre
1470 2157 1687 2196 Christum
1712 2157 1780 2197 76.

744 2211 962 2250 Ciceronis
982 2213 1237 2263 trigesimus.

243 2282 341 2323 Hoc
357 2296 468 2323 anno
487 2280 641 2323 Cicero
657 2296 702 2323 se
716 2281 879 2337 recepit
895 2280 917 2322 ὲ
933 2282 1118 2332 Graecia,
1142 2283 1316 2325 biennio
1339 2284 1566 2340 postquam
1585 2286 1671 2326 huc
1687 2301 1783 2342 pro-

187 2339 329 2381 fectus
348 2345 451 2388 erat,
474 2345 591 2379 totus
613 2337 734 2395 paene
755 2344 959 2380 mutatus.
1020 2338 1129 2379 Cum
1147 2346 1289 2381 autern
1311 2355 1477 2383 summo
1500 2342 1642 2383 studio
1664 2357 1784 2399 rape-

190 2404 304 2437 retur
324 2395 378 2436 ad
399 2394 592 2452 gloriam,
627 2395 752 2436 ardor
781 2396 872 2451 ejus
894 2396 1068 2437 oraculo
1091 2397 1279 2451 quodam
1301 2412 1518 2453 repressus
1542 2406 1630 2440 est:
1669 2414 1781 2448 nam,

191 2452 289 2494 cum
310 2450 495 2508 Delphis
510 2451 618 2493 illud
648 2452 951 2503 consuluisset,
973 2453 1208 2508 respondit,
1226 2468 1347 2495 suam
1383 2462 1430 2496 ut
1459 2462 1666 2500 naturam,
1697 2470 1783 2496 non

190 2508 479 2550 multitudinis
501 2509 760 2564 opinionem,
795 2509 950 2550 ducem
983 2509 1081 2550 vitae
1120 2517 1389 2565 sequeretur:
1425 2512 1571 2567 quare,
1604 2511 1785 2553 Romam

191 2581 399 2616 reversus,
420 2563 570 2606 timide
591 2565 711 2616 vixit,
726 2572 769 2605 et
786 2580 860 2621 per
881 2572 1176 2622 contemptum
1192 2566 1415 2608 Graeculus
1438 2568 1677 2623 appellatus
1694 2576 1784 2619 est3

194 2623 285 2674 sed,
315 2622 469 2678 partim
490 2622 638 2677 patris,
658 2622 812 2678 partim
826 2621 1060 2663 amicorum
1082 2623 1466 2673 adhortationibus,
1492 2639 1536 2664 se
1555 2631 1694 2665 totum
1714 2640 1789 2681 pa-

194 2679 388 2721 trociniis
405 2679 538 2729 dedit,
570 2678 692 2720 tant-21
719 2677 842 2735 porro
877 2677 1096 2729 felicitate,
1139 2687 1188 2720 ut
1226 2680 1396 2721 dicendi
1429 2679 1563 2735 gloria
1601 2681 1787 2736 reliquos

195 2743 382 2777 oratores
402 2735 623 2791 superarit.
672 2735 769 2776 Hoc
790 2749 901 2776 anno
921 2734 1168 2792 Pompeius,
1186 2736 1390 2793 privatuS,
1411 2743 1455 2778 et
1473 2737 1615 2778 adhuc
1628 2737 1787 2794 Eques,

193 2806 270 2847 pro
293 2791 482 2834 Consule
504 2798 653 2834 contra
673 2791 910 2835 Sertorium
929 2791 1087 2835 missus
1108 2801 1188 2835 est.
