1790 3090
69 138 155 183 418

756 136 1018 173 PHILIPPJCA
1042 137 1089 171 11.

150 217 233 258 rias
250 228 467 273 nunquam
483 212 799 255 incidissemus.
821 214 966 271 Atque
980 214 1095 256 idem
1109 226 1204 269 ego,
1222 211 1320 255 cum
1335 212 1426 268 jam
1443 221 1590 256 omnes
1603 227 1705 271 opes

151 281 196 315 et
216 288 314 315 suas
337 280 379 314 et
400 271 549 328 populi
570 270 696 312 Rom.
714 270 949 327 Pompeius
964 271 1018 312 ad
1033 271 1246 311 Caesarem
1263 269 1503 322 detulisset,
1522 269 1705 327 seroque

151 346 201 373 ea
221 330 376 372 sentire
399 328 619 384 coepisset,
639 342 734 383 quae
765 342 846 384 ego
878 326 979 369 ante
1010 327 1148 368 multo
1168 327 1452 384 provideram,
1474 327 1705 383 inferrique

150 387 298 444 patriae
330 385 491 426 bellum
520 385 729 426 nefarium
749 385 962 435 viderem;
994 384 1130 440 pacis,
1153 384 1406 435 concordiae,
1428 384 1706 440 compositio-

76 447 132 487 35
152 444 233 492 nis,
264 449 413 483 auctor
443 456 537 483 esse
568 456 656 483 non
687 440 868 482 destiti:'
891 456 1071 496 meaque
1102 441 1286 482 illavox
1318 447 1384 482 est
1412 448 1515 482 nota
1543 440 1706 494 multis,

151 505 178 525 “
201 499 392 550 Utinam,
415 498 494 540 Cn.
516 497 712 554 Pompei,
735 512 833 538 cum
856 497 907 539 C.
930 498 1098 539 Caesare
1122 496 1373 539 societatem
1394 503 1467 538 aut
1487 512 1706 553 nunquam

149 557 353 607 dcoisses,
384 562 458 597 aut
486 570 705 611 nunquam
737 555 981 596 diremisses
999 556 1006 596 !
1047 554 1128 595 fuit
1164 554 1341 595 alterum
1379 554 1614 610 gravitatis,
1648 555 1708 596 al-

150 620 287 654 terum
308 612 544 669 prudentiae
565 612 691 653 tuae.''
731 611 837 652 Haec
853 626 963 662 mea,
985 611 1049 652 M.
1066 610 1245 662 Antoni,
1267 625 1433 666 semper
1449 617 1492 652 et
1507 612 1560 652 de
1579 611 1710 653 Pom-

150 670 265 726 peio,
287 677 330 711 et
350 670 403 711 de
425 669 661 725 republica,
683 668 866 710 consilia
888 669 1086 720 fuerunt;
1117 682 1212 723 quae
1233 667 1269 707 si
1290 667 1541 719 valuissent,
1560 683 1710 724 respu-

76 730 133 773 40
151 728 264 769 blica
285 733 441 778 staret3
473 734 519 767 tu
540 725 625 766 tuis
647 725 839 781 flagitiis,
861 731 1066 781 egestate,
1090 723 1280 776 infamia,
1303 722 1582 766 conoi‘disses.
1620 724 1710 766 Sed

151 784 245 825 haec
262 791 426 825 vetera:
459 783 566 823 illud
585 782 683 823 vero
699 797 862 833 recens,
882 783 1095 823 Caesarem
1113 796 1207 823 meo
1223 780 1405 822 consilio
1423 781 1709 823 intersectum.

149 841 247 881 Jam
267 854 429 890 vereor,
453 840 602 880 Patres
627 839 885 894 Conscripti,
908 854 961 880 ne
986 839 1118 894 (quod
1136 838 1430 894 turpissimum
1447 842 1531 888 est)
1551 853 1709 894 praeva-

150 897 375 938 ricatorem
396 895 501 936 mihi
522 895 776 950 apposuisse
797 895 957 946 videar,
980 895 1053 950 qui
1074 910 1140 936 me
1161 910 1246 936 non
1269 894 1405 936 solum
1436 894 1543 935 meis
1573 895 1711 936 laudi-

150 953 231 994 bus
263 959 445 1002 ornaret,
478 952 555 992 sed
587 951 712 992 etiam
747 957 940 992 oneraret
980 951 1130 991 alienis
1148 968 1156 992 :
1199 952 1293 1006 quis
1325 951 1439 992 enim
1466 957 1635 993 emeum
1664 952 1710 993 in

77 1014 131 1056 45
151 1009 236 1051 ista
249 1009 457 1051 societate
473 1007 769 1064 gloriosissimi
783 1007 887 1048 facti
900 1021 1057 1048 nomen
1072 1007 1252 1047 audivit?
1270 1008 1392 1062 cujus
1409 1014 1564 1058 autem,
1575 1008 1649 1064 qui
1665 1007 1711 1048 in

152 1081 203 1108 eo
221 1080 395 1107 numero
413 1066 578 1117 fuisset,
596 1079 752 1105 nomen
771 1071 837 1104 est
853 1063 1140 1105 occultatum?
1163 1063 1426 1104 occultatum
1442 1063 1565 1104 dico?
1587 1065 1710 1120 cujus

149 1138 236 1164 non
249 1123 393 1164 statim
407 1121 700 1178 divulgatum?
722 1120 849 1162 citius
864 1120 1040 1161 dixerim
1048 1119 1243 1176 jactasse
1257 1134 1302 1161 se
1316 1118 1500 1175 aliquos,
1514 1126 1561 1162 ut
1575 1120 1710 1162 fuisse

149 1180 193 1221 in
214 1180 267 1221 ea
289 1179 496 1221 societate
510 1179 766 1229 viderentur,
782 1179 880 1219 cum
895 1177 1059 1219 conscii
1076 1191 1161 1218 non
1179 1176 1378 1229 fuissent,
1393 1178 1521 1233 quam
1535 1183 1582 1218 ut
1594 1177 1710 1233 quis-

150 1251 279 1293 quam
310 1236 436 1277 celari
467 1236 610 1287 vellet,
642 1235 715 1291 qui
746 1234 912 1276 fuisset.

974 1234 1118 1282 Quam
1139 1233 1367 1275 verisimile
1399 1232 1523 1289 porro
1554 1242 1634 1286 est,
1663 1233 1712 1276 in

76 1300 133 1341 50
151 1300 216 1335 tot
236 1293 496 1341 hominibus,
517 1292 670 1348 partim
701 1291 909 1339 obscuris,
932 1291 1088 1347 partim
1109 1290 1474 1342 adolescentibus,
1496 1291 1711 1332 neminem

150 1350 486 1402 occultantibus,
507 1364 647 1390 meum
668 1363 825 1390 nomen
846 1349 978 1389 latere
999 1347 1216 1405 potuisse?
1249 1347 1436 1399 Etenim,
1458 1347 1493 1388 si
1515 1356 1710 1390 auctores

150 1408 203 1448 ad
221 1408 484 1449 liberandam
501 1406 681 1462 patriam
697 1405 1058 1447 fdesiderarentur
1079 1405 1164 1446 illis
1181 1404 1442 1452 auctoribus,
1457 1404 1614 1446 Brutos
1629 1419 1710 1460 ego

152 1464 427 1520 impellerem,
450 1461 630 1520 quorum
653 1469 830 1519 uterque
854 1462 900 1503 L.
923 1462 1046 1504 Bruti
1067 1461 1300 1518 imaginem
1322 1461 1515 1517 quotidie
1532 1461 1710 1513 videret,

151 1522 258 1563 alter
279 1521 408 1563 etiam
429 1520 605 1561 Ahalae?
638 1520 694 1560 Hi
715 1520 856 1576 igitur,
874 1518 941 1559 his
965 1519 1195 1575 majoribus
1216 1518 1312 1569 orti,
1329 1518 1382 1559 ab
1400 1517 1549 1560 alienis
1565 1518 1710 1574 potius

151 1578 380 1622 consilium
407 1584 615 1635 peterent,
638 1576 768 1635 quam
799 1576 826 1618 a
855 1576 972 1618 suis?
1004 1583 1048 1618 et
1077 1576 1178 1618 foris
1209 1574 1368 1632 potius,
1390 1574 1520 1631 quam
1551 1575 1711 1618 domo?

76 1585 131 1626 55

282 1736 299 1761 d
307 1738 404 1790 conj
406 1737 618 1778 unxisse&

758 1833 764 1840 Ἰ
783 1846 861 1875 :21:³¹5
880 1853 901 1859 ⁴.
934 1845 964 1857 ἰ.

152 1935 221 1955 cum
246 1923 375 1955 tribunis
398 1923 511 1964 plebis,
526 1926 560 1953 ut
583 1922 622 1953 ad
645 1921 796 1964 populum
817 1921 910 1952 refer-

152 1973 234 2006 rent,
249 1973 284 1997 ut
296 1967 365 2004 sibi,
377 1967 450 1997 licet
464 1966 596 2001 absenti,
609 1966 785 1996 consulatus
798 1964 909 1995 iterum

153 2012 392 2048 decerneretur3
416 2010 499 2051 quod
526 2019 630 2050 neque
658 2009 784 2046 Catoni,
809 2018 911 2048 neque

155 2054 300 2085 Ciceroni
337 2054 498 2094 probatum
536 2057 593 2087 est,
631 2052 687 2092 qui
725 2051 912 2092 Pompeium

153 2097 201 2139 (in
217 2098 278 2137 Ep.
303 2097 341 2126 ad
366 2095 452 2137 Att.)
474 2095 640 2137 provinciae.
663 2099 912 2135 propagatorem,

155 2146 188 2171 et
203 2141 339 2171 absentis
356 2139 486 2170 Caesaris
509 2139 542 2169 in
565 2138 706 2168 omnibus
729 2138 913 2178 adjutorem,

156 2190 257 2215 vocat.

199 2230 253 2258 31.
277 2226 349 2266 Opes
362 2232 388 2256 et
401 2235 470 2256 suas
482 2230 510 2255 et
521 2234 585 2263 pop.
604 2223 706 2263 Rom]
742 2223 913 2265 Pompeius

157 2271 234 2301 duas
251 2269 390 2310 legiones
404 2270 443 2299 ad
459 2269 613 2299 Caesarem
626 2267 657 2296 in
670 2266 806 2297 Galliam
818 2267 914 2304 misit,

157 2320 192 2344 ut
208 2313 392 2343 Plutarchus
407 2312 502 2342 refert
515 2311 547 2340 in
563 2310 676 2351 Pomp.

199 2358 252 2388 37.
291 2356 424 2385 Alterum
452 2353 637 2395 grauitatis]
684 2352 838 2383 Pertinuit
873 2353 915 2384 ad

157 2399 340 2440 gravitatem
356 2397 500 2438 Pompeii
521 2397 629 2426 initam
654 2395 834 2426 societatem
849 2406 913 2426 non

158 2441 319 2478 dirimere3
345 2441 385 2470 ad
411 2439 618 2480 prudentiam,
633 2449 697 2468 non
712 2439 834 2475 secisse,
858 2439 912 2469 sed

156 2484 337 2526 praevidisse
352 2483 433 2513 mala
451 2493 488 2512 ex
505 2482 542 2512 ea
554 2487 707 2512 secutura.

200 2529 253 2558 42.
278 2525 558 2565 Praevaricazorem.]
604 2523 823 2554 Praevaricator
837 2523 915 2555 dici-

158 2570 297 2610 tur‚qui‚
312 2579 405 2611 quam
427 2579 552 2600 causam
577 2567 731 2603 defendit,
752 2573 914 2609 corruptus

183 2615 274 2644 rodit.

157 2625 178 2655 p
201 2659 256 2687 44.
276 2655 331 2685 Sed
343 2656 431 2685 etiam
446 2653 573 2694 alienis]
598 2653 713 2683 Brutus
729 2657 760 2682 et
777 2653 914 2691 Cassius,

159 2704 192 2729 et
213 2699 316 2730 caeteri
339 2699 393 2739 qui
416 2697 570 2728 Caesarem
600 2696 832 2733 interfecerunt,
855 2698 917 2728 sin-

160 2742 258 2783 gulari
283 2742 377 2772 laude
405 2740 493 2782 digni
516 2744 597 2776 sunt,
619 2739 692 2781 quia
721 2741 917 2780 perturbato-

159 2796 226 2818 rem
239 2784 418 2828 reipublicae
433 2784 633 2817 sustulerunt.
677 2781 827 2824 Ejusdem
850 2783 916 2817 lau.

792 1736 1033 1777 enominari
1052 1748 1130 1777 me.

1303 1732 1407 1775 fnon
1427 1738 1577 1776 essent.

958 1829 1005 1870 Aa}
1026 1848 1035 1868 ’ἱ
1054 1856 1077 1876 {4
1103 1839 1150 1877 sslf
1168 1824 1266 1874 ,Jj‘j‘
1278 1850 1289 1866 ,ι’

954 1921 1002 1952 dis
1019 1919 1203 1962 participem
1218 1919 1376 1952 Antonius
1395 1920 1498 1952 facere
1516 1920 1611 1952 voluit
1624 1920 1714 1952 Cice-

954 1975 1075 2003 ronem,
1105 1964 1176 1995 cum
1221 1975 1293 1995 eum
1329 1971 1487 1995 auctorem
1523 1964 1590 2005 ejus
1619 1963 1715 1996 caedis

955 2008 1045 2039 dixit.

998 2051 1051 2082 52.
1076 2050 1186 2082 Brutos
1201 2062 1252 2093 ego
1267 2050 1463 2091 impellerem]
1515 2050 1590 2083 Vult
1611 2054 1716 2082 osten-

957 2093 1032 2125 dere
1049 2093 1171 2131 Cicero,
1185 2106 1247 2125 non
1265 2096 1359 2125 fuisse
1374 2095 1433 2125 sibi
1448 2105 1525 2136 opus
1540 2095 1654 2125 Brutos
1671 2094 1712 2125 ad

957 2139 1075 2167 caedem
1092 2138 1222 2169 Caesaris
1245 2137 1418 2179 impellere,
1432 2137 1503 2168 cum
1526 2137 1714 2169 domesticos

957 2181 1109 2212 haberent
1125 2182 1318 2222 impulsores.
1362 2180 1447 2211 Nam
1460 2182 1596 2211 habebat
1610 2191 1716 2211 exem-

957 2224 1042 2264 plum
1066 2225 1117 2256 M.
1142 2225 1256 2255 Brutus
1280 2224 1362 2255 illius
1387 2224 1474 2255 Junii
1499 2224 1601 2260 Bruti,
1617 2224 1714 2264 aquo

958 2267 1095 2298 ducebat
1111 2268 1270 2308 originem,
1286 2268 1340 2307 qui
1365 2267 1472 2307 primis
1498 2268 1619 2309 imperii
1643 2266 1713 2297 Ro-

958 2311 1042 2341 mani
1068 2311 1256 2351 temporibus
1283 2311 1467 2351 Tarquinios
1493 2310 1643 2351 ejecerat;
1681 2314 1714 2340 et

957 2353 1070 2384 Ahala:
1091 2354 1223 2393 Servilii,
1249 2354 1268 2384 a
1290 2364 1352 2395 quo
1375 2364 1413 2384 ex
1435 2359 1574 2384 materno
1598 2363 1713 2394 genere

956 2397 1104 2428 oriundus
1128 2403 1204 2432 erat,
1229 2397 1283 2437 qui
1308 2396 1453 2437 Spurium
1481 2396 1627 2432 Melium,
1653 2395 1718 2426 lar-¹

957 2439 1076 2479 gitione
1106 2440 1252 2470 frumenti
1287 2450 1414 2480 regnum
1441 2438 1652 2475 affectantem,
1678 2438 1712 2469 in

957 2483 1063 2513 medio
1078 2484 1143 2513 foro
1156 2482 1332 2521 interfecit3
1355 2483 1470 2524 quique
1485 2482 1523 2512 ea
1533 2484 1574 2511 de
1589 2480 1681 2513 causa
1697 2481 1717 2511 ᾶ

959 2524 1143 2556 Cincinnato
1166 2526 1316 2557 dictatore
1340 2525 1464 2556 summis
1485 2524 1645 2567 laudibus,
1659 2535 1715 2555 cu-

957 2568 1090 2599 mulatus
1106 2573 1162 2599 est.

999 2613 1052 2642 55.
1078 2611 1175 2643 Quum
1190 2611 1298 2652 doma]
1321 2611 1519 2642 Excitabatur
1533 2610 1572 2640 ad
1589 2610 1623 2641 id
1636 2610 1713 2641 faci-

957 2664 1014 2685 nus
1040 2655 1079 2684 ab
1105 2654 1181 2695 ipsis
1207 2655 1268 2684 suis
1291 2653 1455 2694 majoribus
1485 2654 1611 2688 Brutus,
1633 2664 1712 2694 quo-

959 2707 1027 2728 rum
1052 2697 1202 2737 imagines
1225 2696 1311 2727 domi
1334 2697 1479 2728 habebat.
1530 2696 1606 2727 Mos
1630 2696 1713 2727 enim

960 2741 1020 2771 fuit
1043 2740 1127 2781 apud
1155 2739 1327 2776 Romanos,
1354 2745 1388 2770 ut
1410 2739 1561 2781 majorum
1590 2750 1713 2770 suorum

960 2783 1112 2827 imagines
1120 2783 1152 2815 in
1163 2783 1240 2817 atrio
1251 2782 1362 2816 domus
1372 2783 1457 2827 apud
1468 2794 1502 2817 se
1511 2787 1715 2816 asservarent.
