1858 3095
673 195 724 227 IN
748 194 1005 228 CATILINAM
1031 194 1075 226 ΙΙ.
1654 199 1732 243 103

97 283 191 312 esse
222 270 430 314 fateatur:
460 284 586 313 nemo
608 272 651 312 in
674 273 805 314 scena
827 269 961 313 levior
979 279 1023 314 et
1043 270 1237 327 nequior,
1268 270 1341 327 qui
1370 284 1415 311 se
1435 283 1522 312 non
1543 274 1655 327 ejus·
1707 289 1711 300 ·

97 328 194 369 dem
216 329 345 384 prope
365 329 555 370 sodalem
576 328 708 370 fuisse
730 336 1051 370 commemoret.
1102 331 1246 384 Atque
1268 327 1381 369 idem
1402 334 1545 369 tamen
1567 338 1656 371 stu-

93 398 264 439 prorum
285 394 328 427 et
347 386 552 427 scelerum
575 385 882 427 exercitatione
899 385 1184 436 assuefactus,
1207 385 1378 439 frigore,
1401 391 1443 425 et
1466 384 1590 432 fame,
1613 394 1656 426 et

95 441 181 492 siti,
202 457 252 484 ac
268 441 425 498 vigiliis
443 442 718 498 perferendis,
740 443 862 483 fortis
883 444 935 483 ab
958 443 1052 484 istis
1072 443 1159 483 suis
1177 442 1306 482 sociis
1328 440 1654 496 praedicabatur,
1673 446 1728 485 40

94 497 191 540 cum
223 498 440 539 industriae
461 499 668 550 subsidia,
699 507 828 554 atque
854 499 1137 540 instrumenta
1165 498 1370 548 cvirtutis,
1401 498 1445 538 in
1476 497 1654 539 libidine

93 554 361 610 audaciaque
383 565 666 598 consumeret.
727 556 856 597 Hunc
872 555 972 597 verb
995 556 1111 597 sisui
1129 554 1287 596 fuerint
1302 554 1483 595 comites
1501 555 1653 606 secuti,

91 611 128 652 si
159 625 212 652 ex
241 612 345 652 urbe
377 612 556 653 exierint
586 614 909 670 desperatorum
939 612 1162 653 hominum
1192 610 1395 666 flagitiosi
1427 625 1593 667 greges,
1626 626 1652 653 o

90 682 170 709 nos
200 668 374 709 beatos!
407 682 432 710 ο
454 668 685 726 Rempubl.
705 670 988 710 fortunatam!
1022 683 1047 709 o
1070 667 1316 724 praeclaram
1347 667 1518 707 laudem
1549 681 1653 708 con—

91 723 255 765 sulatus
275 724 383 766 mei!
445 725 545 766 Non
567 727 679 767 enim
693 726 785 781 jam
808 732 908 765 sunt
934 725 1172 766 mediocres
1195 723 1417 764 hominum
1436 723 1651 775 libidines,
1669 727 1726 768 45

89 793 177 821 non
207 780 404 822 humanae
435 783 641 833 audaciae,
675 796 726 823 ac
757 781 1015 822 tolerandae:
1054 780 1162 821 nihil
1200 780 1408 835 cogitant,
1447 779 1531 820 nisi
1571 795 1652 822 cae-

88 835 181 887 des,
212 837 296 878 nisi
326 838 540 889 incendia,
572 838 656 879 nisi
687 838 873 894 rapinas,
951 836 1218 878 Patrimonia
1247 851 1323 877 sua
1355 836 1650 891 profuderunt,

87 892 281 934 fortunas
312 908 412 936 suas
445 895 776 950 obligurierunt:
816 909 882 935 res
915 908 990 935 eos
1021 894 1295 950 jampridem,
1327 893 1435 933 fides
1467 893 1650 935 deficere

86 963 223 1005 nuper
252 951 407 1007 coepit3
448 952 600 993 eadem
635 959 778 993 tamen
808 951 896 1002 illa,
937 966 1032 1006 quae
1069 957 1160 991 erat
1197 950 1241 990 in
1280 949 1558 1001 abundantia,
1600 951 1651 991 li-

86 1005 191 1047 bido
222 1014 455 1063 permanet.
535 1007 664 1056 Quod
695 1007 731 1048 si
768 1007 813 1047 in
849 1008 950 1048 vino
988 1015 1031 1048 et
1065 1006 1160 1048 ale&
1196 1006 1541 1057 comissationes,
1581 1021 1649 1048 so·
1668 1011 1724 1051 50

87 1061 176 1104 lum
206 1070 250 1105 et
279 1073 423 1106 scorta
453 1071 705 1120 quaererent,
737 1072 882 1105 essent
911 1064 972 1104 illi
994 1063 1170 1119 quidem
1190 1063 1458 1118 desperandi,
1490 1063 1566 1104 sed
1587 1071 1651 1105 ta-

87 1133 186 1160 men
207 1128 354 1162 essent
374 1122 560 1162 ferendi:
591 1121 676 1162 hoc
695 1120 794 1162 vero
826 1120 920 1176 quis
952 1120 1059 1161 ferre
1091 1119 1243 1176 possit,
1274 1120 1432 1160 inertes
1455 1119 1649 1161 homines

87 1175 332 1218 fortissimis
351 1177 452 1218 viris
467 1177 674 1228 insidiari,
695 1177 975 1218 stultissimos
991 1176 1351 1232 prudentissimis,
1369 1176 1561 1217 ebriosos
1580 1192 1650 1218 so-

86 1232 205 1283 briis,
237 1233 497 1275 dormientes
530 1234 830 1290 vigilantibus?
876 1233 949 1288 qui
987 1233 1106 1280 mihi,
1138 1233 1397 1274 accubantes
1428 1233 1471 1272 in
1504 1234 1650 1274 convi-

85 1288 182 1340 viis,
215 1291 427 1345 complexi
459 1291 654 1331 mulieres
690 1289 945 1345 impudicas,
975 1289 1074 1330 vino
1107 1289 1313 1344 languidi,
1347 1288 1553 1330 fconfecti
1587 1290 1650 1331 ci·
1667 1294 1722 1334 55

85 1345 159 1397 bo,
190 1346 314 1387 sertis
336 1346 538 1397 redimiti,
569 1346 801 1402 unguentis
823 1346 960 1396 obliti,
992 1345 1208 1386 debilitati
1230 1345 1421 1400 strupriS‚
1454 1352 1651 1389 eructant

86 1402 356 1444 sermonibus
381 1403 468 1444 suis
501 1403 661 1443 caedem
691 1403 917 1452 bonorum,
948 1408 1078 1457 atque
1099 1401 1217 1442 urbis
1238 1401 1460 1453 incendia3
1492 1403 1649 1458 quibus

86 1472 167 1514 ego
200 1459 372 1509 confido
407 1459 655 1515 impendere
685 1459 819 1500 fatum
850 1458 1053 1514 aliquod3
1093 1464 1136 1499 et
1165 1472 1332 1514 poenas,
1367 1457 1535 1513 jamdiu
1571 1459 1652 1501 im-

84 1515 307 1570 probitati,
337 1515 556 1573 nequitiae,
587 1515 754 1568 sceleri,
784 1514 954 1557 libidini
976 1513 1160 1566 debitas,
1180 1520 1256 1556 aut
1275 1514 1433 1556 instare
1448 1515 1540 1570 jam
1560 1516 1652 1573 pla-

457 1654 761 1708 efortttudims.
1071 1651 1277 1706 sconferti.

127 1799 181 1830 37.
204 1797 331 1840 lerion]
393 1799 514 1831 Gellius
537 1800 613 1832 dicit
635 1800 694 1831 hoc
717 1799 844 1830 verbum
930 1800 984 1830 50.
1008 1797 1245 1838 Comissationes]
1294 1797 1377 1830 Ante
1394 1798 1558 1841 prandiam
1576 1797 1653 1840 jen-

83 1851 146 1872 non
162 1842 319 1874 differret}
334 1849 462 1884 nepote,
485 1848 517 1874 et
527 1853 671 1884 nequam.
887 1842 1002 1882 tacula,
1040 1848 1111 1884 post
1144 1852 1264 1872 coenain
1290 1843 1536 1879 comissationes,
1564 1843 1654 1873 dice·

127 1887 181 1915 38.
201 1885 358 1926 Sodalem]
406 1886 528 1917 Sodalis
550 1886 600 1917 liic
630 1886 692 1916 dici
722 1885 846 1916 videtur
888 1886 1010 1916 bantur.

82 1938 139 1968 pro
170 1929 254 1960 socio
281 1930 313 1960 in
337 1930 427 1961 rebus
455 1929 621 1960 levioribus
643 1935 675 1960 et
702 1929 847 1970 voluptu-
932 1930 984 1959 52.
1009 1927 1121 1959 Inertes
1135 1927 1285 1967 homines]
1333 1928 1502 1959 contentio
1525 1929 1655 1969 elegan-

84 1971 166 2002 ariis.
890 1970 1018 2002 tissima.
1076 1972 1137 2002 Per
1166 1972 1280 2002 inertes
1311 1971 1455 2012 exprimit
1484 1968 1592 2002 molles
1622 1977 1655 2002 et

127 2017 181 2046 40.
203 2013 299 2045 Fortis
319 2016 355 2045 ab
375 2017 436 2047 istis
455 2017 514 2047 suis
530 2015 636 2056 sociis]
684 2015 845 2046 Interdum
890 2014 1067 2054 languidos.

84 2057 235 2087 abusione
249 2058 375 2088 nomina
386 2065 623 2094 commutantur,
639 2059 682 2088 ita
698 2065 732 2089 ut
745 2059 843 2095 fortis,
930 2060 982 2089 53.
1008 2057 1162 2096 Ebriosos]
1209 2057 1332 2087 Ebriosi
1345 2062 1425 2093 sunt,
1448 2058 1502 2098 qui
1518 2057 1557 2087 ad
1572 2057 1654 2088 ebri-

84 2100 204 2137 audax3
227 2100 374 2137 crudelis,
398 2112 522 2132 severus
536 2106 674 2132 vocetur.
887 2105 1001 2131 etatem
1018 2100 1169 2141 proclives
1182 2105 1271 2131 sunt:
1296 2101 1372 2131 ebrii
1393 2100 1479 2139 verb,
1503 2101 1557 2141 qui
1580 2101 1654 2130 vino

129 2146 182 2174 41.
204 2142 365 2174 Industriae
384 2145 537 2185 subsidia]
583 2144 730 2174 Habebat
749 2143 846 2173 multa
889 2143 1030 2173 madent.

83 2185 206 2216 virtutis
229 2186 443 2222 instrumenta,
466 2187 659 2217 nobilitatem
685 2186 846 2224 videlicet,
933 2186 985 2215 54.
1011 2185 1071 2220 Qui
1095 2185 1179 2220 mihi,
1201 2185 1396 2225 aeciibantes.]
1443 2184 1654 2225 Subjectionis

84 2229 147 2259 vim
172 2229 308 2270 corporis
324 2235 356 2260 et
371 2230 483 2261 animi:
515 2230 569 2260 sed
585 2230 632 2259 his
649 2229 790 2259 omnibus
805 2229 846 2259 ad
890 2228 1065 2269 exemplum
1080 2227 1317 2258 nobilissimum.

81 2271 229 2302 libidines
245 2277 277 2302 et
291 2273 453 2304 audaciam
469 2273 581 2303 abusus
596 2279 654 2305 est.
933 2271 987 2302 55.
1014 2270 1084 2300 Vino
1105 2271 1270 2312 languidi]
1314 2270 1504 2310 Metaphora
1524 2272 1563 2301 ab
1585 2271 1655 2301 her-

128 2318 180 2346 4⁶2.
203 2315 361 2355 Audacia]
425 2316 476 2346 Ad
506 2316 626 2346 facinus
657 2314 846 2351 obeundum,
890 2313 949 2350 bis,
980 2325 1057 2355 quas
1078 2313 1226 2353 languere
1255 2313 1397 2349 dicimus,
1431 2312 1501 2344 cum
1527 2314 1657 2345 flacces-

84 2358 124 2388 ad
146 2358 354 2389 insidiandum
375 2360 546 2390 occisorum
569 2358 668 2394 bonis,
689 2363 722 2388 et
737 2358 776 2388 ad
793 2358 847 2388 ob-
891 2367 962 2388 cere
972 2357 1137 2398 incipiunt.

84 2401 217 2432 sidenda
227 2406 345 2442 stupra,
369 2403 471 2433 audax
486 2402 555 2432 fuit.
933 2403 985 2431 56.
1010 2400 1100 2430 Sertis
1123 2398 1279 2438 redimiti]
1327 2398 1366 2428 In
1391 2398 1542 2430 conviviis
1557 2399 1657 2429 maxi-

128 2447 182 2476 48.
205 2445 454 2487 Obligurierunt.]
510 2445 633 2486 Legunt
654 2443 750 2486 aliqui
774 2443 846 2474 abli-
890 2442 939 2473 me
969 2442 1128 2473 luxuriosis
1161 2452 1289 2473 coronas
1317 2447 1348 2472 ct
1377 2447 1536 2483 unguenta
1566 2443 1658 2472 adhi-

82 2489 253 2528 gurim-um,
275 2499 344 2530 quae
372 2500 430 2519 vox
456 2487 647 2530 frequentius
675 2486 846 2527 reperitur-3
890 2486 962 2516 bere
985 2486 1067 2517 soliti
1091 2490 1179 2515 erant
1198 2490 1339 2515 veteres:
1364 2490 1398 2514 ut
1421 2486 1528 2516 videre
1543 2483 1657 2526 saepitis

86 2531 119 2560 id
134 2536 191 2568 est,
207 2532 290 2562 bona
304 2541 360 2562 sua
373 2532 517 2563 suavibus
534 2532 647 2562 mensis
659 2536 691 2561 et
705 2529 847 2571 cupediis
892 2535 939 2560 est
951 2530 1035 2570 apud
1050 2528 1224 2558 Horatium.

85 2580 354 2616 consumpserunt.
935 2572 985 2602 ΙΙ).
1031 2571 1177 2602 Eructavit
1202 2569 1398 2609 sermonibus]
1461 2570 1657 2600 Translatum

129 2615 180 2647 lb.
203 2616 289 2648 Fides
314 2618 455 2659 deficera]
514 2617 553 2647 Id
584 2621 642 2652 est,
671 2614 850 2646 fefellerunt
893 2615 1019 2646 verbum
1046 2615 1085 2645 ab
1114 2614 1289 2645 hominibus
1317 2614 1389 2644 vino
1417 2613 1586 2654 languidiS,
1624 2618 1657 2643 et

86 2659 274 2699 creditores;
299 2661 393 2702 quare
409 2671 502 2691 nemo
514 2661 558 2692 eis
574 2658 706 2701 amplius
720 2658 850 2700 pecuni-
893 2658 964 2689 cibo
980 2657 1140 2689 confectis.

87 2712 137 2731 ain
153 2703 264 2736 credit.
935 2702 989 2732 58.
1011 2700 1118 2731 Fatum
1140 2700 1284 2740 aliquod]
1327 2698 1437 2730 Fatum
1462 2707 1658 2738 prosperum,

130 2745 311 2780 49·.Libid0
335 2747 508 2788 permanet]
556 2747 635 2777 Haec
664 2745 760 2777 libido
784 2755 850 2775 om·
894 2748 926 2775 et
940 2744 1116 2780 adversum,
1139 2742 1323 2784 generaliter
1337 2741 1459 2772 dicitur.
1495 2782 1504 2790 ·

87 2787 173 2818 nium
188 2789 324 2830 pessima
337 2795 398 2829 est,
420 2801 492 2832 quae
506 2790 617 2822 eadem
640 2794 712 2832 post
735 2787 851 2830 dilapi-
937 2787 990 2818 59.
1013 2785 1154 2828 Instare]
1201 2785 1303 2817 Instat
1317 2784 1400 2825 quod
1416 2793 1506 2824 quasi
1517 2793 1661 2827 praesens

88 2831 162 2862 data
178 2832 259 2865 bona
272 2839 443 2874 permanet.
895 2833 953 2862 est.
