1858 3095
871 152 991 184 ΠΜ.
1638 153 1742 196 xxix

143 234 424 285 conspectum
444 226 626 268 militum
644 225 835 278 veniens,
858 225 884 266 a
901 225 1105 267 militibus
1123 232 1324 282 receptus
1348 231 1426 266 est.
1463 226 1547 268 Sed
1570 227 1746 269 tandem

147 286 331 342 Lepidus
352 300 396 326 se
415 282 639 338 conjunxit
658 298 755 324 cum
777 282 987 331 Antoni03
1020 282 1106 338 qua
1123 283 1174 323 de
1192 282 1325 324 causa
1344 281 1532 338 Lepidus
1547 282 1571 322 ῑι
1588 283 1748 324 Senatu

144 342 283 383 hostis
300 340 519 397 judicatus
542 346 623 390 est,
641 346 683 380 et
698 339 841 380 caeteri
860 338 931 394 qui
956 353 1054 379 cum
1072 353 1121 379 eo
1139 339 1164 379 a
1178 339 1347 395 Repub.
1369 339 1628 379 defecerant.
1662 339 1749 380 lllis

148 404 293 439 tamen
314 395 518 438 redeundi
533 396 587 436 ad
605 403 791 436 mentem
808 403 906 436 ante
928 395 1027 435 Kal.
1049 395 1270 450 Septemb.
1285 402 1476 451 potestas
1490 394 1586 434 suit.
1617 394 1750 435 Octa-

146 454 294 495 vianus
316 451 414 493 veri)
437 451 596 503 Caesar,
617 460 664 492 ut
685 451 890 507 cognovit
911 451 1148 492 Antonium
1172 451 1195 492 ’Σι
1218 451 1378 506 Lepido
1403 458 1620 506 receptum
1638 465 1748 502 esse,

147 517 275 566 atque
288 509 341 550 ab
355 508 447 564 ipso
456 516 568 549 stare
583 507 1319 558 caeterosexercitusduces‚causa1n
1334 507 1588 563 optimatum
1603 508 1746 548 statim

149 565 355 608 deseruit:
387 573 477 605 tum
499 564 608 605 inter
628 579 724 605 eum
739 572 781 606 et
795 564 1032 605 Antonium
1049 564 1307 605 commercia
1325 564 1599 619 epistolarum
1617 564 1750 615 fuere,

148 629 193 663 et
212 620 508 662 conditionum
528 620 642 662 facta
662 621 838 671 mentio,
854 628 902 661 ut
918 620 1075 661 milites
1099 620 1208 661 inter
1230 635 1275 661 se
1291 621 1499 675 jurarent,
1515 619 1613 660 cum
1632 621 1749 662 nullo

150 678 353 728 exercitu,
364 677 730 732 quiCaiiCaesaris
745 676 1081 725 fuisset,bellum
1097 691 1141 717 se
1157 682 1370 732 gesturos.
1401 676 1750 732 Quadringentos

150 734 283 790 igitur
302 734 459 774 milites
477 733 662 774 Romam
683 734 736 774 ad
764 733 971 774 Senatum
987 732 1120 783 misit,
1134 732 1207 788 qui
1227 732 1512 774 Consulatum
1525 747 1601 788 pro
1619 748 1664 773 se
1680 748 1753 775 no-

149 791 264 831 mine
284 789 495 831 exercitus
509 797 715 845 peterent.
741 789 850 830 Cum
869 789 1053 830 Senatus
1071 788 1262 830 cunctari
1285 789 1632 840 videretur,unus
1645 789 1756 831 Cen-

150 847 278 897 turio,
293 845 519 887 Cornelius
534 846 720 897 nomine,
732 847 873 887 dicere
887 860 972 886 non
989 845 1218 896 dubitavit,
1230 845 1461 887 ostendens
1476 845 1608 901 gladii
1628 860 1756 901 capu-

150 903 257 953 lum,
275 901 522 957 Hicfaciet,
540 918 607 943 vos
626 906 664 943 .ςὶ
679 904 981 957 nonfeceritis.
1044 901 1202 943 Ferunt
1223 916 1476 958 responsum
1496 901 1666 943 dedisse
1684 902 1757 943 Ci-

153 973 367 1009 ceronem,
383 959 431 1000 81:
445 962 507 999 ita
522 961 671 1013 petitis
691 958 993 1008 Consulatum,
1011 973 1105 999 eum
1124 961 1318 1012 (ιεϊὶρίρτ.
1379 958 1503 1010 Cum,
1522 973 1563 999 re
1581 958 1758 1010 infecta,

155 1015 310 1056 milites
326 1014 386 1055 illi
401 1014 607 1056 abiissent
623 1015 677 1056 ad
693 1014 992 1065 Octavianum,
1003 1014 1072 1056 ille
1088 1015 1322 1056 Antonium
1338 1015 1600 1071 etLepidum
1617 1014 1660 1055 in
1676 1015 1760 1056 Ita-

153 1071 255 1112 liam
269 1071 505 1122 arcessivit,
524 1078 567 1112 et
581 1071 772 1127 legiones
782 1072 835 1112 ad
856 1072 1011 1112 Urbem
1026 1071 1236 1112 hostiliter
1251 1072 1455 1112 admovit.
1486 1071 1639 1112 Cicero
1655 1078 1759 1113 tunc

155 1127 210 1168 ad
233 1127 519 1168 Octavianum
541 1129 672 1178 venit,
687 1135 730 1169 et
745 1129 873 1183 paulo
889 1127 988 1183 post
1002 1143 1053 1168 ex
1067 1129 1169 1168 urbe
1184 1128 1309 1183 fugit.
1343 1128 1498 1169 Statim
1514 1127 1609 1169 vero
1630 1128 1760 1169 Octa-

156 1183 306 1224 vianus
329 1183 475 1224 Caesar
487 1198 598 1224 anno
614 1184 753 1225 aetatis
772 1184 978 1225 vicesimo
1002 1199 1099 1224 cum
1122 1184 1175 1231 Q.
1191 1183 1328 1224 Pedio
1348 1183 1512 1225 Consul
1526 1183 1665 1225 sactus
1681 1191 1760 1226 est.

158 1239 209 1280 ln
231 1239 467 1280 Consulatu
486 1240 751 1280 Octavianus
773 1218 871 1280 tulit
888 1241 1027 1294 legem
1047 1241 1099 1280 de
1123 1241 1361 1296 quaestione
1384 1240 1426 1280 in
1449 1255 1522 1281 eos
1543 1241 1762 1292 habenda,

158 1309 339 1351 quorum
353 1294 481 1350 opera
498 1302 618 1349 pater
631 1296 800 1337 occisus
818 1304 900 1336 est:
934 1295 1110 1346 Pedius,
1128 1304 1189 1346 ut,
1204 1296 1275 1350 qui
1297 1296 1348 1337 C.
1364 1297 1577 1337 Caesarem
1594 1296 1764 1338 interfe-

163 1358 323 1401 cerant,
335 1351 396 1391 eis
410 1349 524 1406 aqua
542 1358 585 1391 et
599 1351 688 1406 igni
702 1351 980 1391 interdictum
998 1358 1127 1391 esset.
1160 1350 1440 1402 Octavianus,
1454 1351 1602 1407 parum
1620 1359 1765 1407 gratus

159 1407 203 1448 in
219 1406 489 1457 Ciceronem,
501 1421 599 1447 eum
615 1407 911 1462 valerejussit.
943 1405 1077 1447 Facta
1090 1421 1187 1447 cum
1201 1407 1392 1448 Antonio
1407 1415 1450 1448 et
1467 1408 1626 1463 Lepido
1644 1423 1764 1463 pace,

160 1463 206 1504 in
229 1478 361 1504 unum
385 1464 528 1504 locum
550 1463 697 1519 copias
721 1470 1042 1513 contraxerunt,
1064 1470 1107 1504 et
1127 1462 1371 1518 provincias
1393 1464 1558 1519 imperii
1580 1464 1765 1505 Romani

161 1527 246 1560 tres
261 1519 322 1560 illi
340 1519 449 1560 inter
467 1534 511 1560 se
530 1519 674 1575 partiti
689 1527 799 1560 sunt.
832 1520 978 1560 Caesar
992 1527 1215 1575 utramque
1234 1519 1424 1560 Africam
1443 1535 1540 1561 cum
1559 1520 1708 1561 Sicilia
1724 1529 1768 1562 et

163 1575 377 1626 Sardinia,
390 1575 576 1630 Lepidus
591 1575 822 1632 Hispanias
837 1583 880 1616 et
893 1575 1079 1616 Galliam
1093 1575 1431 1627 Narbonensem,
1442 1576 1658 1617 Antonius
1673 1577 1767 1619 reli-

163 1647 270 1688 quas
288 1631 451 1673 Gallias
472 1631 632 1672 habuit.
695 1632 931 1683 Addidere,
949 1638 997 1672 ut
1017 1631 1097 1688 ipsi
1116 1632 1320 1672 triumviri
1337 1647 1410 1688 per
1426 1632 1615 1689 quinque
1629 1648 1764 1675 annos

163 1695 324 1739 essent,
335 1695 382 1729 ut
394 1702 495 1728 suos
511 1688 694 1744 quisque
707 1688 907 1729 inimicos
922 1688 1218 1744 proscriberet.
1252 1688 1577 1730 Proscribendis
1591 1689 1766 1745 quidem

165 1744 328 1786 civibus
349 1744 530 1799 primum
548 1744 694 1785 Caesar
710 1744 887 1795 restitit3
919 1745 1010 1795 sed,
1024 1743 1121 1784 cum
1138 1744 1388 1800 incepisset,
1403 1745 1571 1786 duobus
1586 1746 1766 1802 collegis

164 1799 360 1842 acerbius
383 1800 492 1856 egit:
525 1815 624 1841 nam
652 1800 921 1852 Ciceronem,
950 1801 1022 1856 qui
1044 1801 1096 1840 de
1119 1815 1169 1841 eo
1192 1800 1301 1841 bene
1322 1801 1499 1842 meritus
1522 1802 1674 1853 fuerat,
1692 1817 1765 1858 per

166 1871 375 1898 summam
396 1857 619 1912 perfidiam
633 1857 811 1898 Antonii
832 1857 961 1898 furori
981 1856 1185 1912 permisit.
1221 1856 1408 1913 Fugerat
1423 1858 1593 1899 interim
1613 1859 1766 1900 Cicero

166 1928 218 1955 ex
241 1914 360 1964 urbe,
375 1913 473 1954 cum
495 1913 555 1954 illi
575 1912 802 1955 Triumviri
817 1913 1002 1954 Romam
1015 1920 1234 1964 venerunt,
1253 1913 1388 1969 primo
1405 1913 1448 1954 in
1463 1914 1766 1964 Tusculanum,

167 1968 268 2010 inde
284 1969 536 2011 transversis
552 1969 777 2011 itineribus
790 1970 834 2010 in
847 1969 1143 2020 Formianum3
1164 1970 1422 2025 cognitaque
1438 1970 1769 2027 proscriptione,

168 2041 266 2067 cum
287 2026 451 2074 Quinto
472 2026 599 2068 fratre
624 2027 829 2067 Asturam
849 2026 893 2066 in
915 2026 1174 2067 maritimum
1199 2041 1324 2067 suum
1344 2028 1523 2068 fundum
1550 2028 1767 2083 proficisci

169 2083 332 2132 statuit,
355 2089 484 2137 atque
506 2081 606 2122 inde
628 2082 672 2122 in
694 2082 999 2123 Macedoniam
1020 2082 1075 2123 ad
1089 2082 1154 2123 M.
1169 2082 1364 2133 Brutum,
1382 2083 1434 2123 de
1448 2084 1514 2138 cuj
1523 2098 1569 2123 us
1586 2084 1768 2125 victoria

173 2137 378 2188 audierat,
394 2138 587 2178 transire.
646 2137 909 2179 Ferebantur
929 2138 1096 2179 lecticis
1113 2138 1301 2179 confecti
1321 2153 1516 2190 moerore,
1531 2146 1574 2180 et
1593 2139 1701 2180 inter
1722 2156 1767 2182 se

171 2209 317 2235 casum
334 2207 460 2234 suum
476 2194 833 2235 lamentabantur.
879 2194 1066 2241 Quintus
1079 2194 1217 2250 magis
1234 2195 1469 2249 angebatur
1482 2195 1623 2236 animo
1640 2211 1770 2253 prop-

171 2257 236 2292 ter
256 2249 461 2305 inopiam,
478 2250 580 2306 quia
593 2250 698 2290 nihil
716 2265 864 2291 secum
881 2251 1010 2291 domo
1025 2251 1248 2300 extulerat,
1266 2258 1308 2291 et
1322 2251 1471 2292 Marco
1489 2253 1767 2308 perexiguum

171 2307 375 2348 viaticum
389 2312 491 2347 erat.
539 2305 684 2347 Satius
701 2306 831 2362 igitur
843 2307 1095 2357 affirmabat,
1110 2306 1307 2347 Marcum
1320 2307 1425 2363 fug-<⁶2
1440 2309 1706 2360 antecedere,
1721 2325 1766 2351 se

172 2369 451 2405 convasatum
470 2362 644 2403 domum
667 2377 894 2404 recurrere.
942 2362 1168 2418 Complexi
1188 2363 1297 2404 inter
1309 2379 1369 2415 se,
1386 2364 1617 2420 multisque
1634 2366 1769 2422 lacry-

172 2420 251 2461 mis
266 2418 656 2488 profusis‚digressi
672 2426 787 2460 sunt.
818 2419 1004 2468 Quintus
1018 2433 1103 2459 non
1118 2419 1178 2459 ita
1191 2419 1333 2460 multis
1350 2419 1447 2475 post
1463 2420 1628 2470 diebus,
1641 2421 1666 2462 a
1684 2438 1767 2464 ser-

172 2476 236 2517 vis
250 2475 556 2532 proditus,una
569 2490 667 2516 cum
680 2475 767 2516 filio
785 2474 810 2516 a
823 2475 1147 2531 percussoribus
1162 2475 1410 2517 interfectus
1425 2484 1503 2518 est.
1536 2477 1601 2518 De
1617 2478 1772 2519 utrius-

174 2547 258 2588 que
275 2538 410 2572 morte
431 2531 620 2586 loquitur
642 2531 744 2582 Dio,
760 2531 917 2573 lib.47.
979 2531 1169 2582 Marcus,
1191 2534 1394 2573 Asturam
1416 2533 1595 2583 delatus,
1617 2549 1768 2575 navem

175 2587 321 2629 statim
339 2587 608 2637 conscendit,
630 2594 674 2628 et
694 2602 810 2628 oram
832 2588 995 2642 legenS,
1017 2588 1229 2628 Circaeum
1250 2603 1386 2644 usque
1416 2597 1542 2629 vento
1563 2592 1768 2644 pervenit.

174 2643 282 2685 Inde
304 2644 467 2684 solvere
490 2642 588 2684 cum
609 2650 790 2699 pararet,
808 2645 875 2684 vel
893 2644 1018 2684 maris
1039 2652 1159 2684 motu
1181 2653 1414 2699 permotus,
1427 2646 1494 2684 vel
1517 2646 1568 2685 de
1588 2645 1769 2688 Caesaris

175 2701 260 2742 fide
281 2714 367 2741 non
387 2698 514 2756 plane
535 2699 781 2755 desperanS,
799 2700 842 2740 in
861 2706 1015 2741 terram
1036 2715 1254 2756 regressus
1274 2708 1354 2751 est,
1371 2701 1534 2742 habens
1550 2701 1593 2743 in
1614 2702 1771 2755 animo,

177 2756 360 2799 Romam
369 2757 596 2800 etdomum
606 2756 791 2801 Caesaris
801 2756 912 2800 clam
926 2755 1092 2813 ingredi
1105 2756 1275 2813 sibique
1289 2763 1386 2801 ante
1398 2757 1508 2800 lares
1518 2758 1554 2814 ej
1561 2774 1609 2801 us
1621 2773 1769 2802 manus
