1858 3095
588 189 637 220 IN
662 188 1067 227 CAEC1L1UM,'DIVIN
1076 190 1731 240 8'1'10.11

108 276 197 311 tam
217 268 463 329 unicuique
464 264 666 307 tabellam
689 266 777 307 daii
801 266 898 308 cera
914 267 1100 322 legium<
1085 284 1123 314 ·,ι
1156 282 1244 308 11011
1267 267 1340 309 illa
1365 268 1577 312 infamiae
1595 287 1668 313 ne—

110 325 230 367 faria.
292 323 463 393 Atque
456 338 490 362 13
532 336 617 363 11011
651 330 739 364 tam
760 331 932 379 propter
955 324 1126 364 Vetrem
1166 325 1294 365 labor·
1289 333 1347 376 at,
1380 327 1509 387 quarn
1551 329 1667 383 quod

110 396 206 424 eum
230 380 401 423 minimi¹
419 394 484 420 res
507 380 811 420 totadelectat.
874 380 906 418 V
915 380 1004 421 idet
1020 381 1147 431 enim,
1170 381 1205 422 si
1227 381 1252 422 a
1273 396 1416 437 pueris
1439 382 1667 435 nobilibus,

110 453 219 494 quos
241 438 380 479 adhuc
402 436 544 486 elusit,
577 436 611 476 si
637 451 662 476 a
685 436 1102 492 quadruplatotibus,
1135 452 1244 493 quos
1282 452 1369 478 non
1407 439 1499 479 sine
1540 442 1669 481 causa
1681 438 1735 477 ‘25

111 493 369 550 contempsit
389 507 569 548 semper,
601 507 652 533 ac
674 507 749 548 pio
773 493 908 533 nihilo
932 494 1111 549 putarit,
1143 494 1372 535 accusandi
1398 496 1597 536 voluntas
1615 497 1668 537 ad

109 551 220 592 viros
241 550 371 591 f01tes
392 556 695 605 spectatosque
716 549 910 590 homines
935 550 1139 591 translata
1160 550 1229 601 sit,
1262 566 1306 591 se
1326 551 1369 590 in
1394 551 1572 606 judiciis
1596 553 1670 593 do-

113 606 262 648 minari
284 620 368 647 non
389 620 532 661 posse.

167 663 269 704 VII.
302 661 416 703 Huic
437 676 517 718 ego
554 662 718 702 homini
749 664 840 718 jam
874 661 973 703 ante
1008 663 1230 713 denuntio,
1263 663 1299 703 si
1334 665 1355 702 a
1395 678 1464 704 me
1495 678 1670 706 causam

109 719 222 760 hanc
243 733 319 760 vos
340 719 409 775 agi
432 719 667 769 volueritis,
698 719 906 760 rationem
939 719 999 759 illi
1022 719 1281 760 defendendi
1303 725 1438 760 totam
1467 735 1559 761 esse
1579 736 1670 762 mu—

109 776 311 826 tandam3
342 784 385 817 et
415 776 475 816 ita
506 783 648 816 tamen
671 775 935 826 mutandam,
966 783 1014 817 ut
1035 776 1205 817 meliore
1227 783 1270 816 et
1304 775 1547 817 honestiore
1569 792 1670 818 con-

112 832 275 874 ditione
293 832 363 884 sit,
396 847 525 887 quam
546 831 630 887 qua
663 832 755 888 ipse
788 847 881 873 esse
902 832 1019 883 v·ult
1051 840 1099 873 ut
1137 832 1328 873 imitetur
1364 832 1559 874 homines
1594 848 1668 874 eos

112 889 265 944 (quos
256 903 347 945 ipse
371 889 496 939 vidit)
520 888 822 944 amplissimos,
845 889 889 930 L.
908 889 1124 940 Crassum,
1157 896 1200 930 et
1218 889 1279 929 M.
1297 889 1564 941 Antonium3
1596 889 1711 946 qui5

111 945 216 986 nihil
241 960 286 987 se
321 945 633 987 arbitiabantur
668 945 722 986 ad
751 945 933 1001 judicia,
965 960 1202 1007 causasque
1240 946 1488 997 amicorum,
1519 955 1671 1002 praetei·

111 1002 239 1043 fidem
253 1010 297 1044 et
311 1016 545 1064 lugentum
560 1001 707 1043 afferre
725 1009 936 1058 oporteie.
981 1002 1101 1043 Nihil
1123 1002 1215 1053 elit,
1233 1001 1365 1057 quod,
1383 1010 1476 1044 ame
1497 1010 1670 1058 agente,

113 1059 335 1100 arbitretur
349 1059 443 1121 judi
448 1073 562 1100 cium
583 1058 675 1099 sine
697 1073 796 1113 mao
801 1074 855 1100 no
876 1059 1104 1100 multoium
1128 1034 1316 1114 periculo
1338 1074 1465 1114 posse
1488 1073 1671 1100 corrum-

111 1115 171 1170 pi.
232 1115 327 1171 Ego
349 1129 393 1155 ln
414 1115 675 1170 liocjudicio
698 1097 801 1155 milii
825 1115 1067 1156 Siculoium
1085 1130 1259 1156 causam
1277 1124 1506 1171 receptam,
1520 1115 1672 1172 populi

115 1171 238 1212 Rom.
260 1178 520 1227 susceptam,
552 1186 647 1212 esse
669 1172 877 1222 albitr30r
908 1179 957 1213 ut
977 1172 1081 1212 mihi
1104 1186 1189 1212 non
1222 1186 1330 1212 unus
1366 1173 1494 1213 homo
1517 1169 1741 1244 impio-10

112 1228 193 1268 bus
220 1228 532 1290 opprimendus
568 1228 625 1268 sit
646 1228 706 1282 (id
747 1228 863 1283 quod
902 1228 1036 1268 Siculi
1077 1228 1357 1283 petiverunt)
1348 1261 1358 1278 ,
1390 1229 1465 1269 sed
1499 1228 1671 1269 omnino

114 1284 254 1324 omnis
277 1283 527 1338 improbitas
550 1283 613 1334 (id
635 1284 749 1338 quod
773 1284 957 1339 populus
979 1284 1106 1325 Rom.
1137 1298 1228 1336 Jam
1267 1284 1340 1324 diu
1376 1285 1562 1339 flagitat)
1602 1300 1673 1326 ex-

114 1339 374 1396 stinguenda
414 1346 542 1401 atque
584 1339 770 1380 delenda
809 1340 879 1380 sit.

941 1340 991 1380 In
1033 1354 1118 1394 quo
1159 1355 1239 1394 ego
1280 1340 1384 1394 quid
1423 1341 1559 1381 beniti
1600 1347 1674 1382 aut

113 1378 228 1459 quid
237 1395 403 1436 efficere
424 1409 602 1450 posmm,
633 1394 778 1436 malo
769 1410 814 1435 111
841 1395 1022 1436 aliorum
1054 1403 1068 1419 ⁰
1088 1410 1162 1450 spe
1193 1395 1444 1451 relinquere,
1481 1411 1609 1452 qnam
1630 1397 1672 1437 in

113 1451 307 1494 oratione
344 1451 441 1492 mea
495 1466 667 1522 ponere.

112 1515 319 1572 tempore,
350 1515 424 1549 aut
443 1523 531 1564 qua
562 1523 606 1548 111
638 1508 726 1559 dre,
757 1523 845 1549 11011
880 1507 1010 1550 modo
1049 1508 1270 1563 specimen
1301 1509 1467 1550 caeteris
1498 1508 1674 1572 aliquod

114 1565 288 1617 dedisti,
319 1565 396 1606 sed
435 1572 526 1606 tute
568 1564 631 1606 tui
670 1565 908 1621 periculum
948 1564 1122 1606 fecisti?
1154 1579 1198 1605 ln
1233 1573 1421 1607 mentem
1460 1565 1540 1607 tibi
1587 1580 1676 1607 non

171 1709 187 1726 ⁸
199 1717 264 1744 me
284 1707 526 1744 accusante.

159 1841 212 1869 22.
236 1838 310 1869 Cera
335 1837 492 1880 legitima]
538 1837 615 1869 Cera
645 1836 783 1878 legitima
809 1841 875 1867 erat

114 1881 146 1911 in
171 1880 234 1922 qua
256 1881 297 1918 A,
312 1881 401 1912 litera
423 1880 636 1918 absolutionis,
659 1881 775 1921 scripta
798 1885 874 1915 erat,

116 1930 148 1954 et
159 1934 229 1964 quae
245 1930 310 1954 erat
323 1924 412 1954 unius
425 1923 546 1954 coloris.

159 1965 212 1996 Ib.
234 1965 302 1997 Non
317 1967 369 1997 illa
383 1966 515 2008 infami.]
562 1965 623 1996 Per
638 1965 798 2001 infamem,
815 1964 877 1995 dis-

115 2008 249 2040 colorem
276 2009 476 2049 intelligit,in
503 2008 566 2050 q'ua
593 2009 682 2038 litera
708 2008 735 2038 C
761 2007 874 2048 scripta

117 2057 202 2082 erat:
227 2051 337 2082 alludit
351 2057 455 2081 autern
470 2052 509 2082 ad
528 2050 683 2091 judicium
699 2051 782 2090 quod
800 2061 874 2080 con-

119 2099 165 2124 tra
179 2093 352 2124 Varronem
368 2095 569 2131 constitutum
583 2099 647 2131 est;
673 2094 726 2133 qui
739 2094 778 2122 ab
795 2093 876 2122 Hor-

116 2136 216 2166 tensio
241 2137 388 2167 defensus
414 2142 472 2171 est,
502 2135 556 2176 qui
585 2135 705 2165 tabulas
736 2135 878 2169 infames,

116 2179 192 2209 varii
214 2189 328 2220 nempe
351 2179 472 2213 coloris,
493 2178 632 2218 protulit,
646 2177 716 2208 curn
733 2177 876 2218 judicum

116 2227 270 2252 metueret
282 2222 524 2262 corruptionem.

165 2267 220 2296 24.
247 2265 272 2294 A
288 2266 385 2305 pueris
400 2264 567 2304 nobilibus]
613 2263 757 2304 Appium
782 2263 878 2293 Clau-

117 2308 202 2338 dium
223 2313 256 2338 et
271 2307 437 2342 Caesarem,
453 2307 553 2336 adhuc
575 2306 801 2341 adolescentes,
818 2306 879 2345 sig·

117 2351 233 2386 nificat,
247 2361 377 2391 quorum
401 2349 477 2379 alter
498 2349 677 2378 'lerentiuni
693 2349 877 2379 Varronem.

117 2394 194 2424 alter
217 2393 416 2424 Dolabellam
438 2392 605 2422 accusavit.
650 2391 705 2427 At,
721 2390 881 2421 Hortensii

117 2436 238 2472 fraude,
254 2437 308 2477 qui
324 2435 525 2467 discoloribus
541 2434 619 2465 ceris
641 2445 714 2464 usus
729 2440 786 2470 est,
802 2433 879 2463 libc-

117 2479 175 2509 rati
189 2485 271 2509 sunt.

162 2525 214 2553 25.
236 2521 263 2551 A
280 2520 579 2562 qztadmplatrm'bus]
615 2519 881 2560 Quadruplatores

120 2564 277 2595 delatores
294 2571 383 2594 erant
411 2565 575 2594 criminum
604 2563 817 2603 publicorum:
848 2563 880 2591 in

120 2607 183 2647 quss
195 2618 225 2638 re
241 2613 380 2648 quartam
395 2613 513 2648 partem
534 2607 683 2636 bonorum
699 2616 737 2636 cx
752 2605 808 2635 sua
824 2605 881 2635 de-

120 2648 234 2681 latione
248 2650 434 2682 referebant.

164 2694 218 2722 27.
239 2691 408 2732 Spectatus]
455 2692 573 2732 Pungit
595 2691 808 2726 Hortensium,
829 2690 880 2720 cui

120 2734 208 2770 dicit,
221 2744 283 2765 non
306 2735 336 2765 ei
357 2745 419 2766 rem
443 2744 511 2765 esse
533 2743 603 2764 cum
627 2734 729 2775 pueris
752 2739 784 2764 et
803 2744 880 2774 qua-

122 2777 363 2818 druplatoribus,
377 2778 432 2808 sed
455 2787 526 2808 cum
549 2777 620 2807 viris
643 2777 811 2817 generosis,
826 2776 881 2818 qui

122 2820 267 2851 virtutem
280 2825 394 2852 amant.

656 1701 673 1724 b
685 1704 914 1756 suscipere.

1030 1708 1044 1725 ⁰
1057 1704 1325 1755 cogitatione.
1445 1700 1461 1723 ‘¹
1475 1704 1620 1742 eausa.

962 1836 1011 1868 Ib.
1036 1837 1189 1867 Dominari
1200 1848 1256 1866 non
1269 1836 1374 1877 posse]
1410 1835 1593 1867 Hortensius
1608 1836 1679 1867 Rex

918 1880 976 1910 sori
993 1881 1165 1915 dicebatur,
1180 1880 1276 1920 inque
1298 1878 1422 1919 judiciis
1446 1879 1607 1915 dominari,
1624 1890 1679 1920 per

915 1923 1051 1964 judices,
1067 1933 1144 1963 quos
1160 1923 1385 1962 corrumpebat.

966 1968 995 1996 2.
1023 1965 1122 1995 Totam
1136 1975 1190 1995 esse
1207 1964 1404 2003 mutandam]
1452 1964 1574 1995 Acriter
1600 1975 1679 2005 pun-

917 2009 964 2050 git
979 2008 1178 2038 Hortensium
1195 2018 1201 2036 z
1226 2008 1269 2038 ait
1281 2007 1361 2037 enim
1374 2008 1415 2037 ita
1427 2013 1600 2048 corruptam
1615 2007 1680 2047 ejus

919 2061 985 2082 esse
1007 2051 1203 2081 defendendi
1228 2050 1389 2086 rationem,
1408 2056 1439 2080 ut
1462 2055 1527 2080 tota
1550 2061 1597 2080 res
1613 2061 1680 2080 mu-

920 2094 1015 2124 tanda
1033 2094 1081 2123 sit.

964 2138 994 2166 3.
1020 2135 1140 2165 Meliore
1150 2135 1307 2165 conditione
1321 2134 1385 2174 sin]
1411 2134 1510 2174 Optat
1526 2138 1558 2164 ut
1574 2133 1681 2164 melior

921 2178 961 2208 sit
975 2178 1169 2213 Hortensius,
1184 2177 1252 2207 curn
1269 2177 1364 2217 possit
1380 2183 1409 2206 et
1424 2177 1537 2206 debeat
1550 2177 1679 2206 honest&

922 2232 1025 2261 agere,
1042 2221 1126 2261 quod
1150 2220 1271 2250 facilius
1289 2225 1346 2255 est,
1359 2220 1452 2260 quam
1472 2218 1595 2260 judices
1614 2229 1680 2249 cor-

922 2274 1074 2304 rumpere.

966 2309 996 2336 5.
1021 2306 1084 2345 ]pse
1097 2305 1196 2345 vidia]
1234 2306 1355 2345 Superi
1358 2316 1382 2334 ir
1395 2315 1442 2335 ert¹
1438 2310 1460 2334 t
1472 2309 1563 2334 aetate
1577 2302 1680 2333 Tullio

922 2348 1118 2383 Hortensius,
1131 2348 1202 2378 ideo
1217 2348 1295 2378 vidit
1310 2348 1453 2378 Crassum
1469 2352 1501 2377 et
1513 2346 1561 2376 M.
1578 2345 1681 2375 A-nto

922 2391 1018 2426 nium,
1035 2392 1088 2432 qui
1111 2391 1167 2421 soli
1192 2397 1326 2421 oratores
1344 2390 1509 2420 Romani
1494 2401 1512 2419 ’1
1528 2389 1681 2420 Cicerone

923 2433 1040 2464 laudati
1063 2439 1145 2469 suut,
1169 2444 1309 2474 quosque
1335 2432 1401 2473 ipse
1423 2433 1453 2462 in
1468 2432 1522 2463 lib.
1535 2432 1576 2461 de
1591 2430 1680 2460 Orat.

922 2477 1109 2514 introduxit3
1131 2482 1163 2507 et
1179 2487 1256 2517 quos
1272 2474 1400 2515 majores
1413 2474 1580 2505 Hortensio
1596 2474 1683 2503 vide·

922 2524 971 2549 tur
983 2519 1133 2549 indicare.

967 2564 997 2592 9.
1023 2563 1149 2593 Causam
1163 2561 1328 2602 wmeceptam]
1375 2560 1563 2601 Suscipimus
1579 2557 1682 2588 nostra

924 2610 1046 2645 sponte,
1060 2614 1087 2634 r
1088 2605 1178 2644 cipit·
1172 2615 1227 2633 tus
1242 2605 1351 2643 rogati.

966 2650 1019 2679 17.
1046 2647 1212 2677 Periculum
1229 2646 1358 2687 jecisti]
1404 2643 1442 2674 Id
1461 2648 1517 2679 est,
1533 2648 1598 2673 tute
1613 2641 1661 2683 ips
1649 2651 1680 2673 30

923 2690 1063 2726 tentasti,
1078 2691 1204 2738 quando
1233 2696 1263 2719 te
1292 2685 1463 2722 exercuisti,
1495 2692 1626 2726 secreto,
1649 2690 1682 2715 et

924 2738 1059 2764 remotus
1074 2734 1113 2763 ab
1127 2731 1256 2763 arbitris.

745 1451 809 1492 Tu
862 1451 977 1503 vero,
1027 1451 1190 1502 Caecili,
1241 1452 1344 1507 quid
1385 1453 1537 1508 potes?
1588 1450 1741 1508 quol5
