<?xml version="1.0" encoding="UTF-8"?>
<!DOCTYPE html PUBLIC "-//W3C//DTD XHTML 1.0 Transitional//EN"
    "http://www.w3.org/TR/xhtml1/DTD/xhtml1-transitional.dtd">
<html xmlns="http://www.w3.org/1999/xhtml" xml:lang="en" lang="en">
 <head>
  <title>
</title>
<meta http-equiv="Content-Type" content="text/html;charset=utf-8" />
  <meta name='ocr-system' content='tesseract 3.04.00' />
  <meta name='ocr-capabilities' content='ocr_page ocr_carea ocr_par ocr_line ocrx_word'/>
</head>
<body>
  <div class='ocr_page' id='page_1' title='image "./selectaeoratione00ciceuoft_0555.png"; bbox 0 0 1838 3017; ppageno 0'>
   <div class='ocr_carea' id='block_1_1' title="bbox 754 160 1692 213">
    <p class='ocr_par' dir='ltr' id='par_1_1' title="bbox 754 160 1692 213">
     <span class='ocr_line' id='line_1_1' title="bbox 754 160 1692 213; baseline 0.011 -10"><span class='ocrx_word' id='word_1_1' title='bbox 754 170 815 204; x_wconf 80' lang='lat' dir='ltr'>m:</span> <span class='ocrx_word' id='word_1_2' title='bbox 839 170 1065 205; x_wconf 61' lang='lat' dir='ltr'>Anncrrm.</span> <span class='ocrx_word' id='word_1_3' title='bbox 1607 160 1692 213; x_wconf 75' lang='lat'>513</span> 
     </span>
    </p>
   </div>
   <div class='ocr_carea' id='block_1_2' title="bbox 120 243 1711 2856">
    <p class='ocr_par' dir='ltr' id='par_1_2' title="bbox 120 243 1694 462">
     <span class='ocr_line' id='line_1_2' title="bbox 120 243 1693 307; baseline -0.002 -15"><span class='ocrx_word' id='word_1_4' title='bbox 120 250 361 293; x_wconf 86' lang='lat' dir='ltr'>orationem</span> <span class='ocrx_word' id='word_1_5' title='bbox 382 248 533 307; x_wconf 82' lang='lat' dir='ltr'>religio</span> <span class='ocrx_word' id='word_1_6' title='bbox 554 249 731 292; x_wconf 90' lang='lat' dir='ltr'>deorum</span> <span class='ocrx_word' id='word_1_7' title='bbox 762 249 1081 299; x_wconf 83' lang='lat' dir='ltr'><strong>immortalium,</strong></span> <span class='ocrx_word' id='word_1_8' title='bbox 1102 246 1228 290; x_wconf 87' lang='lat' dir='ltr'>nobis</span> <span class='ocrx_word' id='word_1_9' title='bbox 1263 243 1610 299; x_wconf 80' lang='lat' dir='ltr'>defendentibus,</span> <span class='ocrx_word' id='word_1_10' title='bbox 1633 248 1693 290; x_wconf 86' lang='lat' dir='ltr'>fa·-</span> 
     </span>
     <span class='ocr_line' id='line_1_3' title="bbox 128 303 1692 364; baseline -0.002 -15"><span class='ocrx_word' id='word_1_11' title='bbox 128 306 208 349; x_wconf 57' lang='lat' dir='ltr'>eila»</span> <span class='ocrx_word' id='word_1_12' title='bbox 230 308 444 350; x_wconf 83' lang='lat' dir='ltr'>vincebat.</span> <span class='ocrx_word' id='word_1_13' title='bbox 487 308 631 364; x_wconf 85' lang='lat' dir='ltr'><strong>Atque</strong></span> <span class='ocrx_word' id='word_1_14' title='bbox 652 308 695 349; x_wconf 85' lang='lat' dir='ltr'>id</span> <span class='ocrx_word' id='word_1_15' title='bbox 718 313 861 349; x_wconf 87' lang='lat' dir='ltr'>actum</span> <span class='ocrx_word' id='word_1_16' title='bbox 883 314 960 356; x_wconf 84' lang='lat' dir='ltr'>est,</span> <span class='ocrx_word' id='word_1_17' title='bbox 984 313 1162 362; x_wconf 83' lang='lat' dir='ltr'>praetore</span> <span class='ocrx_word' id='word_1_18' title='bbox 1180 320 1261 355; x_wconf 88' lang='lat' dir='ltr'>me,</span> <span class='ocrx_word' id='word_1_19' title='bbox 1279 303 1572 361; x_wconf 89' lang='lat' dir='ltr'>quinquennio</span> <span class='ocrx_word' id='word_1_20' title='bbox 1593 303 1692 346; x_wconf 55' lang='lat' dir='ltr'>ante¹</span> 
     </span>
     <span class='ocr_line' id='line_1_4' title="bbox 128 360 1694 421; baseline -0.002 -16"><span class='ocrx_word' id='word_1_21' title='bbox 128 363 259 420; x_wconf 74' lang='lat' dir='ltr'>quam</span> <span class='ocrx_word' id='word_1_22' title='bbox 290 365 440 406; x_wconf 91' lang='lat' dir='ltr'>consul</span> <span class='ocrx_word' id='word_1_23' title='bbox 472 379 566 406; x_wconf 88' lang='lat' dir='ltr'>sum</span> <span class='ocrx_word' id='word_1_24' title='bbox 599 365 761 406; x_wconf 86' lang='lat' dir='ltr'>factus:</span> <span class='ocrx_word' id='word_1_25' title='bbox 807 364 954 421; x_wconf 91' lang='lat' dir='ltr'>itaque</span> <span class='ocrx_word' id='word_1_26' title='bbox 995 378 1037 405; x_wconf 87' lang='lat' dir='ltr'>re</span> <span class='ocrx_word' id='word_1_27' title='bbox 1069 363 1220 418; x_wconf 82' lang='lat' dir='ltr'>magis,</span> <span class='ocrx_word' id='word_1_28' title='bbox 1253 360 1386 418; x_wconf 73' lang='lat' dir='ltr'>quam</span> <span class='ocrx_word' id='word_1_29' title='bbox 1421 360 1694 412; x_wconf 88' lang='lat' dir='ltr'>auctoritate,</span> 
     </span>
     <span class='ocr_line' id='line_1_5' title="bbox 129 420 649 462; baseline 0 0"><span class='ocrx_word' id='word_1_30' title='bbox 129 435 260 462; x_wconf 88' lang='lat' dir='ltr'>causa</span> <span class='ocrx_word' id='word_1_31' title='bbox 280 421 352 462; x_wconf 82' lang='lat' dir='ltr'>ilia</span> <span class='ocrx_word' id='word_1_32' title='bbox 370 420 548 462; x_wconf 81' lang='lat' dir='ltr'>defensa</span> <span class='ocrx_word' id='word_1_33' title='bbox 570 428 649 462; x_wconf 87' lang='lat' dir='ltr'>est.</span> 
     </span>
    </p>

    <p class='ocr_par' dir='ltr' id='par_1_3' title="bbox 127 473 1698 704">
     <span class='ocr_line' id='line_1_6' title="bbox 184 473 1696 530; baseline -0.001 -12"><span class='ocrx_word' id='word_1_34' title='bbox 184 477 351 519; x_wconf 81' lang='lat' dir='ltr'><strong>XXVI.</strong></span> <span class='ocrx_word' id='word_1_35' title='bbox 384 477 511 525; x_wconf 72' lang='lat' dir='ltr'>Quod</span> <span class='ocrx_word' id='word_1_36' title='bbox 544 479 579 518; x_wconf 91' lang='lat' dir='ltr'>si</span> <span class='ocrx_word' id='word_1_37' title='bbox 613 479 655 518; x_wconf 92' lang='lat' dir='ltr'>in</span> <span class='ocrx_word' id='word_1_38' title='bbox 680 477 827 528; x_wconf 63' lang='lat' dir='ltr'>scena,</span> <span class='ocrx_word' id='word_1_39' title='bbox 856 477 921 529; x_wconf 87' lang='lat' dir='ltr'>[id</span> <span class='ocrx_word' id='word_1_40' title='bbox 952 482 1032 528; x_wconf 88' lang='lat' dir='ltr'>est,</span> <span class='ocrx_word' id='word_1_41' title='bbox 1064 475 1106 517; x_wconf 89' lang='lat' dir='ltr'>in</span> <span class='ocrx_word' id='word_1_42' title='bbox 1128 474 1373 528; x_wconf 91' lang='lat' dir='ltr'>concione,]</span> <span class='ocrx_word' id='word_1_43' title='bbox 1397 473 1439 514; x_wconf 89' lang='lat' dir='ltr'>in</span> <span class='ocrx_word' id='word_1_44' title='bbox 1461 474 1547 530; x_wconf 64' lang='lat' dir='ltr'>qua</span> <span class='ocrx_word' id='word_1_45' title='bbox 1570 474 1696 516; x_wconf 80' lang='lat' dir='ltr'>rebus</span> 
     </span>
     <span class='ocr_line' id='line_1_7' title="bbox 127 531 1696 590; baseline -0.003 -14"><span class='ocrx_word' id='word_1_46' title='bbox 127 534 241 576; x_wconf 81' lang='lat' dir='ltr'>fietis</span> <span class='ocrx_word' id='word_1_47' title='bbox 262 542 306 576; x_wconf 89' lang='lat' dir='ltr'>et</span> <span class='ocrx_word' id='word_1_48' title='bbox 322 534 586 575; x_wconf 80' lang='lat' dir='ltr'><strong>adumbratis</strong></span> <span class='ocrx_word' id='word_1_49' title='bbox 608 534 690 576; x_wconf 83' lang='lat' dir='ltr'>loci</span> <span class='ocrx_word' id='word_1_50' title='bbox 713 535 938 590; x_wconf 86' lang='lat' dir='ltr'>plurimum</span> <span class='ocrx_word' id='word_1_51' title='bbox 959 541 1038 584; x_wconf 84' lang='lat' dir='ltr'>est,</span> <span class='ocrx_word' id='word_1_52' title='bbox 1060 540 1203 574; x_wconf 87' lang='lat' dir='ltr'>tamen</span> <span class='ocrx_word' id='word_1_53' title='bbox 1222 546 1366 573; x_wconf 86' lang='lat' dir='ltr'>verum</span> <span class='ocrx_word' id='word_1_54' title='bbox 1387 531 1515 582; x_wconf 86' lang='lat' dir='ltr'>valet,</span> <span class='ocrx_word' id='word_1_55' title='bbox 1544 531 1579 572; x_wconf 85' lang='lat' dir='ltr'>si</span> <span class='ocrx_word' id='word_1_56' title='bbox 1609 545 1696 572; x_wconf 90' lang='lat' dir='ltr'>mo-</span> 
     </span>
     <span class='ocr_line' id='line_1_8' title="bbox 127 587 1698 647; baseline -0.002 -16"><span class='ocrx_word' id='word_1_57' title='bbox 127 590 184 632; x_wconf 78' lang='lat' dir='ltr'>do</span> <span class='ocrx_word' id='word_1_58' title='bbox 205 591 247 632; x_wconf 92' lang='lat' dir='ltr'>id</span> <span class='ocrx_word' id='word_1_59' title='bbox 268 591 531 647; x_wconf 82' lang='lat' dir='ltr'>patefactum</span> <span class='ocrx_word' id='word_1_60' title='bbox 549 599 591 632; x_wconf 94' lang='lat' dir='ltr'>et</span> <span class='ocrx_word' id='word_1_61' title='bbox 611 591 869 632; x_wconf 82' lang='lat' dir='ltr'>illustratum</span> <span class='ocrx_word' id='word_1_62' title='bbox 891 598 982 639; x_wconf 85' lang='lat' dir='ltr'>est;</span> <span class='ocrx_word' id='word_1_63' title='bbox 1014 589 1117 646; x_wconf 89' lang='lat' dir='ltr'>quid</span> <span class='ocrx_word' id='word_1_64' title='bbox 1140 589 1182 629; x_wconf 90' lang='lat' dir='ltr'>in</span> <span class='ocrx_word' id='word_1_65' title='bbox 1200 587 1389 629; x_wconf 68' lang='lat' dir='ltr'>amicitia</span> <span class='ocrx_word' id='word_1_66' title='bbox 1406 587 1494 628; x_wconf 85' lang='lat' dir='ltr'>fieri</span> <span class='ocrx_word' id='word_1_67' title='bbox 1513 594 1698 643; x_wconf 82' lang='lat' dir='ltr'>oportet,</span> 
     </span>
     <span class='ocr_line' id='line_1_9' title="bbox 127 644 1698 704; baseline -0.002 -17"><span class='ocrx_word' id='word_1_68' title='bbox 127 661 223 704; x_wconf 87' lang='lat' dir='ltr'>quae</span> <span class='ocrx_word' id='word_1_69' title='bbox 253 654 345 689; x_wconf 84' lang='lat' dir='ltr'>tota</span> <span class='ocrx_word' id='word_1_70' title='bbox 365 649 541 689; x_wconf 87' lang='lat' dir='ltr'>veritate</span> <span class='ocrx_word' id='word_1_71' title='bbox 564 647 868 704; x_wconf 77' lang='lat' dir='ltr'><strong>perpenditur?</strong></span> <span class='ocrx_word' id='word_1_72' title='bbox 899 647 942 687; x_wconf 90' lang='lat' dir='ltr'>in</span> <span class='ocrx_word' id='word_1_73' title='bbox 977 647 1064 702; x_wconf 67' lang='lat' dir='ltr'>qua</span> <span class='ocrx_word' id='word_1_74' title='bbox 1096 645 1193 695; x_wconf 89' lang='lat' dir='ltr'>nisi,</span> <span class='ocrx_word' id='word_1_75' title='bbox 1224 651 1273 685; x_wconf 87' lang='lat' dir='ltr'>ut</span> <span class='ocrx_word' id='word_1_76' title='bbox 1302 644 1472 692; x_wconf 87' lang='lat' dir='ltr'>dicitur,</span> <span class='ocrx_word' id='word_1_77' title='bbox 1505 650 1698 699; x_wconf 89' lang='lat' dir='ltr'>apertum</span> 
     </span>
    </p>

    <p class='ocr_par' dir='ltr' id='par_1_4' title="bbox 125 700 1706 1549">
     <span class='ocr_line' id='line_1_10' title="bbox 159 700 1700 760; baseline -0.003 -15"><span class='ocrx_word' id='word_1_78' title='bbox 159 711 280 746; x_wconf 84' lang='lat' dir='ltr'>ectus</span> <span class='ocrx_word' id='word_1_79' title='bbox 312 705 473 756; x_wconf 87' lang='lat' dir='ltr'>videas,</span> <span class='ocrx_word' id='word_1_80' title='bbox 504 713 710 760; x_wconf 86' lang='lat' dir='ltr'>tuumque</span> <span class='ocrx_word' id='word_1_81' title='bbox 742 704 960 753; x_wconf 88' lang='lat' dir='ltr'>ostendas,</span> <span class='ocrx_word' id='word_1_82' title='bbox 990 702 1097 742; x_wconf 87' lang='lat' dir='ltr'>nihil</span> <span class='ocrx_word' id='word_1_83' title='bbox 1118 702 1267 750; x_wconf 85' lang='lat' dir='ltr'>fidum,</span> <span class='ocrx_word' id='word_1_84' title='bbox 1299 700 1405 740; x_wconf 88' lang='lat' dir='ltr'>nihil</span> <span class='ocrx_word' id='word_1_85' title='bbox 1430 700 1700 756; x_wconf 88' lang='lat' dir='ltr'>exploratum</span> 
     </span>
     <span class='ocr_line' id='line_1_11' title="bbox 125 719 1698 816; baseline -0.003 -16"><span class='ocrx_word' id='word_1_86' title='bbox 125 719 312 803; x_wconf 66' lang='lat' dir='ltr'>iiabeas:</span> <span class='ocrx_word' id='word_1_87' title='bbox 344 776 397 802; x_wconf 90' lang='lat' dir='ltr'>ne</span> <span class='ocrx_word' id='word_1_88' title='bbox 429 776 569 802; x_wconf 89' lang='lat' dir='ltr'>amare</span> <span class='ocrx_word' id='word_1_89' title='bbox 601 761 790 816; x_wconf 90' lang='lat' dir='ltr'>quidem,</span> <span class='ocrx_word' id='word_1_90' title='bbox 825 766 898 800; x_wconf 90' lang='lat' dir='ltr'>aut</span> <span class='ocrx_word' id='word_1_91' title='bbox 931 759 1087 808; x_wconf 82' lang='lat' dir='ltr'>amari3</span> <span class='ocrx_word' id='word_1_92' title='bbox 1121 757 1234 809; x_wconf 75' lang='lat' dir='ltr'>cum,</span> <span class='ocrx_word' id='word_1_93' title='bbox 1264 756 1308 797; x_wconf 90' lang='lat' dir='ltr'>id</span> <span class='ocrx_word' id='word_1_94' title='bbox 1339 755 1471 812; x_wconf 66' lang='lat' dir='ltr'>quam</span> <span class='ocrx_word' id='word_1_95' title='bbox 1492 755 1588 798; x_wconf 77' lang='lat' dir='ltr'>vere</span> <span class='ocrx_word' id='word_1_96' title='bbox 1609 757 1698 807; x_wconf 89' lang='lat' dir='ltr'>fiat,</span> 
     </span>
     <span class='ocr_line' id='line_1_12' title="bbox 129 813 1701 873; baseline -0.004 -14"><span class='ocrx_word' id='word_1_97' title='bbox 129 817 314 873; x_wconf 86' lang='lat' dir='ltr'>ignores.</span> <span class='ocrx_word' id='word_1_98' title='bbox 375 817 650 873; x_wconf 67' lang='lat' dir='ltr'>Quamquam</span> <span class='ocrx_word' id='word_1_99' title='bbox 672 817 754 856; x_wconf 88' lang='lat' dir='ltr'>ista</span> <span class='ocrx_word' id='word_1_100' title='bbox 776 815 1026 866; x_wconf 82' lang='lat' dir='ltr'>assentatio,</span> <span class='ocrx_word' id='word_1_101' title='bbox 1055 815 1251 870; x_wconf 83' lang='lat' dir='ltr'>quamvis</span> <span class='ocrx_word' id='word_1_102' title='bbox 1273 813 1512 869; x_wconf 85' lang='lat' dir='ltr'>perniciosa</span> <span class='ocrx_word' id='word_1_103' title='bbox 1533 813 1600 862; x_wconf 91' lang='lat' dir='ltr'>sit,</span> <span class='ocrx_word' id='word_1_104' title='bbox 1622 828 1701 854; x_wconf 91' lang='lat' dir='ltr'>no-</span> 
     </span>
     <span class='ocr_line' id='line_1_13' title="bbox 129 869 1702 929; baseline -0.003 -14"><span class='ocrx_word' id='word_1_105' title='bbox 129 888 225 915; x_wconf 88' lang='lat' dir='ltr'>cere</span> <span class='ocrx_word' id='word_1_106' title='bbox 257 882 400 915; x_wconf 88' lang='lat' dir='ltr'>tamen</span> <span class='ocrx_word' id='word_1_107' title='bbox 431 873 591 915; x_wconf 90' lang='lat' dir='ltr'>nemini</span> <span class='ocrx_word' id='word_1_108' title='bbox 623 879 781 929; x_wconf 90' lang='lat' dir='ltr'>potest,</span> <span class='ocrx_word' id='word_1_109' title='bbox 812 872 895 913; x_wconf 92' lang='lat' dir='ltr'>nisi</span> <span class='ocrx_word' id='word_1_110' title='bbox 929 872 981 922; x_wconf 91' lang='lat' dir='ltr'>ei,</span> <span class='ocrx_word' id='word_1_111' title='bbox 1014 872 1086 927; x_wconf 89' lang='lat' dir='ltr'>qui</span> <span class='ocrx_word' id='word_1_112' title='bbox 1107 885 1200 912; x_wconf 87' lang='lat' dir='ltr'>eam</span> <span class='ocrx_word' id='word_1_113' title='bbox 1220 870 1384 926; x_wconf 85' lang='lat' dir='ltr'>recipit,</span> <span class='ocrx_word' id='word_1_114' title='bbox 1406 877 1534 926; x_wconf 89' lang='lat' dir='ltr'>atque</span> <span class='ocrx_word' id='word_1_115' title='bbox 1556 870 1608 911; x_wconf 70' lang='lat' dir='ltr'>ea</span> <span class='ocrx_word' id='word_1_116' title='bbox 1629 869 1702 911; x_wconf 87' lang='lat' dir='ltr'>de-</span> 
     </span>
     <span class='ocr_line' id='line_1_14' title="bbox 127 925 1699 984; baseline -0.002 -13"><span class='ocrx_word' id='word_1_117' title='bbox 127 929 330 972; x_wconf 85' lang='lat' dir='ltr'>lectatur:</span> <span class='ocrx_word' id='word_1_118' title='bbox 354 931 414 972; x_wconf 92' lang='lat' dir='ltr'>ita</span> <span class='ocrx_word' id='word_1_119' title='bbox 433 931 495 979; x_wconf 88' lang='lat' dir='ltr'>fit,</span> <span class='ocrx_word' id='word_1_120' title='bbox 517 938 564 972; x_wconf 87' lang='lat' dir='ltr'>ut</span> <span class='ocrx_word' id='word_1_121' title='bbox 586 929 621 971; x_wconf 92' lang='lat' dir='ltr'>is</span> <span class='ocrx_word' id='word_1_122' title='bbox 637 929 976 971; x_wconf 79' lang='lat' dir='ltr'>assentatoribus</span> <span class='ocrx_word' id='word_1_123' title='bbox 994 927 1225 984; x_wconf 81' lang='lat' dir='ltr'>patefaciat</span> <span class='ocrx_word' id='word_1_124' title='bbox 1240 941 1363 968; x_wconf 90' lang='lat' dir='ltr'>aures</span> <span class='ocrx_word' id='word_1_125' title='bbox 1380 941 1480 968; x_wconf 86' lang='lat' dir='ltr'>suas</span> <span class='ocrx_word' id='word_1_126' title='bbox 1497 925 1699 978; x_wconf 70' lang='lat' dir='ltr'>maxime,</span> 
     </span>
     <span class='ocr_line' id='line_1_15' title="bbox 126 983 1702 1044; baseline -0.002 -16"><span class='ocrx_word' id='word_1_127' title='bbox 126 986 201 1043; x_wconf 88' lang='lat' dir='ltr'>qui</span> <span class='ocrx_word' id='word_1_128' title='bbox 222 987 314 1044; x_wconf 89' lang='lat' dir='ltr'>ipse</span> <span class='ocrx_word' id='word_1_129' title='bbox 335 987 417 1028; x_wconf 85' lang='lat' dir='ltr'>sibi</span> <span class='ocrx_word' id='word_1_130' title='bbox 438 994 692 1037; x_wconf 79' lang='lat' dir='ltr'>assentetur,</span> <span class='ocrx_word' id='word_1_131' title='bbox 713 993 756 1027; x_wconf 89' lang='lat' dir='ltr'>et</span> <span class='ocrx_word' id='word_1_132' title='bbox 776 1001 821 1027; x_wconf 92' lang='lat' dir='ltr'>se</span> <span class='ocrx_word' id='word_1_133' title='bbox 843 985 1026 1026; x_wconf 74' lang='lat' dir='ltr'>maxime</span> <span class='ocrx_word' id='word_1_134' title='bbox 1059 985 1151 1041; x_wconf 90' lang='lat' dir='ltr'>ipse</span> <span class='ocrx_word' id='word_1_135' title='bbox 1174 983 1376 1025; x_wconf 88' lang='lat' dir='ltr'>delectet.</span> <span class='ocrx_word' id='word_1_136' title='bbox 1426 983 1614 1025; x_wconf 90' lang='lat' dir='ltr'>Omnino</span> <span class='ocrx_word' id='word_1_137' title='bbox 1635 990 1702 1025; x_wconf 87' lang='lat' dir='ltr'>est</span> 
     </span>
     <span class='ocr_line' id='line_1_16' title="bbox 126 1039 1699 1099; baseline -0.003 -15"><span class='ocrx_word' id='word_1_138' title='bbox 126 1058 274 1085; x_wconf 87' lang='lat' dir='ltr'>amans</span> <span class='ocrx_word' id='word_1_139' title='bbox 306 1043 371 1084; x_wconf 90' lang='lat' dir='ltr'>sui</span> <span class='ocrx_word' id='word_1_140' title='bbox 407 1044 562 1085; x_wconf 88' lang='lat' dir='ltr'>virtus:</span> <span class='ocrx_word' id='word_1_141' title='bbox 595 1043 755 1099; x_wconf 70' lang='lat' dir='ltr'>optime</span> <span class='ocrx_word' id='word_1_142' title='bbox 779 1042 892 1084; x_wconf 88' lang='lat' dir='ltr'>euim</span> <span class='ocrx_word' id='word_1_143' title='bbox 913 1057 958 1084; x_wconf 89' lang='lat' dir='ltr'>se</span> <span class='ocrx_word' id='word_1_144' title='bbox 979 1042 1074 1098; x_wconf 84' lang='lat' dir='ltr'>ipsa</span> <span class='ocrx_word' id='word_1_145' title='bbox 1095 1041 1227 1091; x_wconf 90' lang='lat' dir='ltr'>novit,</span> <span class='ocrx_word' id='word_1_146' title='bbox 1259 1041 1474 1097; x_wconf 73' lang='lat' dir='ltr'>quamque</span> <span class='ocrx_word' id='word_1_147' title='bbox 1501 1039 1699 1082; x_wconf 87' lang='lat' dir='ltr'>amabilis</span> 
     </span>
     <span class='ocr_line' id='line_1_17' title="bbox 130 1096 1702 1157; baseline -0.003 -16"><span class='ocrx_word' id='word_1_148' title='bbox 130 1100 202 1150; x_wconf 90' lang='lat' dir='ltr'>sit,</span> <span class='ocrx_word' id='word_1_149' title='bbox 226 1100 451 1157; x_wconf 84' lang='lat' dir='ltr'>intelligit:</span> <span class='ocrx_word' id='word_1_150' title='bbox 484 1115 565 1157; x_wconf 82' lang='lat' dir='ltr'>ego</span> <span class='ocrx_word' id='word_1_151' title='bbox 587 1108 730 1141; x_wconf 91' lang='lat' dir='ltr'>autem</span> <span class='ocrx_word' id='word_1_152' title='bbox 751 1114 838 1140; x_wconf 90' lang='lat' dir='ltr'>non</span> <span class='ocrx_word' id='word_1_153' title='bbox 861 1099 911 1140; x_wconf 89' lang='lat' dir='ltr'>de</span> <span class='ocrx_word' id='word_1_154' title='bbox 933 1099 1089 1139; x_wconf 91' lang='lat' dir='ltr'>virtute</span> <span class='ocrx_word' id='word_1_155' title='bbox 1112 1112 1227 1139; x_wconf 90' lang='lat' dir='ltr'>nunc</span> <span class='ocrx_word' id='word_1_156' title='bbox 1247 1097 1413 1153; x_wconf 90' lang='lat' dir='ltr'>loquor,</span> <span class='ocrx_word' id='word_1_157' title='bbox 1445 1096 1521 1138; x_wconf 86' lang='lat' dir='ltr'>sed</span> <span class='ocrx_word' id='word_1_158' title='bbox 1547 1097 1601 1138; x_wconf 91' lang='lat' dir='ltr'>de</span> <span class='ocrx_word' id='word_1_159' title='bbox 1622 1096 1702 1138; x_wconf 88' lang='lat' dir='ltr'>vir-</span> 
     </span>
     <span class='ocr_line' id='line_1_18' title="bbox 130 1152 1701 1213; baseline -0.002 -15"><span class='ocrx_word' id='word_1_160' title='bbox 130 1157 235 1198; x_wconf 87' lang='lat' dir='ltr'>tutis</span> <span class='ocrx_word' id='word_1_161' title='bbox 270 1157 496 1213; x_wconf 87' lang='lat' dir='ltr'>opinione:</span> <span class='ocrx_word' id='word_1_162' title='bbox 531 1157 683 1198; x_wconf 90' lang='lat' dir='ltr'>virtute</span> <span class='ocrx_word' id='word_1_163' title='bbox 721 1157 834 1198; x_wconf 88' lang='lat' dir='ltr'>enim</span> <span class='ocrx_word' id='word_1_164' title='bbox 870 1155 967 1212; x_wconf 66' lang='lat' dir='ltr'>ipsa</span> <span class='ocrx_word' id='word_1_165' title='bbox 1002 1170 1088 1196; x_wconf 90' lang='lat' dir='ltr'>non</span> <span class='ocrx_word' id='word_1_166' title='bbox 1121 1161 1208 1196; x_wconf 90' lang='lat' dir='ltr'>tam</span> <span class='ocrx_word' id='word_1_167' title='bbox 1239 1154 1364 1195; x_wconf 84' lang='lat' dir='ltr'>multi</span> <span class='ocrx_word' id='word_1_168' title='bbox 1394 1152 1561 1210; x_wconf 81' lang='lat' dir='ltr'>praediti</span> <span class='ocrx_word' id='word_1_169' title='bbox 1589 1167 1701 1205; x_wconf 84' lang='lat' dir='ltr'>esse,</span> 
     </span>
     <span class='ocr_line' id='line_1_19' title="bbox 131 1209 1704 1271; baseline -0.003 -16"><span class='ocrx_word' id='word_1_170' title='bbox 131 1213 263 1271; x_wconf 71' lang='lat' dir='ltr'>quam</span> <span class='ocrx_word' id='word_1_171' title='bbox 283 1214 434 1265; x_wconf 88' lang='lat' dir='ltr'>videri,</span> <span class='ocrx_word' id='word_1_172' title='bbox 454 1215 618 1256; x_wconf 90' lang='lat' dir='ltr'>volunt.</span> <span class='ocrx_word' id='word_1_173' title='bbox 679 1213 772 1255; x_wconf 86' lang='lat' dir='ltr'>Hos</span> <span class='ocrx_word' id='word_1_174' title='bbox 807 1213 994 1254; x_wconf 87' lang='lat' dir='ltr'>delectat</span> <span class='ocrx_word' id='word_1_175' title='bbox 1013 1210 1274 1253; x_wconf 82' lang='lat' dir='ltr'>assentatio:</span> <span class='ocrx_word' id='word_1_176' title='bbox 1306 1209 1373 1251; x_wconf 91' lang='lat' dir='ltr'>his</span> <span class='ocrx_word' id='word_1_177' title='bbox 1394 1211 1520 1251; x_wconf 86' lang='lat' dir='ltr'>fictus</span> <span class='ocrx_word' id='word_1_178' title='bbox 1551 1210 1605 1251; x_wconf 91' lang='lat' dir='ltr'>ad</span> <span class='ocrx_word' id='word_1_179' title='bbox 1640 1210 1704 1266; x_wconf 91' lang='lat' dir='ltr'>ip-</span> 
     </span>
     <span class='ocr_line' id='line_1_20' title="bbox 132 1267 1704 1320; baseline -0.003 -8"><span class='ocrx_word' id='word_1_180' title='bbox 132 1285 275 1312; x_wconf 83' lang='lat' dir='ltr'>sorum</span> <span class='ocrx_word' id='word_1_181' title='bbox 295 1272 562 1312; x_wconf 87' lang='lat' dir='ltr'>voluntatem</span> <span class='ocrx_word' id='word_1_182' title='bbox 584 1285 722 1312; x_wconf 90' lang='lat' dir='ltr'>sermo</span> <span class='ocrx_word' id='word_1_183' title='bbox 745 1272 844 1311; x_wconf 71' lang='lat' dir='ltr'>cum</span> <span class='ocrx_word' id='word_1_184' title='bbox 864 1269 1107 1320; x_wconf 82' lang='lat' dir='ltr'>adhibetur,</span> <span class='ocrx_word' id='word_1_185' title='bbox 1140 1267 1374 1309; x_wconf 87' lang='lat' dir='ltr'>orationem</span> <span class='ocrx_word' id='word_1_186' title='bbox 1404 1267 1519 1308; x_wconf 88' lang='lat' dir='ltr'>illam</span> <span class='ocrx_word' id='word_1_187' title='bbox 1549 1280 1704 1308; x_wconf 88' lang='lat' dir='ltr'>vanam</span> 
     </span>
     <span class='ocr_line' id='line_1_21' title="bbox 129 1322 1706 1382; baseline -0.002 -15"><span class='ocrx_word' id='word_1_188' title='bbox 129 1327 427 1369; x_wconf 88' lang='lat' dir='ltr'>testimonium</span> <span class='ocrx_word' id='word_1_189' title='bbox 457 1342 551 1368; x_wconf 89' lang='lat' dir='ltr'>esse</span> <span class='ocrx_word' id='word_1_190' title='bbox 583 1327 754 1369; x_wconf 87' lang='lat' dir='ltr'>laudem</span> <span class='ocrx_word' id='word_1_191' title='bbox 785 1341 954 1368; x_wconf 89' lang='lat' dir='ltr'>suarum</span> <span class='ocrx_word' id='word_1_192' title='bbox 974 1331 1139 1382; x_wconf 87' lang='lat' dir='ltr'>putant.</span> <span class='ocrx_word' id='word_1_193' title='bbox 1200 1323 1332 1365; x_wconf 86' lang='lat' dir='ltr'>Nulla</span> <span class='ocrx_word' id='word_1_194' title='bbox 1352 1330 1419 1365; x_wconf 89' lang='lat' dir='ltr'>est</span> <span class='ocrx_word' id='word_1_195' title='bbox 1448 1323 1579 1380; x_wconf 82' lang='lat' dir='ltr'>igitur</span> <span class='ocrx_word' id='word_1_196' title='bbox 1609 1322 1706 1365; x_wconf 81' lang='lat' dir='ltr'>haec</span> 
     </span>
     <span class='ocr_line' id='line_1_22' title="bbox 129 1380 1701 1435; baseline -0.002 -11"><span class='ocrx_word' id='word_1_197' title='bbox 129 1383 332 1435; x_wconf 87' lang='lat' dir='ltr'>amicitia,</span> <span class='ocrx_word' id='word_1_198' title='bbox 353 1384 451 1425; x_wconf 70' lang='lat' dir='ltr'>cum</span> <span class='ocrx_word' id='word_1_199' title='bbox 473 1384 579 1425; x_wconf 88' lang='lat' dir='ltr'>alter</span> <span class='ocrx_word' id='word_1_200' title='bbox 597 1399 743 1425; x_wconf 86' lang='lat' dir='ltr'>verum</span> <span class='ocrx_word' id='word_1_201' title='bbox 762 1383 907 1425; x_wconf 87' lang='lat' dir='ltr'>audire</span> <span class='ocrx_word' id='word_1_202' title='bbox 935 1398 1022 1424; x_wconf 91' lang='lat' dir='ltr'>non</span> <span class='ocrx_word' id='word_1_203' title='bbox 1048 1382 1153 1433; x_wconf 87' lang='lat' dir='ltr'>vult,</span> <span class='ocrx_word' id='word_1_204' title='bbox 1185 1381 1291 1422; x_wconf 86' lang='lat' dir='ltr'>alter</span> <span class='ocrx_word' id='word_1_205' title='bbox 1317 1381 1372 1421; x_wconf 93' lang='lat' dir='ltr'>ad</span> <span class='ocrx_word' id='word_1_206' title='bbox 1403 1380 1701 1422; x_wconf 88' lang='lat' dir='ltr'>mentiendum</span> 
     </span>
     <span class='ocr_line' id='line_1_23' title="bbox 131 1436 1706 1497; baseline -0.003 -15"><span class='ocrx_word' id='word_1_207' title='bbox 131 1448 304 1496; x_wconf 87' lang='lat' dir='ltr'>paratus</span> <span class='ocrx_word' id='word_1_208' title='bbox 326 1449 401 1482; x_wconf 86' lang='lat' dir='ltr'>est.</span> <span class='ocrx_word' id='word_1_209' title='bbox 443 1440 537 1482; x_wconf 87' lang='lat' dir='ltr'>Nec</span> <span class='ocrx_word' id='word_1_210' title='bbox 558 1441 839 1497; x_wconf 87' lang='lat' dir='ltr'>parasitorum</span> <span class='ocrx_word' id='word_1_211' title='bbox 859 1440 902 1481; x_wconf 82' lang='lat' dir='ltr'>in</span> <span class='ocrx_word' id='word_1_212' title='bbox 919 1438 1145 1481; x_wconf 88' lang='lat' dir='ltr'>comoediis</span> <span class='ocrx_word' id='word_1_213' title='bbox 1165 1437 1398 1479; x_wconf 83' lang='lat' dir='ltr'>assentatio</span> <span class='ocrx_word' id='word_1_214' title='bbox 1419 1437 1546 1480; x_wconf 86' lang='lat' dir='ltr'>nobis</span> <span class='ocrx_word' id='word_1_215' title='bbox 1563 1436 1706 1479; x_wconf 82' lang='lat' dir='ltr'>faceta</span> 
     </span>
     <span class='ocr_line' id='line_1_24' title="bbox 134 1496 1050 1549; baseline -0.001 -11"><span class='ocrx_word' id='word_1_216' title='bbox 134 1496 365 1549; x_wconf 83' lang='lat' dir='ltr'>videretur,</span> <span class='ocrx_word' id='word_1_217' title='bbox 389 1498 470 1539; x_wconf 87' lang='lat' dir='ltr'>nisi</span> <span class='ocrx_word' id='word_1_218' title='bbox 493 1504 638 1539; x_wconf 87' lang='lat' dir='ltr'>essent</span> <span class='ocrx_word' id='word_1_219' title='bbox 658 1497 823 1539; x_wconf 88' lang='lat' dir='ltr'>Milites</span> <span class='ocrx_word' id='word_1_220' title='bbox 845 1496 1050 1538; x_wconf 84' lang='lat' dir='ltr'>Gloriosi.</span> 
     </span>
    </p>

    <p class='ocr_par' dir='ltr' id='par_1_5' title="bbox 131 1553 1708 2401">
     <span class='ocr_line' id='line_1_25' title="bbox 462 1553 1418 1608; baseline -0.001 -13"><span class='ocrx_word' id='word_1_221' title='bbox 462 1554 655 1608; x_wconf 64' lang='lat' dir='ltr'>BIagnas</span> <span class='ocrx_word' id='word_1_222' title='bbox 676 1557 768 1596; x_wconf 71' lang='lat' dir='ltr'>vero</span> <span class='ocrx_word' id='word_1_223' title='bbox 790 1569 914 1608; x_wconf 80' lang='lat' dir='ltr'>agere</span> <span class='ocrx_word' id='word_1_224' title='bbox 930 1556 1101 1606; x_wconf 74' lang='lat' dir='ltr'>gratias</span> <span class='ocrx_word' id='word_1_225' title='bbox 1124 1553 1260 1593; x_wconf 56' lang='lat' dir='ltr'>Thais</span> <span class='ocrx_word' id='word_1_226' title='bbox 1280 1553 1418 1594; x_wconf 72' lang='lat' dir='ltr'>mihi?</span> 
     </span>
     <span class='ocr_line' id='line_1_26' title="bbox 131 1608 1706 1667; baseline -0.001 -16"><span class='ocrx_word' id='word_1_227' title='bbox 131 1610 247 1651; x_wconf 86' lang='lat' dir='ltr'>Satis</span> <span class='ocrx_word' id='word_1_228' title='bbox 270 1618 360 1652; x_wconf 85' lang='lat' dir='ltr'>erat</span> <span class='ocrx_word' id='word_1_229' title='bbox 378 1612 633 1667; x_wconf 87' lang='lat' dir='ltr'>respondere</span> <span class='ocrx_word' id='word_1_230' title='bbox 654 1613 876 1664; x_wconf 73' lang='lat' dir='ltr'>Magnas:</span> <span class='ocrx_word' id='word_1_231' title='bbox 909 1613 1130 1664; x_wconf 77' lang='lat' dir='ltr'>Ingentes,</span> <span class='ocrx_word' id='word_1_232' title='bbox 1162 1608 1317 1664; x_wconf 89' lang='lat' dir='ltr'>inquit.</span> <span class='ocrx_word' id='word_1_233' title='bbox 1377 1608 1554 1664; x_wconf 86' lang='lat' dir='ltr'>Semper</span> <span class='ocrx_word' id='word_1_234' title='bbox 1574 1612 1706 1663; x_wconf 75' lang='lat' dir='ltr'>auget</span> 
     </span>
     <span class='ocr_line' id='line_1_27' title="bbox 133 1665 1705 1723; baseline -0.002 -14"><span class='ocrx_word' id='word_1_235' title='bbox 133 1674 375 1709; x_wconf 88' lang='lat' dir='ltr'>assentator</span> <span class='ocrx_word' id='word_1_236' title='bbox 394 1668 451 1719; x_wconf 91' lang='lat' dir='ltr'>id,</span> <span class='ocrx_word' id='word_1_237' title='bbox 473 1668 589 1723; x_wconf 90' lang='lat' dir='ltr'>quod</span> <span class='ocrx_word' id='word_1_238' title='bbox 609 1667 658 1718; x_wconf 81' lang='lat' dir='ltr'>is,</span> <span class='ocrx_word' id='word_1_239' title='bbox 678 1669 801 1723; x_wconf 88' lang='lat' dir='ltr'>cujus</span> <span class='ocrx_word' id='word_1_240' title='bbox 815 1667 871 1708; x_wconf 83' lang='lat' dir='ltr'>ad</span> <span class='ocrx_word' id='word_1_241' title='bbox 886 1667 1152 1708; x_wconf 86' lang='lat' dir='ltr'>voluntatem</span> <span class='ocrx_word' id='word_1_242' title='bbox 1173 1665 1342 1717; x_wconf 90' lang='lat' dir='ltr'>dicitur,</span> <span class='ocrx_word' id='word_1_243' title='bbox 1357 1665 1451 1707; x_wconf 89' lang='lat' dir='ltr'>vult</span> <span class='ocrx_word' id='word_1_244' title='bbox 1470 1679 1564 1706; x_wconf 88' lang='lat' dir='ltr'>esse</span> <span class='ocrx_word' id='word_1_245' title='bbox 1583 1679 1705 1721; x_wconf 85' lang='lat' dir='ltr'>mag-</span> 
     </span>
     <span class='ocr_line' id='line_1_28' title="bbox 132 1721 1707 1780; baseline -0.001 -16"><span class='ocrx_word' id='word_1_246' title='bbox 132 1737 248 1766; x_wconf 88' lang='lat' dir='ltr'>num.</span> <span class='ocrx_word' id='word_1_247' title='bbox 310 1724 616 1776; x_wconf 85' lang='lat' dir='ltr'>Quamobrem,</span> <span class='ocrx_word' id='word_1_248' title='bbox 648 1723 911 1780; x_wconf 66' lang='lat' dir='ltr'>quamquam</span> <span class='ocrx_word' id='word_1_249' title='bbox 931 1722 1092 1764; x_wconf 77' lang='lat' dir='ltr'>blanda</span> <span class='ocrx_word' id='word_1_250' title='bbox 1112 1722 1196 1763; x_wconf 87' lang='lat' dir='ltr'>ista</span> <span class='ocrx_word' id='word_1_251' title='bbox 1214 1722 1380 1763; x_wconf 86' lang='lat' dir='ltr'>vanitas</span> <span class='ocrx_word' id='word_1_252' title='bbox 1401 1721 1516 1778; x_wconf 90' lang='lat' dir='ltr'>apud</span> <span class='ocrx_word' id='word_1_253' title='bbox 1537 1736 1612 1762; x_wconf 91' lang='lat' dir='ltr'>eos</span> <span class='ocrx_word' id='word_1_254' title='bbox 1633 1735 1707 1762; x_wconf 88' lang='lat' dir='ltr'>va-</span> 
     </span>
     <span class='ocr_line' id='line_1_29' title="bbox 132 1778 1706 1837; baseline -0.001 -16"><span class='ocrx_word' id='word_1_255' title='bbox 132 1781 235 1832; x_wconf 80' lang='lat' dir='ltr'>leat,</span> <span class='ocrx_word' id='word_1_256' title='bbox 268 1781 342 1837; x_wconf 91' lang='lat' dir='ltr'>qui</span> <span class='ocrx_word' id='word_1_257' title='bbox 377 1781 458 1837; x_wconf 89' lang='lat' dir='ltr'>ipsi</span> <span class='ocrx_word' id='word_1_258' title='bbox 490 1781 608 1822; x_wconf 87' lang='lat' dir='ltr'>illam</span> <span class='ocrx_word' id='word_1_259' title='bbox 641 1782 846 1822; x_wconf 88' lang='lat' dir='ltr'>allectant</span> <span class='ocrx_word' id='word_1_260' title='bbox 866 1787 909 1821; x_wconf 88' lang='lat' dir='ltr'>et</span> <span class='ocrx_word' id='word_1_261' title='bbox 928 1779 1136 1830; x_wconf 82' lang='lat' dir='ltr'>invitant3</span> <span class='ocrx_word' id='word_1_262' title='bbox 1166 1786 1311 1819; x_wconf 88' lang='lat' dir='ltr'>tamen</span> <span class='ocrx_word' id='word_1_263' title='bbox 1332 1778 1462 1820; x_wconf 89' lang='lat' dir='ltr'>etiam</span> <span class='ocrx_word' id='word_1_264' title='bbox 1491 1778 1706 1834; x_wconf 86' lang='lat' dir='ltr'>graviores</span> 
     </span>
     <span class='ocr_line' id='line_1_30' title="bbox 135 1833 1707 1894; baseline -0.001 -16"><span class='ocrx_word' id='word_1_265' title='bbox 135 1838 535 1894; x_wconf 87' lang='lat' dir='ltr'>constantioresque</span> <span class='ocrx_word' id='word_1_266' title='bbox 555 1837 816 1879; x_wconf 86' lang='lat' dir='ltr'>admonendi</span> <span class='ocrx_word' id='word_1_267' title='bbox 852 1843 964 1888; x_wconf 90' lang='lat' dir='ltr'>sunt,</span> <span class='ocrx_word' id='word_1_268' title='bbox 995 1842 1043 1877; x_wconf 87' lang='lat' dir='ltr'>ut</span> <span class='ocrx_word' id='word_1_269' title='bbox 1073 1835 1428 1886; x_wconf 87' lang='lat' dir='ltr'>animadvertant,</span> <span class='ocrx_word' id='word_1_270' title='bbox 1459 1850 1512 1876; x_wconf 91' lang='lat' dir='ltr'>ne</span> <span class='ocrx_word' id='word_1_271' title='bbox 1547 1833 1707 1877; x_wconf 59' lang='lat' dir='ltr'>callida</span> 
     </span>
     <span class='ocr_line' id='line_1_31' title="bbox 132 1891 1706 1950; baseline -0.002 -15"><span class='ocrx_word' id='word_1_272' title='bbox 132 1894 424 1936; x_wconf 88' lang='lat' dir='ltr'>assentatione</span> <span class='ocrx_word' id='word_1_273' title='bbox 447 1894 685 1950; x_wconf 83' lang='lat' dir='ltr'>capiantur.</span> <span class='ocrx_word' id='word_1_274' title='bbox 727 1893 888 1950; x_wconf 67' lang='lat' dir='ltr'>Aperte</span> <span class='ocrx_word' id='word_1_275' title='bbox 907 1893 1021 1935; x_wconf 89' lang='lat' dir='ltr'>enim</span> <span class='ocrx_word' id='word_1_276' title='bbox 1042 1893 1287 1933; x_wconf 90' lang='lat' dir='ltr'>adulentem</span> <span class='ocrx_word' id='word_1_277' title='bbox 1308 1906 1433 1933; x_wconf 90' lang='lat' dir='ltr'>nemo</span> <span class='ocrx_word' id='word_1_278' title='bbox 1464 1906 1550 1933; x_wconf 88' lang='lat' dir='ltr'>non</span> <span class='ocrx_word' id='word_1_279' title='bbox 1571 1891 1706 1943; x_wconf 88' lang='lat' dir='ltr'>videt,</span> 
     </span>
     <span class='ocr_line' id='line_1_32' title="bbox 134 1947 1707 2006; baseline -0.001 -16"><span class='ocrx_word' id='word_1_280' title='bbox 134 1950 218 1991; x_wconf 89' lang='lat' dir='ltr'>nisi</span> <span class='ocrx_word' id='word_1_281' title='bbox 231 1952 304 2006; x_wconf 92' lang='lat' dir='ltr'>qui</span> <span class='ocrx_word' id='word_1_282' title='bbox 318 1950 550 1992; x_wconf 72' lang='lat' dir='ltr'>admodum</span> <span class='ocrx_word' id='word_1_283' title='bbox 560 1957 627 1992; x_wconf 90' lang='lat' dir='ltr'>est</span> <span class='ocrx_word' id='word_1_284' title='bbox 639 1965 810 1992; x_wconf 86' lang='lat' dir='ltr'>excors:</span> <span class='ocrx_word' id='word_1_285' title='bbox 831 1950 1012 1991; x_wconf 85' lang='lat' dir='ltr'>callidus</span> <span class='ocrx_word' id='word_1_286' title='bbox 1026 1949 1094 1990; x_wconf 92' lang='lat' dir='ltr'>ille</span> <span class='ocrx_word' id='word_1_287' title='bbox 1109 1956 1152 1990; x_wconf 89' lang='lat' dir='ltr'>et</span> <span class='ocrx_word' id='word_1_288' title='bbox 1167 1949 1363 1990; x_wconf 89' lang='lat' dir='ltr'>occultus</span> <span class='ocrx_word' id='word_1_289' title='bbox 1378 1963 1430 1990; x_wconf 89' lang='lat' dir='ltr'>ne</span> <span class='ocrx_word' id='word_1_290' title='bbox 1444 1963 1489 1990; x_wconf 89' lang='lat' dir='ltr'>se</span> <span class='ocrx_word' id='word_1_291' title='bbox 1503 1947 1707 2001; x_wconf 82' lang='lat' dir='ltr'>insinuet,</span> 
     </span>
     <span class='ocr_line' id='line_1_33' title="bbox 136 2003 1708 2060; baseline -0.001 -13"><span class='ocrx_word' id='word_1_292' title='bbox 136 2005 328 2047; x_wconf 72' lang='lat' dir='ltr'>studiose</span> <span class='ocrx_word' id='word_1_293' title='bbox 351 2007 589 2048; x_wconf 87' lang='lat' dir='ltr'>cavendum</span> <span class='ocrx_word' id='word_1_294' title='bbox 609 2015 694 2048; x_wconf 90' lang='lat' dir='ltr'>est:</span> <span class='ocrx_word' id='word_1_295' title='bbox 717 2022 796 2048; x_wconf 93' lang='lat' dir='ltr'>nec</span> <span class='ocrx_word' id='word_1_296' title='bbox 817 2007 931 2047; x_wconf 89' lang='lat' dir='ltr'>enim</span> <span class='ocrx_word' id='word_1_297' title='bbox 952 2005 1154 2047; x_wconf 73' lang='lat' dir='ltr'>facillime</span> <span class='ocrx_word' id='word_1_298' title='bbox 1176 2004 1440 2060; x_wconf 82' lang='lat' dir='ltr'>agnoscitur,</span> <span class='ocrx_word' id='word_1_299' title='bbox 1457 2003 1615 2060; x_wconf 90' lang='lat' dir='ltr'>quippe</span> <span class='ocrx_word' id='word_1_300' title='bbox 1632 2004 1708 2060; x_wconf 88' lang='lat' dir='ltr'>qui</span> 
     </span>
     <span class='ocr_line' id='line_1_34' title="bbox 137 2060 1708 2120; baseline -0.002 -16"><span class='ocrx_word' id='word_1_301' title='bbox 137 2062 266 2104; x_wconf 82' lang='lat' dir='ltr'>etiam</span> <span class='ocrx_word' id='word_1_302' title='bbox 281 2063 546 2105; x_wconf 89' lang='lat' dir='ltr'>adversando</span> <span class='ocrx_word' id='word_1_303' title='bbox 564 2079 677 2120; x_wconf 83' lang='lat' dir='ltr'>saepe</span> <span class='ocrx_word' id='word_1_304' title='bbox 696 2069 958 2104; x_wconf 81' lang='lat' dir='ltr'>assentetur:</span> <span class='ocrx_word' id='word_1_305' title='bbox 982 2069 1038 2111; x_wconf 89' lang='lat' dir='ltr'>et,</span> <span class='ocrx_word' id='word_1_306' title='bbox 1054 2061 1221 2117; x_wconf 83' lang='lat' dir='ltr'>litigare</span> <span class='ocrx_word' id='word_1_307' title='bbox 1238 2076 1284 2103; x_wconf 90' lang='lat' dir='ltr'>se</span> <span class='ocrx_word' id='word_1_308' title='bbox 1302 2061 1523 2112; x_wconf 86' lang='lat' dir='ltr'>simulans,</span> <span class='ocrx_word' id='word_1_309' title='bbox 1541 2060 1708 2102; x_wconf 86' lang='lat' dir='ltr'>blandi·</span> 
     </span>
     <span class='ocr_line' id='line_1_35' title="bbox 135 2117 1707 2176; baseline -0.002 -15"><span class='ocrx_word' id='word_1_310' title='bbox 135 2128 243 2170; x_wconf 87' lang='lat' dir='ltr'>atur,</span> <span class='ocrx_word' id='word_1_311' title='bbox 278 2127 406 2176; x_wconf 81' lang='lat' dir='ltr'>atque</span> <span class='ocrx_word' id='word_1_312' title='bbox 439 2121 493 2161; x_wconf 89' lang='lat' dir='ltr'>ad</span> <span class='ocrx_word' id='word_1_313' title='bbox 526 2128 762 2161; x_wconf 83' lang='lat' dir='ltr'>extremum</span> <span class='ocrx_word' id='word_1_314' title='bbox 782 2120 856 2161; x_wconf 90' lang='lat' dir='ltr'>det</span> <span class='ocrx_word' id='word_1_315' title='bbox 882 2133 1048 2170; x_wconf 87' lang='lat' dir='ltr'>manus,</span> <span class='ocrx_word' id='word_1_316' title='bbox 1079 2118 1276 2174; x_wconf 89' lang='lat' dir='ltr'>vincique</span> <span class='ocrx_word' id='word_1_317' title='bbox 1300 2132 1345 2159; x_wconf 89' lang='lat' dir='ltr'>se</span> <span class='ocrx_word' id='word_1_318' title='bbox 1366 2117 1567 2174; x_wconf 85' lang='lat' dir='ltr'>patiatur,</span> <span class='ocrx_word' id='word_1_319' title='bbox 1588 2123 1636 2158; x_wconf 89' lang='lat' dir='ltr'>ut</span> <span class='ocrx_word' id='word_1_320' title='bbox 1654 2117 1707 2168; x_wconf 88' lang='lat' dir='ltr'>is,</span> 
     </span>
     <span class='ocr_line' id='line_1_36' title="bbox 136 2172 1708 2233; baseline -0.001 -16"><span class='ocrx_word' id='word_1_321' title='bbox 136 2177 210 2232; x_wconf 84' lang='lat' dir='ltr'>qui</span> <span class='ocrx_word' id='word_1_322' title='bbox 231 2177 379 2218; x_wconf 87' lang='lat' dir='ltr'>illusus</span> <span class='ocrx_word' id='word_1_323' title='bbox 405 2177 474 2228; x_wconf 87' lang='lat' dir='ltr'>sit,</span> <span class='ocrx_word' id='word_1_324' title='bbox 506 2177 600 2233; x_wconf 87' lang='lat' dir='ltr'>plus</span> <span class='ocrx_word' id='word_1_325' title='bbox 628 2177 788 2218; x_wconf 87' lang='lat' dir='ltr'>vidisse</span> <span class='ocrx_word' id='word_1_326' title='bbox 816 2176 1023 2217; x_wconf 78' lang='lat' dir='ltr'>videatur.</span> <span class='ocrx_word' id='word_1_327' title='bbox 1074 2174 1192 2222; x_wconf 86' lang='lat' dir='ltr'>Quid</span> <span class='ocrx_word' id='word_1_328' title='bbox 1212 2181 1356 2215; x_wconf 88' lang='lat' dir='ltr'>autem</span> <span class='ocrx_word' id='word_1_329' title='bbox 1376 2173 1557 2230; x_wconf 86' lang='lat' dir='ltr'>turpius,</span> <span class='ocrx_word' id='word_1_330' title='bbox 1575 2172 1708 2231; x_wconf 65' lang='lat' dir='ltr'>quam</span> 
     </span>
     <span class='ocr_line' id='line_1_37' title="bbox 135 2230 1600 2290; baseline 0 -16"><span class='ocrx_word' id='word_1_331' title='bbox 135 2233 284 2275; x_wconf 79' lang='lat' dir='ltr'>illudi?</span> <span class='ocrx_word' id='word_1_332' title='bbox 316 2234 433 2290; x_wconf 87' lang='lat' dir='ltr'>quod</span> <span class='ocrx_word' id='word_1_333' title='bbox 455 2249 507 2275; x_wconf 92' lang='lat' dir='ltr'>ne</span> <span class='ocrx_word' id='word_1_334' title='bbox 529 2234 711 2283; x_wconf 88' lang='lat' dir='ltr'>accidat,</span> <span class='ocrx_word' id='word_1_335' title='bbox 733 2234 868 2290; x_wconf 81' lang='lat' dir='ltr'>magis</span> <span class='ocrx_word' id='word_1_336' title='bbox 887 2231 1127 2274; x_wconf 90' lang='lat' dir='ltr'>cavendum</span> <span class='ocrx_word' id='word_1_337' title='bbox 1148 2237 1227 2280; x_wconf 89' lang='lat' dir='ltr'>est,</span> <span class='ocrx_word' id='word_1_338' title='bbox 1249 2237 1296 2273; x_wconf 91' lang='lat' dir='ltr'>ut</span> <span class='ocrx_word' id='word_1_339' title='bbox 1315 2230 1360 2271; x_wconf 92' lang='lat' dir='ltr'>in</span> <span class='ocrx_word' id='word_1_340' title='bbox 1376 2233 1600 2286; x_wconf 79' lang='lat' dir='ltr'>Epiclero:</span> 
     </span>
     <span class='ocr_line' id='line_1_38' title="bbox 365 2291 1422 2341; baseline -0.003 -9"><span class='ocrx_word' id='word_1_341' title='bbox 365 2293 509 2332; x_wconf 80' lang='lat' dir='ltr'>Hodie</span> <span class='ocrx_word' id='word_1_342' title='bbox 529 2306 607 2341; x_wconf 81' lang='lat' dir='ltr'>me,</span> <span class='ocrx_word' id='word_1_343' title='bbox 630 2297 732 2332; x_wconf 79' lang='lat' dir='ltr'>ante</span> <span class='ocrx_word' id='word_1_344' title='bbox 751 2305 896 2332; x_wconf 76' lang='lat' dir='ltr'>omnes</span> <span class='ocrx_word' id='word_1_345' title='bbox 917 2292 1090 2331; x_wconf 76' lang='lat' dir='ltr'>comicos</span> <span class='ocrx_word' id='word_1_346' title='bbox 1110 2291 1263 2330; x_wconf 77' lang='lat' dir='ltr'>stultos</span> <span class='ocrx_word' id='word_1_347' title='bbox 1286 2303 1422 2338; x_wconf 79' lang='lat' dir='ltr'>senes,</span> 
     </span>
     <span class='ocr_line' id='line_1_39' title="bbox 370 2344 1151 2401; baseline -0.005 -12"><span class='ocrx_word' id='word_1_348' title='bbox 370 2349 558 2389; x_wconf 69' lang='lat' dir='ltr'>Ver-sciris</span> <span class='ocrx_word' id='word_1_349' title='bbox 579 2353 707 2401; x_wconf 79' lang='lat' dir='ltr'>atque</span> <span class='ocrx_word' id='word_1_350' title='bbox 727 2350 882 2388; x_wconf 73' lang='lat' dir='ltr'>luseris</span> <span class='ocrx_word' id='word_1_351' title='bbox 903 2344 1151 2387; x_wconf 52' lang='lat' dir='ltr'>lautissime.</span> 
     </span>
    </p>

    <p class='ocr_par' dir='ltr' id='par_1_6' title="bbox 137 2401 1711 2856">
     <span class='ocr_line' id='line_1_40' title="bbox 139 2401 1709 2460; baseline -0.001 -15"><span class='ocrx_word' id='word_1_352' title='bbox 139 2403 246 2446; x_wconf 86' lang='lat' dir='ltr'>Haec</span> <span class='ocrx_word' id='word_1_353' title='bbox 267 2404 381 2446; x_wconf 88' lang='lat' dir='ltr'>enim</span> <span class='ocrx_word' id='word_1_354' title='bbox 401 2404 530 2445; x_wconf 89' lang='lat' dir='ltr'>etiam</span> <span class='ocrx_word' id='word_1_355' title='bbox 552 2405 596 2445; x_wconf 89' lang='lat' dir='ltr'>in</span> <span class='ocrx_word' id='word_1_356' title='bbox 616 2403 770 2446; x_wconf 81' lang='lat' dir='ltr'>fabulis</span> <span class='ocrx_word' id='word_1_357' title='bbox 792 2402 1047 2445; x_wconf 84' lang='lat' dir='ltr'>stultissima</span> <span class='ocrx_word' id='word_1_358' title='bbox 1067 2415 1251 2459; x_wconf 88' lang='lat' dir='ltr'>persona</span> <span class='ocrx_word' id='word_1_359' title='bbox 1281 2407 1348 2443; x_wconf 87' lang='lat' dir='ltr'>est</span> <span class='ocrx_word' id='word_1_360' title='bbox 1374 2401 1709 2460; x_wconf 88' lang='lat' dir='ltr'>improvidorum</span> 
     </span>
     <span class='ocr_line' id='line_1_41' title="bbox 137 2461 662 2503; baseline -0.002 0"><span class='ocrx_word' id='word_1_361' title='bbox 137 2468 181 2503; x_wconf 90' lang='lat' dir='ltr'>et</span> <span class='ocrx_word' id='word_1_362' title='bbox 201 2461 474 2503; x_wconf 88' lang='lat' dir='ltr'>credulorum</span> <span class='ocrx_word' id='word_1_363' title='bbox 499 2476 662 2503; x_wconf 89' lang='lat' dir='ltr'>senum.</span> 
     </span>
     <span class='ocr_line' id='line_1_42' title="bbox 143 2511 1709 2574; baseline -0.001 -16"><span class='ocrx_word' id='word_1_364' title='bbox 143 2524 145 2527; x_wconf 83' lang='grc'><strong>“</strong></span> <span class='ocrx_word' id='word_1_365' title='bbox 195 2511 389 2565; x_wconf 82' lang='lat' dir='ltr'>XXVII.</span> <span class='ocrx_word' id='word_1_366' title='bbox 421 2517 520 2567; x_wconf 86' lang='lat' dir='ltr'>Sed,</span> <span class='ocrx_word' id='word_1_367' title='bbox 535 2518 697 2570; x_wconf 87' lang='lat' dir='ltr'>nescio,</span> <span class='ocrx_word' id='word_1_368' title='bbox 719 2532 805 2574; x_wconf 90' lang='lat' dir='ltr'>quo</span> <span class='ocrx_word' id='word_1_369' title='bbox 823 2522 966 2573; x_wconf 88' lang='lat' dir='ltr'>pacto,</span> <span class='ocrx_word' id='word_1_370' title='bbox 984 2516 1037 2558; x_wconf 91' lang='lat' dir='ltr'>ab</span> <span class='ocrx_word' id='word_1_371' title='bbox 1051 2515 1250 2557; x_wconf 90' lang='lat' dir='ltr'>amicitiis</span> <span class='ocrx_word' id='word_1_372' title='bbox 1267 2516 1555 2573; x_wconf 84' lang='lat' dir='ltr'>perfectorum</span> <span class='ocrx_word' id='word_1_373' title='bbox 1571 2514 1709 2556; x_wconf 74' lang='lat' dir='ltr'>horni-</span> 
     </span>
     <span class='ocr_line' id='line_1_43' title="bbox 140 2571 1710 2631; baseline -0.002 -15"><span class='ocrx_word' id='word_1_374' title='bbox 140 2582 256 2627; x_wconf 79' lang='lat' dir='ltr'>num,</span> <span class='ocrx_word' id='word_1_375' title='bbox 287 2575 332 2616; x_wconf 88' lang='lat' dir='ltr'>id</span> <span class='ocrx_word' id='word_1_376' title='bbox 365 2582 443 2623; x_wconf 89' lang='lat' dir='ltr'>est,</span> <span class='ocrx_word' id='word_1_377' title='bbox 476 2574 748 2631; x_wconf 86' lang='lat' dir='ltr'>sapientium,</span> <span class='ocrx_word' id='word_1_378' title='bbox 780 2575 851 2628; x_wconf 90' lang='lat' dir='ltr'>(de</span> <span class='ocrx_word' id='word_1_379' title='bbox 873 2573 956 2614; x_wconf 64' lang='lat' dir='ltr'>hac</span> <span class='ocrx_word' id='word_1_380' title='bbox 976 2573 1074 2615; x_wconf 91' lang='lat' dir='ltr'>dico</span> <span class='ocrx_word' id='word_1_381' title='bbox 1097 2572 1322 2629; x_wconf 66' lang='lat' dir='ltr'>sapientia,</span> <span class='ocrx_word' id='word_1_382' title='bbox 1353 2588 1449 2630; x_wconf 87' lang='lat' dir='ltr'>quae</span> <span class='ocrx_word' id='word_1_383' title='bbox 1471 2572 1639 2614; x_wconf 86' lang='lat' dir='ltr'>videtur</span> <span class='ocrx_word' id='word_1_384' title='bbox 1664 2571 1710 2613; x_wconf 93' lang='lat' dir='ltr'>in</span> 
     </span>
     <span class='ocr_line' id='line_1_44' title="bbox 140 2627 1710 2688; baseline -0.003 -15"><span class='ocrx_word' id='word_1_385' title='bbox 140 2631 356 2673; x_wconf 89' lang='lat' dir='ltr'>hominem</span> <span class='ocrx_word' id='word_1_386' title='bbox 379 2632 530 2674; x_wconf 88' lang='lat' dir='ltr'>cadere</span> <span class='ocrx_word' id='word_1_387' title='bbox 550 2632 694 2688; x_wconf 88' lang='lat' dir='ltr'>posse)</span> <span class='ocrx_word' id='word_1_388' title='bbox 717 2632 771 2672; x_wconf 89' lang='lat' dir='ltr'>ad</span> <span class='ocrx_word' id='word_1_389' title='bbox 793 2631 907 2672; x_wconf 89' lang='lat' dir='ltr'>leves</span> <span class='ocrx_word' id='word_1_390' title='bbox 925 2629 1134 2671; x_wconf 89' lang='lat' dir='ltr'>amicitias</span> <span class='ocrx_word' id='word_1_391' title='bbox 1156 2629 1334 2671; x_wconf 82' lang='lat' dir='ltr'>deflexit</span> <span class='ocrx_word' id='word_1_392' title='bbox 1355 2629 1505 2670; x_wconf 88' lang='lat' dir='ltr'>oratio.</span> <span class='ocrx_word' id='word_1_393' title='bbox 1549 2627 1710 2676; x_wconf 88' lang='lat' dir='ltr'>Quam-</span> 
     </span>
     <span class='ocr_line' id='line_1_45' title="bbox 142 2684 1711 2745; baseline -0.003 -15"><span class='ocrx_word' id='word_1_394' title='bbox 142 2688 289 2730; x_wconf 90' lang='lat' dir='ltr'>obrem</span> <span class='ocrx_word' id='word_1_395' title='bbox 310 2688 364 2729; x_wconf 89' lang='lat' dir='ltr'>ad</span> <span class='ocrx_word' id='word_1_396' title='bbox 386 2689 461 2730; x_wconf 91' lang='lat' dir='ltr'>illa</span> <span class='ocrx_word' id='word_1_397' title='bbox 482 2689 618 2745; x_wconf 88' lang='lat' dir='ltr'>prima</span> <span class='ocrx_word' id='word_1_398' title='bbox 636 2689 876 2739; x_wconf 88' lang='lat' dir='ltr'>redeamus,</span> <span class='ocrx_word' id='word_1_399' title='bbox 908 2701 958 2728; x_wconf 88' lang='lat' dir='ltr'>ea</span> <span class='ocrx_word' id='word_1_400' title='bbox 992 2701 1042 2728; x_wconf 89' lang='lat' dir='ltr'>ue</span> <span class='ocrx_word' id='word_1_401' title='bbox 1073 2686 1168 2743; x_wconf 89' lang='lat' dir='ltr'>ipsa</span> <span class='ocrx_word' id='word_1_402' title='bbox 1189 2686 1496 2727; x_wconf 87' lang='lat' dir='ltr'>concludamus</span> <span class='ocrx_word' id='word_1_403' title='bbox 1517 2684 1711 2742; x_wconf 89' lang='lat' dir='ltr'>aliquan-</span> 
     </span>
     <span class='ocr_line' id='line_1_46' title="bbox 142 2741 1711 2802; baseline -0.002 -16"><span class='ocrx_word' id='word_1_404' title='bbox 142 2745 213 2786; x_wconf 76' lang='lat' dir='ltr'>do.</span> <span class='ocrx_word' id='word_1_405' title='bbox 271 2744 434 2796; x_wconf 74' lang='lat' dir='ltr'>Virtus,</span> <span class='ocrx_word' id='word_1_406' title='bbox 453 2745 615 2796; x_wconf 56' lang='lat' dir='ltr'>virtus,</span> <span class='ocrx_word' id='word_1_407' title='bbox 646 2746 837 2802; x_wconf 90' lang='lat' dir='ltr'>inquam,</span> <span class='ocrx_word' id='word_1_408' title='bbox 871 2743 922 2785; x_wconf 88' lang='lat' dir='ltr'>C.</span> <span class='ocrx_word' id='word_1_409' title='bbox 979 2743 1095 2793; x_wconf 84' lang='lat' dir='ltr'>anni,</span> <span class='ocrx_word' id='word_1_410' title='bbox 1117 2750 1161 2785; x_wconf 87' lang='lat' dir='ltr'>et</span> <span class='ocrx_word' id='word_1_411' title='bbox 1180 2750 1242 2795; x_wconf 89' lang='lat' dir='ltr'>tu,</span> <span class='ocrx_word' id='word_1_412' title='bbox 1264 2742 1320 2791; x_wconf 84' lang='lat' dir='ltr'>Q.</span> <span class='ocrx_word' id='word_1_413' title='bbox 1342 2741 1479 2794; x_wconf 88' lang='lat' dir='ltr'>Muci,</span> <span class='ocrx_word' id='word_1_414' title='bbox 1501 2748 1546 2784; x_wconf 90' lang='lat' dir='ltr'>et</span> <span class='ocrx_word' id='word_1_415' title='bbox 1565 2741 1711 2784; x_wconf 45' lang='lat' dir='ltr'>conci&amp;</span> 
     </span>
     <span class='ocr_line' id='line_1_47' title="bbox 138 2798 1711 2856; baseline -0.001 -12"><span class='ocrx_word' id='word_1_416' title='bbox 138 2802 217 2844; x_wconf 83' lang='lat' dir='ltr'>liat</span> <span class='ocrx_word' id='word_1_417' title='bbox 236 2801 460 2856; x_wconf 84' lang='lat' dir='ltr'>amicitias,</span> <span class='ocrx_word' id='word_1_418' title='bbox 491 2809 536 2846; x_wconf 84' lang='lat' dir='ltr'>et</span> <span class='ocrx_word' id='word_1_419' title='bbox 565 2809 805 2847; x_wconf 79' lang='lat' dir='ltr'>conservat.</span> <span class='ocrx_word' id='word_1_420' title='bbox 864 2800 917 2846; x_wconf 85' lang='lat' dir='ltr'>In</span> <span class='ocrx_word' id='word_1_421' title='bbox 937 2800 990 2845; x_wconf 71' lang='lat' dir='ltr'>ea</span> <span class='ocrx_word' id='word_1_422' title='bbox 1010 2806 1078 2846; x_wconf 81' lang='lat' dir='ltr'>est</span> <span class='ocrx_word' id='word_1_423' title='bbox 1096 2800 1211 2845; x_wconf 83' lang='lat' dir='ltr'>enim</span> <span class='ocrx_word' id='word_1_424' title='bbox 1231 2798 1532 2845; x_wconf 84' lang='lat' dir='ltr'>convenientia</span> <span class='ocrx_word' id='word_1_425' title='bbox 1557 2800 1711 2852; x_wconf 75' lang='lat' dir='ltr'>rerum3</span> 
     </span>
    </p>
   </div>
  </div>
 </body>
</html>
