1858 3095
675 161 727 194 ΙΝ
751 161 1011 195 CATILINAM
1034 162 1096 196 1v.
1660 163 1740 208 131

94 237 304 288 turninus,
336 239 409 296 qui
442 237 493 280 C.
526 235 781 281 Memmium
816 239 993 289 occidit,
1025 240 1068 279 in
1103 237 1333 280 discrimen
1371 237 1563 295 aliquod,
1594 246 1659 283 at-

93 310 178 351 que
211 295 253 336 in
287 304 437 338 vestrae
458 296 696 337 severitatis
723 295 951 352 judicium,
984 295 1236 337 adducitur:
1269 295 1345 337 sed
1381 302 1577 338 tenentur
1609 298 1656 349 ii,

93 352 182 408 qui,
214 353 268 394 ad
290 353 416 394 Urbis
444 352 708 402 incendium,
731 353 784 393 ad
808 351 996 393 vestrum
1015 352 1204 393 omnium
1226 353 1403 404 caedem,
1425 353 1480 394 ad
1504 352 1656 394 Catili-

92 423 191 450 nam
211 409 523 471 accipiendum‚
538 409 689 451 Romu}
705 409 718 432 ¹*
727 409 985 450 restiterunt.
1021 409 1394 460 Tenenturliterae,
1410 409 1549 465 signa,
1568 424 1654 452 ma-
1671 405 1727 445 50

92 480 187 516 nus,
219 467 403 521 denique
420 466 760 522 uniuscujusque
783 466 1025 507 consessio:
1059 466 1344 508 sollicitantur
1370 467 1651 523 Allobroges:

89 528 103 552 Β
117 522 288 564 servitia
309 522 567 565 excitantur:
591 524 778 564 Catilina
794 522 1047 564 arcessitur:
1079 523 1122 563 id
1145 530 1211 564 est
1232 523 1385 564 initum
1405 523 1651 573 consilium,

90 588 151 629 ut,
183 578 416 620 interfectis
438 580 652 631 omnibus,
689 595 828 629 nemo,
849 594 901 621 ne
923 580 975 621 ad
1000 580 1310 634 deplorandum
1330 579 1505 636 quidem
1526 580 1653 637 Reip.

89 650 258 687 nomen,
289 642 417 691 atque
446 637 500 677 ad
533 637 850 678 lamentandam
872 636 979 677 tanti
999 635 1164 691 imperii
1188 635 1491 684 calamitatem,
1523 637 1651 678 relin-

88 697 255 747 quatur.
316 691 423 734 Haec
451 694 593 735 onmia
621 693 784 734 indices
821 693 1079 743 detulerunt,
1112 691 1170 733 rei
1209 692 1397 733 confessi
1425 699 1540 745 sunt,
1571 708 1648 735 vos
1666 689 1722 729 55

88 748 234 789 multis
255 749 840 805 jamjudiciisjudicavistis:
872 748 1068 804 primum,
1101 747 1216 804 quod
1236 748 1341 789 mihi
1362 749 1521 805 gratias
1539 750 1650 805 egis-

86 803 142 845 tis
162 804 447 861 singularibus
468 806 621 854 verbis,
654 813 710 855 et,
741 805 839 847 mea
859 806 1013 847 virtute
1036 812 1166 861 atque
1190 804 1428 859 diligentia,
1459 807 1651 861 perdito-

86 875 177 902 rum
198 862 420 902 hominum
437 863 697 918 patefactam
711 877 805 904 esse
820 862 1161 918 conjurationem
1183 862 1456 913 decrevistis3
1477 863 1649 912 deinde,

85 917 201 974 quod
242 918 292 959 P.
328 918 568 970 Lentulum,
599 928 647 961 ut
685 935 731 960 se
767 919 989 961 abdicaret
1029 917 1228 974 praetura,
1259 917 1490 974 coegistis3
1541 927 1647 971 turn,

85 973 200 1030 quod
223 990 334 1026 eum,
366 984 409 1016 et
440 984 635 1028 caeteros,
665 977 717 1017 de
740 976 895 1032 quibus
909 975 1200 1031 judicavistiS,
1225 975 1269 1015 in
1290 976 1532 1018 custodiam
1545 977 1650 1018 dan-
1666 972 1722 1013 60

85 1032 164 1072 dos
196 1031 454 1084 censuistis3
485 1032 770 1089 maximeque,
801 1032 917 1089 quod
949 1047 1045 1074 meo
1078 1032 1251 1074 nomine
1285 1033 1650 1088 supplicationem

84 1088 350 1141 decrevistis,
372 1089 446 1145 qui
468 1090 606 1131 honos
622 1097 770 1145 togato
785 1089 958 1131 habitus
975 1096 1074 1130 ante
1091 1104 1158 1130 me
1181 1095 1247 1130 est
1267 1089 1427 1131 nemini
1445 1106 1453 1130 :
1486 1097 1650 1145 postre-

83 1144 167 1192 mo,
200 1145 398 1187 hesterno
421 1146 491 1187 die
513 1146 686 1202 praemia
705 1147 858 1201 legatis
880 1146 1177 1202 Allobrogum,
1200 1145 1385 1202 Titoque
1405 1145 1648 1198 Vulturcio‚

85 1201 267 1243 dedistis
289 1202 570 1258 amplissima:
604 1218 698 1259 quae
720 1209 820 1244 sunt
841 1203 983 1244 omnia
1005 1202 1234 1258 ejusmodi,
1256 1209 1303 1243 ut
1322 1202 1368 1254 ii,
1391 1204 1463 1259 qui
1485 1203 1530 1244 in
1551 1218 1649 1245 cus-

83 1258 246 1299 todiam
259 1259 511 1300 nominatim
532 1260 622 1301 dati
636 1267 750 1312 sunt,
764 1259 858 1302 sine
877 1259 967 1302 ulla
983 1258 1254 1302 dubitatione
1277 1257 1304 1300 a
1321 1259 1441 1302 vobis
1457 1260 1648 1303 damuati
1666 1257 1721 1299 65

82 1329 176 1357 esse
199 1315 434 1358 videantur.

419 1427 434 1453 f
445 1435 764 1472 remanserunt.
1099 1431 1245 1470 gservi.

124 1602 179 1630 4⁷.
202 1599 372 1631 Memmium
386 1600 515 1641 occidit]
569 1601 764 1635 Saturninus,
787 1600 839 1632 tri·
883 1603 971 1641 patet
985 1599 1093 1636 literis,
1108 1610 1185 1641 quas
1212 1600 1252 1631 ad
1278 1599 1483 1640 Allobrogum
1505 1605 1648 1632 senatum

80 1644 181 1674 hunus
197 1643 310 1684 plebis,
329 1644 516 1674 Memmium
541 1645 742 1675 candidatum
767 1654 841 1675 con·
884 1644 1048 1674 dederant.
1096 1643 1180 1674 Vide
1190 1644 1380 1684 superiorem
1394 1643 1579 1680 orationem,
1592 1645 1649 1676 ubi

83 1685 212 1723 sulaffis,
230 1697 266 1717 ac
282 1697 371 1717 suum
396 1687 647 1728 competitorem,
670 1698 763 1728 quem
780 1687 842 1718 suis
885 1686 952 1717 fuse
969 1686 1009 1716 de
1025 1686 1083 1721 bis,
1097 1693 1128 1715 et
1144 1686 1211 1716 aliis
1227 1685 1572 1727 sequentibus,dictum
1588 1692 1646 1718 est.

81 1728 254 1760 actionibus
270 1730 479 1761 adversarium
493 1730 635 1766 timebat,
650 1730 816 1761 interfecit.
927 1728 980 1759 65.
1005 1728 1150 1759 Damnali
1174 1739 1228 1760 esse
1254 1729 1439 1769 videantur]
1499 1730 1547 1760 Ex
1577 1730 1648 1759 Sal-

123 1775 178 1803 51.
215 1772 417 1804 sollicitantur
443 1773 634 1815 Allobroges]
681 1773 837 1804 Sollicita·
882 1772 976 1802 lustio
1006 1772 1169 1808 habemus,
1207 1777 1348 1802 senatum
1369 1770 1564 1811 judicavisse
1588 1773 1646 1805 hos

80 1815 191 1846 bantur
200 1814 384 1860 Allobroges
395 1815 413 1846 a
423 1815 623 1853 Catilinariis,
639 1821 673 1847 ut
684 1826 721 1847 ex
731 1827 837 1848 eorum
882 1815 1059 1857 conjuratos
1069 1815 1181 1848 fecisse
1191 1819 1300 1851 contra
1313 1813 1475 1856 Rempub.

717 1970 1005 2005 PROPOSITIO.

131 2091 342 2144 Proponit
359 2090 561 2144 (primam
571 2091 784 2144 ambigue)
802 2090 1049 2141 conjuratos
1068 2093 1200 2131 morte
1211 2087 1460 2132 multandos
1472 2101 1582 2137 essm
1603 2093 1647 2131 et

80 2149 284 2197 celeriter,
311 2153 487 2202 propter
507 2149 735 2190 imminens
747 2148 1004 2201 periculum.

141 2260 200 2302 II.
232 2259 320 2302 Sed
341 2273 421 2316 ego
442 2259 609 2302 institui
627 2259 779 2301 referre
794 2259 848 2300 ad
863 2273 955 2308 vos,
970 2257 1077 2300 P.C.
1097 2264 1317 2314 tamquam
1338 2258 1569 2314 integrum,
1601 2265 1645 2300 et

83 2318 136 2359 de
156 2318 288 2369 facto,
319 2316 663 2373 quidjudieetis3
695 2323 739 2358 et
755 2317 807 2357 de
829 2315 971 2372 poena,
993 2315 1099 2373 quid
1121 2315 1355 2357 censeatis:
1375 2315 1450 2357 illa
1469 2315 1646 2371 ap‘raedi-

82 2389 191 2423 cam,
213 2389 309 2430 quae
331 2381 431 2415 sunt
446 2373 652 2415 consulis.
712 2373 807 2429 Ego
830 2387 1033 2428 magnum
1053 2371 1098 2412 in
1117 2372 1341 2428 republica
1357 2372 1515 2414 versari
1529 2372 1645 2413 furo·

82 2446 184 2480 rem,
206 2445 317 2473 nova
333 2431 533 2487 quaedam
550 2430 718 2471 misceri
733 2438 776 2471 et
789 2429 995 2471 concitari
1014 2429 1142 2481 mala,
1152 2429 1413 2486 jampridem
1424 2428 1643 2471 videbam:

82 2488 158 2529 sed
179 2488 292 2530 hanc
310 2495 489 2538 tantam,
511 2494 600 2528 tam
618 2486 860 2538 exitiosam,
900 2485 1050 2528 haberi
1070 2486 1412 2542 conjurationem
1431 2487 1456 2526 a
1477 2485 1644 2529 civibus
1688 2483 1716 2524 5

82 2559 301 2601 nunquam
316 2544 477 2602 putavi.
536 2544 677 2596 Nunc,
697 2543 910 2600 quidquid
927 2549 1007 2594 est,
1025 2557 1298 2600 quocumque
1313 2549 1465 2585 vestrae
1480 2549 1644 2585 mentes

83 2600 294 2643 inclinant
323 2609 452 2659 atque
489 2601 727 2650 sententiae,
758 2599 1038 2641 statuendum
1064 2599 1188 2642 vobis
1225 2606 1325 2642 ante
1355 2605 1531 2641 noctem
1565 2607 1645 2641 est.

84 2657 303 2706 Quantum
324 2659 492 2704 facinus
508 2658 562 2701 ad
583 2672 662 2700 nos
675 2658 866 2701 delatum
882 2656 953 2709 sit,
965 2655 1142 2713 videtis:
1171 2656 1274 2701 huic
1287 2657 1324 2701 si
1338 2669 1501 2716 paucos
1522 2662 1644 2713 puta-

716 2770 1019 2831 aprcemonebo.

826 2841 861 2870 M
