1838 3017
727 165 788 198 DE
818 164 1086 200 SENECTLTE.
1602 170 1686 211 475

142 238 258 281 Nihil
280 255 382 298 ergo
403 241 559 297 agebat
578 240 631 290 Q.
650 240 866 284 Maximus
876 244 892 283 ‘3
925 243 1043 284 Nihil
1066 244 1110 284 L.
1125 241 1302 296 Paulus,
1322 249 1442 341 {mter
1458 251 1570 297 tuus,
1595 247 1686 289 Sci-

140 297 227 351 pio,
259 313 380 340 socer
410 296 560 355 optimi
591 299 680 349 viri,
711 300 785 340 filii
807 299 914 340 mei?
975 300 1129 341 Caeteri
1152 315 1290 349 seneS,
1338 301 1519 353 *abricii,
1554 304 1685 355 Curii,

143 353 414 403 Coruncanii,
431 355 528 396 cum
545 357 850 411 rempublicam
864 357 1042 397 consilio
1059 366 1100 398 et
1116 358 1368 398 auctoritate
1387 359 1687 409 defendebant,

140 409 244 451 nibil
266 412 474 467 agebant?
507 413 576 452 Ad
598 413 708 467 App.
731 413 899 454 Claudii
922 421 1186 454 senectutem
1208 415 1444 456 accedebat
1464 416 1607 466 etiam,
1640 424 1687 457 ut

142 480 283 507 caecus
296 474 431 519 esset,
467 476 610 509 tamen
633 469 669 509 is
688 469 780 510 cum
797 470 1010 510 sententia
1026 471 1200 510 senatus
1218 470 1441 512 inclinaret
1454 473 1505 512 ad
1523 487 1686 528 pacem,

141 529 184 562 et
212 522 351 564 foedus
374 524 616 566 faciendum
639 540 736 566 cum
761 525 937 580 Pyrrho,
972 540 1057 566 non
1078 526 1290 568 dubitavit
1310 528 1448 569 dicere
1469 529 1554 579 illa,
1592 544 1690 584 quae

139 579 332 621 versibus
353 591 602 636 persecutus
625 590 690 623 est
710 582 895 623 Ennius:

372 640 463 686 Qud
485 641 594 679 vobis
614 645 785 687 mentes,
817 645 945 679 rec-tce
959 654 1059 692 quoe
1079 645 1193 680 stare
1208 642 1409 690 solebant,

371 694 584 742 Antehac,
616 697 826 735 clementes
845 698 1100 749 δας-(ζῘΙεαΰνθ
1121 698 1207 749 [via
1218 696 1258 751 .9]

142 754 382 805 caeteraque
404 750 679 805 gravissime:
713 758 860 791 notum
882 752 995 790 enim
1020 751 1140 790 vobis
1162 765 1331 792 carmen
1362 759 1449 794 est:
1484 760 1528 795 et
1549 760 1690 797 tamen

141 803 278 859 ipsius
299 803 431 862 Appii
454 814 595 848 exstat
613 806 747 847 oratio
765 823 773 847 ε
808 813 937 861 atque
959 806 1070 846 hanc
1091 806 1160 848 ille
1181 808 1270 863 egit
1291 816 1454 864 septem
1476 818 1519 851 et
1540 811 1691 852 decem

141 874 276 902 annos
297 870 396 917 post
415 863 594 903 alterum
616 863 902 913 consulatum,
920 861 1031 911 cum,
1050 862 1159 904 inter
1179 864 1287 905 duos
1309 867 1569 916 consulatus,
1592 868 1691 908 anni

141 915 291 958 decem
309 917 617 969 interfuissent,
640 933 875 974 censorque
897 926 995 959 ante
1017 921 1286 961 consulatum
1307 923 1566 977 superiorem
1588 924 1691 965 fuis-

142 980 230 1014 set:
270 987 322 1014 ex
343 988 427 1030 quo
448 975 714 1031 intelligitur,
737 976 889 1031 Pyrrhi
909 975 1022 1015 bello
1041 977 1242 1030 grandem
1261 977 1364 1018 sanc
1386 978 1543 1030 fuisse3
1571 987 1614 1021 et
1632 988 1692 1021 ta-

141 1043 240 1070 men
262 1030 324 1071 sic
346 1030 371 1070 a
394 1031 584 1087 patribus
601 1033 860 1087 accepimus.
910 1031 1029 1072 Nihil
1048 1032 1177 1087 igitur
1192 1033 1388 1085 afferunt,
1411 1036 1485 1090 qui
1502 1037 1544 1076 in
1561 1051 1603 1077 re
1621 1051 1692 1092 ge-

142 1085 277 1126 renda
292 1088 445 1128 versari
461 1095 724 1128 senectutem
735 1094 911 1144 negant3
926 1088 1172 1144 similesque
1182 1090 1339 1130 suntiis
1351 1093 1422 1146 qui
1435 1092 1693 1147 gubernato-

141 1156 230 1183 rem
248 1142 290 1183 in
312 1144 551 1199 navigando
573 1159 697 1198 agere
720 1145 822 1184 nihil
836 1145 998 1195 dicant,
1017 1144 1114 1185 cum
1136 1146 1204 1186 alii
1222 1147 1357 1187 malos
1375 1149 1597 1199 scandant,
1618 1148 1691 1190 alii

142 1213 218 1254 per
231 1199 344 1240 foros
359 1208 544 1249 cursent,
565 1201 635 1240 alii
653 1201 862 1241 sentinam
880 1201 1152 1252 exhauriant3
1185 1202 1253 1243 ille
1276 1212 1432 1254 autem,
1453 1205 1618 1246 clavum
1633 1214 1693 1246 te-

144 1269 265 1306 nenS,
283 1256 452 1310 quietus
468 1257 615 1297 sedeat
631 1257 673 1296 in
690 1257 834 1312 puppi.
876 1257 975 1297 Non
989 1257 1093 1298 facit
1112 1272 1177 1308 ea,
1195 1260 1502 1314 quaejuvenes:
1535 1269 1580 1302 at
1597 1261 1693 1302 vero

144 1311 281 1352 multo
299 1313 459 1368 majora
477 1320 518 1353 et
535 1313 707 1354 meliora
723 1313 839 1354 facit.
890 1312 989 1353 Nou
1005 1314 1177 1363 viribus,
1201 1323 1274 1355 aut
1291 1317 1607 1368 velocitatibuS,
1621 1324 1695 1359 aut

143 1367 360 1410 celeritate
378 1383 617 1425 corporum,
633 1385 698 1411 res
711 1384 875 1425 magnae
889 1377 1113 1425 geruntur,
1127 1371 1202 1412 sed
1217 1373 1415 1424 consilio,
1426 1375 1694 1425 auctoritate,

145 1425 379 1466 sententia:
397 1426 554 1481 quibus
572 1441 656 1467 non
671 1426 798 1466 modo
815 1440 901 1467 non
917 1427 1154 1477 orbari,sed
1172 1428 1300 1469 etiam
1315 1430 1476 1485 augeri,
1494 1438 1694 1472 senectus

147 1481 280 1522 solet:
313 1481 396 1522 nisi
417 1482 526 1523 forte
549 1497 630 1539 ego
652 1482 787 1533 vobis,
820 1483 892 1538 qui
914 1490 957 1524 et
976 1483 1112 1534 miles,
1145 1491 1188 1524 et
1209 1485 1417 1537 tribunus,
1450 1494 1493 1527 et
1513 1488 1694 1543 legatus,

146 1545 190 1577 et
210 1538 376 1589 consul,
398 1546 589 1579 versatus
603 1553 698 1579 sum
716 1540 760 1579 in
776 1539 890 1580 vario
909 1554 1060 1595 genere
1078 1540 1301 1592 bellorum,
1320 1556 1486 1583 cessare
1509 1558 1621 1585 nunc
1636 1544 1696 1584 vi-

146 1592 264 1644 deor,
286 1595 381 1635 cum
402 1595 515 1635 bella
530 1609 616 1636 non
634 1610 749 1650 gero.
781 1596 841 1636 At
857 1595 1038 1644 senatui,
1060 1611 1156 1651 quae
1173 1605 1273 1637 sunt
1291 1599 1489 1653 gerenda,
1508 1600 1696 1655 praescri-

146 1649 218 1697 bo,
240 1657 283 1691 et
296 1652 529 1706 quomodo:
565 1651 832 1707 Carthagini,
855 1651 1065 1706 malejam
1090 1653 1163 1693 diu
1178 1653 1401 1709 cogitanti,
1423 1656 1576 1696 bellum
1593 1657 1698 1697 mul-

147 1711 194 1746 to
215 1705 314 1747 ante
336 1707 560 1758 denunti0;
593 1707 646 1748 de
677 1707 764 1763 qua
795 1708 925 1748 vereri
949 1723 1033 1748 nou
1056 1709 1155 1749 ante
1182 1709 1387 1759 desinam,
1423 1711 1552 1766 quam
1583 1712 1699 1753 illam

149 1762 338 1804 excisam
352 1777 446 1804 esse
459 1778 719 1819 cognovero:
745 1779 870 1819 quam
885 1765 1067 1820 palmam
1081 1765 1243 1806 utinam
1257 1766 1316 1806 dii
1330 1767 1591 1809 immortales
1605 1769 1698 1820 tibi,

151 1817 314 1874 Scipio,
345 1822 575 1861 reservent!
608 1827 655 1861 ut
675 1821 739 1861 avi
761 1821 962 1877 reliquias
981 1836 1254 1877 persequare3
1287 1823 1408 1878 cujus
1430 1822 1456 1863 a
1476 1833 1610 1865 morte
1628 1825 1699 1865 hic

148 1875 300 1916 tertius
314 1876 607 1918 ettricesimus
621 1884 688 1918 est
700 1891 856 1928 annus3
887 1878 963 1919 sed
983 1879 1230 1919 memoriam
1252 1879 1364 1919 illius
1387 1879 1462 1920 viri
1485 1881 1701 1936 excipient

152 1944 300 1973 omnes
321 1933 420 1973 anni
443 1941 771 1989 consequentes.
832 1934 958 1975 Anno
975 1943 1073 1975 ante
1091 1949 1158 1975 me
1175 1950 1395 1977 censorem
1412 1946 1602 1978 mortuus
1620 1946 1700 1989 est,

150 2001 305 2028 novem
337 1988 459 2029 annis
498 1998 597 2044 post
634 2004 776 2030 meum
811 1992 1097 2042 consulatum,
1126 1991 1220 2031 cum
1254 1993 1404 2032 consul
1433 1993 1601 2045 iterum,
1632 2009 1699 2035 me

152 2044 343 2096 consule,
375 2052 542 2085 creatus
572 2053 699 2086 esset.
760 2045 872 2086 Num
897 2046 1040 2101 igitur,
1073 2047 1108 2087 si
1138 2047 1192 2087 ad
1229 2048 1508 2089 centesimum
1543 2064 1700 2090 aunum

152 2100 346 2149 vixisset,
360 2101 594 2142 senectutis
617 2117 714 2142 eum
727 2116 814 2142 suae
832 2102 1082 2158 poeniteret?
1114 2117 1194 2144 nec
1211 2103 1323 2144 enim
1339 2105 1606 2157 excursione,
1622 2121 1704 2148 nec

155 2158 280 2208 saltu,
312 2172 393 2199 nec
410 2158 575 2198 eminus
589 2158 739 2209 hastis,
761 2165 834 2199 aut
855 2159 1049 2199 corninus
1067 2159 1234 2214 gladiis,
1267 2168 1472 2213 uteretur-3
1504 2164 1579 2203 sed
1605 2177 1705 2204 con-

154 2213 263 2265 silio,
281 2214 460 2266 ratione,
474 2214 706 2255 sententia:
740 2229 836 2270 quae
854 2215 934 2255 nisi
956 2223 1100 2256 essent
1114 2216 1155 2255 in
1178 2216 1367 2268 senibus,
1389 2232 1474 2258 uon
1493 2233 1705 2261 summum

155 2269 383 2311 consilium
403 2271 586 2326 majores
614 2271 747 2312 nostri
769 2271 1057 2326 appellassent
1081 2272 1304 2313 Senatum.
1361 2275 1489 2330 Apud
1509 2275 1706 2316 Lacedae-

156 2326 324 2368 monios
345 2327 533 2382 quidem,
554 2328 584 2367 ii
606 2327 676 2383 qui
699 2327 1010 2383 amplissimum
1027 2328 1323 2384 magistratum
1341 2338 1507 2385 gerunt,
1529 2339 1576 2372 ut
1592 2339 1705 2383 sunt,

157 2382 220 2424 sic
241 2383 370 2424 etiam
389 2385 677 2435 nominantur,
709 2398 846 2426 senes,
907 2384 1034 2433 Quod
1055 2385 1089 2426 si
1118 2386 1256 2440 legere
1281 2394 1355 2427 aut
1382 2388 1525 2428 audire
1553 2389 1706 2430 voletis

156 2446 345 2490 externa,
363 2441 570 2481 maximas
583 2441 846 2496 respublicas
860 2441 913 2481 ab
927 2441 1274 2483 adolescentibus
1284 2443 1533 2494 labefactas,
1548 2444 1574 2485 a
1597 2445 1708 2486 seni-

157 2495 238 2537 bus
260 2505 523 2538 sustentatas
546 2507 589 2538 et
610 2498 842 2548 restitutas,
873 2498 1107 2553 reperietis.

277 2555 398 2604 Cedo,
421 2557 496 2607 qni
528 2560 711 2595 vestram
730 2556 1033 2607 rempublicam
1054 2561 1221 2596 tantam
1244 2559 1447 2599 amisistis
1467 2564 1553 2599 tam
1570 2560 1678 2599 eim?

160 2607 234 2649 Sic
256 2609 368 2650 enim
389 2616 709 2666 percontantur,
739 2617 788 2651 ut
819 2617 885 2651 est
915 2610 958 2651 in
993 2611 1130 2653 Naevii
1156 2612 1293 2654 Ludo:
1327 2614 1638 2668 respondentur
1667 2620 1710 2655 et

158 2664 254 2716 alia,
286 2672 329 2706 et
347 2667 438 2708 haec
458 2667 501 2707 in
524 2666 684 2722 primis:

350 2723 667 2765 proveniebant
687 2730 874 2766 oratores
893 2728 1005 2775 vovi,
1036 2729 1175 2776 stulti,
1207 2729 1520 2768 adnleseentuli.

157 2775 392 2821 Temeritas
414 2787 480 2822 est
498 2779 701 2823 videlicet
722 2781 912 2823 florentis
935 2782 1093 2835 aetatis3
1124 2783 1363 2839 prudentia,
1385 2784 1665 2829 senescentis.
