<?xml version="1.0" encoding="UTF-8"?>
<!DOCTYPE html PUBLIC "-//W3C//DTD XHTML 1.0 Transitional//EN"
    "http://www.w3.org/TR/xhtml1/DTD/xhtml1-transitional.dtd">
<html xmlns="http://www.w3.org/1999/xhtml" xml:lang="en" lang="en">
 <head>
  <title>
</title>
<meta http-equiv="Content-Type" content="text/html;charset=utf-8" />
  <meta name='ocr-system' content='tesseract 3.04.00' />
  <meta name='ocr-capabilities' content='ocr_page ocr_carea ocr_par ocr_line ocrx_word'/>
</head>
<body>
  <div class='ocr_page' id='page_1' title='image "./selectaeoratione00ciceuoft_0509.png"; bbox 0 0 1838 3017; ppageno 0'>
   <div class='ocr_carea' id='block_1_1' title="bbox 747 147 1785 190">
    <p class='ocr_par' dir='ltr' id='par_1_1' title="bbox 747 147 1785 190">
     <span class='ocr_line' id='line_1_1' title="bbox 747 147 1785 190; baseline 0.005 -5"><span class='ocrx_word' id='word_1_1' title='bbox 747 152 1008 186; x_wconf 72' lang='lat' dir='ltr'>rfflmrricA</span> <span class='ocrx_word' id='word_1_2' title='bbox 1032 155 1093 187; x_wconf 84' lang='lat' dir='ltr'>lx.</span> <span class='ocrx_word' id='word_1_3' title='bbox 1687 147 1785 190; x_wconf 85' lang='lat'>467-</span> 
     </span>
    </p>
   </div>
   <div class='ocr_carea' id='block_1_2' title="bbox 120 223 1773 2534">
    <p class='ocr_par' dir='ltr' id='par_1_2' title="bbox 120 223 1773 2534">
     <span class='ocr_line' id='line_1_2' title="bbox 141 223 1695 285; baseline -0.003 -16"><span class='ocrx_word' id='word_1_4' title='bbox 141 241 223 269; x_wconf 89' lang='lat' dir='ltr'>nec</span> <span class='ocrx_word' id='word_1_5' title='bbox 244 226 488 269; x_wconf 85' lang='lat' dir='ltr'>Veientium</span> <span class='ocrx_word' id='word_1_6' title='bbox 519 240 590 268; x_wconf 82' lang='lat' dir='ltr'>rex</span> <span class='ocrx_word' id='word_1_7' title='bbox 622 241 695 269; x_wconf 90' lang='lat' dir='ltr'>eos</span> <span class='ocrx_word' id='word_1_8' title='bbox 725 242 833 285; x_wconf 81' lang='lat' dir='ltr'>quos</span> <span class='ocrx_word' id='word_1_9' title='bbox 863 228 991 269; x_wconf 63' lang='lat' dir='ltr'>modo</span> <span class='ocrx_word' id='word_1_10' title='bbox 1021 226 1251 279; x_wconf 88' lang='lat' dir='ltr'>nominavi,</span> <span class='ocrx_word' id='word_1_11' title='bbox 1281 223 1412 283; x_wconf 69' lang='lat' dir='ltr'>quam</span> <span class='ocrx_word' id='word_1_12' title='bbox 1439 223 1529 266; x_wconf 82' lang='lat' dir='ltr'>Ser.</span> <span class='ocrx_word' id='word_1_13' title='bbox 1551 223 1695 281; x_wconf 87' lang='lat' dir='ltr'>Sulpi-</span> 
     </span>
     <span class='ocr_line' id='line_1_3' title="bbox 142 280 1691 340; baseline -0.003 -16"><span class='ocrx_word' id='word_1_14' title='bbox 142 283 257 325; x_wconf 89' lang='lat' dir='ltr'>cium</span> <span class='ocrx_word' id='word_1_15' title='bbox 289 284 449 327; x_wconf 92' lang='lat' dir='ltr'>occidit</span> <span class='ocrx_word' id='word_1_16' title='bbox 480 283 707 326; x_wconf 87' lang='lat' dir='ltr'>Antonius.</span> <span class='ocrx_word' id='word_1_17' title='bbox 768 285 810 325; x_wconf 90' lang='lat' dir='ltr'>Is</span> <span class='ocrx_word' id='word_1_18' title='bbox 845 284 959 326; x_wconf 90' lang='lat' dir='ltr'>enim</span> <span class='ocrx_word' id='word_1_19' title='bbox 991 284 1181 340; x_wconf 70' lang='lat' dir='ltr'>profecto</span> <span class='ocrx_word' id='word_1_20' title='bbox 1215 290 1393 325; x_wconf 88' lang='lat' dir='ltr'>mortem</span> <span class='ocrx_word' id='word_1_21' title='bbox 1425 281 1582 331; x_wconf 89' lang='lat' dir='ltr'>attulit,</span> <span class='ocrx_word' id='word_1_22' title='bbox 1617 280 1691 338; x_wconf 89' lang='lat' dir='ltr'>qui</span> 
     </span>
     <span class='ocr_line' id='line_1_4' title="bbox 142 336 1765 396; baseline -0.001 -16"><span class='ocrx_word' id='word_1_23' title='bbox 142 355 273 382; x_wconf 79' lang='lat' dir='ltr'>causa</span> <span class='ocrx_word' id='word_1_24' title='bbox 293 341 439 382; x_wconf 87' lang='lat' dir='ltr'>mortis</span> <span class='ocrx_word' id='word_1_25' title='bbox 463 340 554 380; x_wconf 86' lang='lat' dir='ltr'>fuit.</span> <span class='ocrx_word' id='word_1_26' title='bbox 586 340 816 391; x_wconf 67' lang='lat' dir='ltr'>Quocirca,</span> <span class='ocrx_word' id='word_1_27' title='bbox 834 341 887 381; x_wconf 88' lang='lat' dir='ltr'>ad</span> <span class='ocrx_word' id='word_1_28' title='bbox 905 341 1168 396; x_wconf 85' lang='lat' dir='ltr'>posteritatis</span> <span class='ocrx_word' id='word_1_29' title='bbox 1189 341 1318 381; x_wconf 88' lang='lat' dir='ltr'>etiam</span> <span class='ocrx_word' id='word_1_30' title='bbox 1340 337 1586 380; x_wconf 82' lang='lat' dir='ltr'>memoriam</span> <span class='ocrx_word' id='word_1_31' title='bbox 1603 352 1693 392; x_wconf 87' lang='lat' dir='ltr'>per-</span> <span class='ocrx_word' id='word_1_32' title='bbox 1710 336 1765 378; x_wconf 88' lang='lat'>45</span> 
     </span>
     <span class='ocr_line' id='line_1_5' title="bbox 142 392 1693 453; baseline -0.001 -18"><span class='ocrx_word' id='word_1_33' title='bbox 142 396 274 438; x_wconf 88' lang='lat' dir='ltr'>tinere</span> <span class='ocrx_word' id='word_1_34' title='bbox 296 397 485 445; x_wconf 81' lang='lat' dir='ltr'>arbitror,</span> <span class='ocrx_word' id='word_1_35' title='bbox 507 405 689 447; x_wconf 82' lang='lat' dir='ltr'>exstare,</span> <span class='ocrx_word' id='word_1_36' title='bbox 707 398 820 453; x_wconf 87' lang='lat' dir='ltr'>quod</span> <span class='ocrx_word' id='word_1_37' title='bbox 839 397 964 438; x_wconf 86' lang='lat' dir='ltr'>fuerit</span> <span class='ocrx_word' id='word_1_38' title='bbox 980 398 1032 438; x_wconf 92' lang='lat' dir='ltr'>de</span> <span class='ocrx_word' id='word_1_39' title='bbox 1049 398 1131 438; x_wconf 90' lang='lat' dir='ltr'>hoc</span> <span class='ocrx_word' id='word_1_40' title='bbox 1148 397 1259 438; x_wconf 84' lang='lat' dir='ltr'>bello</span> <span class='ocrx_word' id='word_1_41' title='bbox 1276 395 1490 451; x_wconf 87' lang='lat' dir='ltr'>judicium</span> <span class='ocrx_word' id='word_1_42' title='bbox 1507 392 1693 435; x_wconf 74' lang='lat' dir='ltr'>senatus.</span> 
     </span>
     <span class='ocr_line' id='line_1_6' title="bbox 144 449 1695 509; baseline -0.002 -17"><span class='ocrx_word' id='word_1_43' title='bbox 144 451 237 493; x_wconf 87' lang='lat' dir='ltr'>Erit</span> <span class='ocrx_word' id='word_1_44' title='bbox 258 453 370 494; x_wconf 90' lang='lat' dir='ltr'>enim</span> <span class='ocrx_word' id='word_1_45' title='bbox 391 460 532 494; x_wconf 84' lang='lat' dir='ltr'>statua</span> <span class='ocrx_word' id='word_1_46' title='bbox 554 453 647 508; x_wconf 82' lang='lat' dir='ltr'>ipsa</span> <span class='ocrx_word' id='word_1_47' title='bbox 667 453 804 504; x_wconf 82' lang='lat' dir='ltr'>testis,</span> <span class='ocrx_word' id='word_1_48' title='bbox 822 453 982 494; x_wconf 91' lang='lat' dir='ltr'>bellum</span> <span class='ocrx_word' id='word_1_49' title='bbox 1000 460 1086 494; x_wconf 88' lang='lat' dir='ltr'>tam</span> <span class='ocrx_word' id='word_1_50' title='bbox 1107 468 1233 509; x_wconf 81' lang='lat' dir='ltr'>grave</span> <span class='ocrx_word' id='word_1_51' title='bbox 1256 453 1401 502; x_wconf 87' lang='lat' dir='ltr'>fuisse,</span> <span class='ocrx_word' id='word_1_52' title='bbox 1419 458 1467 492; x_wconf 89' lang='lat' dir='ltr'>ut</span> <span class='ocrx_word' id='word_1_53' title='bbox 1481 449 1612 505; x_wconf 77' lang='lat' dir='ltr'>legati</span> <span class='ocrx_word' id='word_1_54' title='bbox 1632 449 1695 490; x_wconf 88' lang='lat' dir='ltr'>in-</span> 
     </span>
     <span class='ocr_line' id='line_1_7' title="bbox 140 505 1696 557; baseline -0.003 -8"><span class='ocrx_word' id='word_1_55' title='bbox 140 509 290 550; x_wconf 89' lang='lat' dir='ltr'>teritus</span> <span class='ocrx_word' id='word_1_56' title='bbox 312 509 484 550; x_wconf 84' lang='lat' dir='ltr'>honoris</span> <span class='ocrx_word' id='word_1_57' title='bbox 507 510 751 550; x_wconf 81' lang='lat' dir='ltr'>memoriam</span> <span class='ocrx_word' id='word_1_58' title='bbox 775 517 1032 550; x_wconf 84' lang='lat' dir='ltr'>consecutus</span> <span class='ocrx_word' id='word_1_59' title='bbox 1054 510 1122 551; x_wconf 83' lang='lat' dir='ltr'>sit.</span> <span class='ocrx_word' id='word_1_60' title='bbox 1169 509 1295 557; x_wconf 74' lang='lat' dir='ltr'>Quod</span> <span class='ocrx_word' id='word_1_61' title='bbox 1317 509 1352 549; x_wconf 90' lang='lat' dir='ltr'>si</span> <span class='ocrx_word' id='word_1_62' title='bbox 1374 505 1696 548; x_wconf 85' lang='lat' dir='ltr'>excusationem</span> 
     </span>
     <span class='ocr_line' id='line_1_8' title="bbox 142 562 1696 622; baseline -0.001 -18"><span class='ocrx_word' id='word_1_63' title='bbox 142 563 230 605; x_wconf 86' lang='lat' dir='ltr'>Ser.</span> <span class='ocrx_word' id='word_1_64' title='bbox 255 564 452 621; x_wconf 81' lang='lat' dir='ltr'>Sulpicii,</span> <span class='ocrx_word' id='word_1_65' title='bbox 476 565 526 606; x_wconf 88' lang='lat' dir='ltr'>P.</span> <span class='ocrx_word' id='word_1_66' title='bbox 542 566 592 606; x_wconf 92' lang='lat' dir='ltr'>C.</span> <span class='ocrx_word' id='word_1_67' title='bbox 614 566 839 622; x_wconf 76' lang='lat' dir='ltr'>legationis</span> <span class='ocrx_word' id='word_1_68' title='bbox 862 566 1069 607; x_wconf 85' lang='lat' dir='ltr'>obeundoe</span> <span class='ocrx_word' id='word_1_69' title='bbox 1090 565 1300 607; x_wconf 85' lang='lat' dir='ltr'>recordari</span> <span class='ocrx_word' id='word_1_70' title='bbox 1325 563 1556 609; x_wconf 81' lang='lat' dir='ltr'>volueritis,</span> <span class='ocrx_word' id='word_1_71' title='bbox 1577 562 1696 603; x_wconf 85' lang='lat' dir='ltr'>nulla</span> 
     </span>
     <span class='ocr_line' id='line_1_9' title="bbox 139 616 1770 678; baseline -0.002 -18"><span class='ocrx_word' id='word_1_72' title='bbox 139 620 352 663; x_wconf 85' lang='lat' dir='ltr'>dubitatio</span> <span class='ocrx_word' id='word_1_73' title='bbox 386 622 661 677; x_wconf 85' lang='lat' dir='ltr'>relinquetur,</span> <span class='ocrx_word' id='word_1_74' title='bbox 693 623 811 678; x_wconf 87' lang='lat' dir='ltr'>quin,</span> <span class='ocrx_word' id='word_1_75' title='bbox 834 622 993 663; x_wconf 91' lang='lat' dir='ltr'>honore</span> <span class='ocrx_word' id='word_1_76' title='bbox 1026 621 1196 672; x_wconf 88' lang='lat' dir='ltr'>mortui,</span> <span class='ocrx_word' id='word_1_77' title='bbox 1227 635 1357 675; x_wconf 83' lang='lat' dir='ltr'>quam</span> <span class='ocrx_word' id='word_1_78' title='bbox 1377 620 1473 660; x_wconf 92' lang='lat' dir='ltr'>vivo</span> <span class='ocrx_word' id='word_1_79' title='bbox 1501 618 1695 673; x_wconf 90' lang='lat' dir='ltr'>injuriam</span> <span class='ocrx_word' id='word_1_80' title='bbox 1712 616 1770 659; x_wconf 88' lang='lat'>50</span> 
     </span>
     <span class='ocr_line' id='line_1_10' title="bbox 139 674 1697 732; baseline -0.002 -15"><span class='ocrx_word' id='word_1_81' title='bbox 139 676 335 729; x_wconf 86' lang='lat' dir='ltr'>fecimus,</span> <span class='ocrx_word' id='word_1_82' title='bbox 354 679 600 719; x_wconf 84' lang='lat' dir='ltr'>sarciamus.</span> <span class='ocrx_word' id='word_1_83' title='bbox 641 678 732 719; x_wconf 81' lang='lat' dir='ltr'>Vos</span> <span class='ocrx_word' id='word_1_84' title='bbox 755 679 880 727; x_wconf 88' lang='lat' dir='ltr'>enim,</span> <span class='ocrx_word' id='word_1_85' title='bbox 900 678 949 718; x_wconf 90' lang='lat' dir='ltr'>P.</span> <span class='ocrx_word' id='word_1_86' title='bbox 968 678 1018 718; x_wconf 87' lang='lat' dir='ltr'>C.</span> <span class='ocrx_word' id='word_1_87' title='bbox 1039 683 1184 732; x_wconf 73' lang='lat' dir='ltr'>(grave</span> <span class='ocrx_word' id='word_1_88' title='bbox 1207 677 1327 717; x_wconf 88' lang='lat' dir='ltr'>dictu</span> <span class='ocrx_word' id='word_1_89' title='bbox 1349 682 1429 725; x_wconf 89' lang='lat' dir='ltr'>est,</span> <span class='ocrx_word' id='word_1_90' title='bbox 1452 675 1528 715; x_wconf 88' lang='lat' dir='ltr'>sed</span> <span class='ocrx_word' id='word_1_91' title='bbox 1550 674 1697 715; x_wconf 87' lang='lat' dir='ltr'>dicen·</span> 
     </span>
     <span class='ocr_line' id='line_1_11' title="bbox 136 730 1696 788; baseline -0.002 -15"><span class='ocrx_word' id='word_1_92' title='bbox 136 732 240 774; x_wconf 88' lang='lat' dir='ltr'>dum</span> <span class='ocrx_word' id='word_1_93' title='bbox 261 740 422 785; x_wconf 88' lang='lat' dir='ltr'>tamen)</span> <span class='ocrx_word' id='word_1_94' title='bbox 452 749 539 785; x_wconf 87' lang='lat' dir='ltr'>vos,</span> <span class='ocrx_word' id='word_1_95' title='bbox 575 735 615 774; x_wconf 87' lang='lat' dir='ltr'>in</span> <span class='ocrx_word' id='word_1_96' title='bbox 653 749 763 784; x_wconf 90' lang='lat' dir='ltr'>uam,</span> <span class='ocrx_word' id='word_1_97' title='bbox 796 735 886 774; x_wconf 85' lang='lat' dir='ltr'>Ser.</span> <span class='ocrx_word' id='word_1_98' title='bbox 909 733 1149 788; x_wconf 87' lang='lat' dir='ltr'>Sulpicium</span> <span class='ocrx_word' id='word_1_99' title='bbox 1172 733 1257 773; x_wconf 72' lang='lat' dir='ltr'>vita</span> <span class='ocrx_word' id='word_1_100' title='bbox 1278 731 1493 788; x_wconf 65' lang='lat' dir='ltr'>privastis.</span> <span class='ocrx_word' id='word_1_101' title='bbox 1555 730 1696 778; x_wconf 84' lang='lat' dir='ltr'>Quem</span> 
     </span>
     <span class='ocr_line' id='line_1_12' title="bbox 139 788 1696 845; baseline -0.002 -16"><span class='ocrx_word' id='word_1_102' title='bbox 139 788 235 830; x_wconf 70' lang='lat' dir='ltr'>cum</span> <span class='ocrx_word' id='word_1_103' title='bbox 257 791 454 832; x_wconf 90' lang='lat' dir='ltr'>videretis</span> <span class='ocrx_word' id='word_1_104' title='bbox 478 806 519 831; x_wconf 87' lang='lat' dir='ltr'>re</span> <span class='ocrx_word' id='word_1_105' title='bbox 542 805 674 845; x_wconf 76' lang='lat' dir='ltr'>magis</span> <span class='ocrx_word' id='word_1_106' title='bbox 695 791 890 830; x_wconf 87' lang='lat' dir='ltr'>morbum</span> <span class='ocrx_word' id='word_1_107' title='bbox 910 788 1041 844; x_wconf 68' lang='lat' dir='ltr'>quam</span> <span class='ocrx_word' id='word_1_108' title='bbox 1063 789 1256 830; x_wconf 85' lang='lat' dir='ltr'>oratione</span> <span class='ocrx_word' id='word_1_109' title='bbox 1284 794 1575 837; x_wconf 79' lang='lat' dir='ltr'>excusantem,</span> <span class='ocrx_word' id='word_1_110' title='bbox 1608 800 1696 827; x_wconf 89' lang='lat' dir='ltr'>non</span> 
     </span>
     <span class='ocr_line' id='line_1_13' title="bbox 139 843 1695 902; baseline -0.001 -17"><span class='ocrx_word' id='word_1_111' title='bbox 139 859 215 886; x_wconf 87' lang='lat' dir='ltr'>vos</span> <span class='ocrx_word' id='word_1_112' title='bbox 237 846 411 902; x_wconf 89' lang='lat' dir='ltr'>quidem</span> <span class='ocrx_word' id='word_1_113' title='bbox 433 847 626 887; x_wconf 77' lang='lat' dir='ltr'>crudeles</span> <span class='ocrx_word' id='word_1_114' title='bbox 649 846 805 895; x_wconf 84' lang='lat' dir='ltr'>fuistis,</span> <span class='ocrx_word' id='word_1_115' title='bbox 828 846 950 901; x_wconf 88' lang='lat' dir='ltr'>(qnid</span> <span class='ocrx_word' id='word_1_116' title='bbox 973 845 1086 886; x_wconf 90' lang='lat' dir='ltr'>enim</span> <span class='ocrx_word' id='word_1_117' title='bbox 1108 844 1246 886; x_wconf 73' lang='lat' dir='ltr'>minus</span> <span class='ocrx_word' id='word_1_118' title='bbox 1280 845 1324 885; x_wconf 91' lang='lat' dir='ltr'>in</span> <span class='ocrx_word' id='word_1_119' title='bbox 1358 845 1472 885; x_wconf 89' lang='lat' dir='ltr'>hunc</span> <span class='ocrx_word' id='word_1_120' title='bbox 1503 843 1695 884; x_wconf 83' lang='lat' dir='ltr'>ordinem</span> 
     </span>
     <span class='ocr_line' id='line_1_14' title="bbox 138 898 1769 958; baseline -0.001 -17"><span class='ocrx_word' id='word_1_121' title='bbox 138 902 387 958; x_wconf 64' lang='lat' dir='ltr'>competitl)</span> <span class='ocrx_word' id='word_1_122' title='bbox 408 903 499 952; x_wconf 86' lang='lat' dir='ltr'>sed,</span> <span class='ocrx_word' id='word_1_123' title='bbox 515 904 613 943; x_wconf 75' lang='lat' dir='ltr'>cum</span> <span class='ocrx_word' id='word_1_124' title='bbox 635 902 860 958; x_wconf 86' lang='lat' dir='ltr'>speraretis</span> <span class='ocrx_word' id='word_1_125' title='bbox 884 901 988 942; x_wconf 88' lang='lat' dir='ltr'>nihil</span> <span class='ocrx_word' id='word_1_126' title='bbox 1010 916 1119 952; x_wconf 87' lang='lat' dir='ltr'>esse,</span> <span class='ocrx_word' id='word_1_127' title='bbox 1137 901 1252 957; x_wconf 90' lang='lat' dir='ltr'>quod</span> <span class='ocrx_word' id='word_1_128' title='bbox 1274 915 1357 941; x_wconf 90' lang='lat' dir='ltr'>non</span> <span class='ocrx_word' id='word_1_129' title='bbox 1380 901 1492 941; x_wconf 91' lang='lat' dir='ltr'>illius</span> <span class='ocrx_word' id='word_1_130' title='bbox 1514 898 1698 940; x_wconf 86' lang='lat' dir='ltr'>auctori-</span> <span class='ocrx_word' id='word_1_131' title='bbox 1714 899 1769 940; x_wconf 91' lang='lat'>55</span> 
     </span>
     <span class='ocr_line' id='line_1_15' title="bbox 120 955 1698 1014; baseline -0.002 -16"><span class='ocrx_word' id='word_1_132' title='bbox 120 962 224 1007; x_wconf 79' lang='lat' dir='ltr'>¹tate</span> <span class='ocrx_word' id='word_1_133' title='bbox 245 966 288 999; x_wconf 87' lang='lat' dir='ltr'>et</span> <span class='ocrx_word' id='word_1_134' title='bbox 309 958 521 1014; x_wconf 73' lang='lat' dir='ltr'>sapientia</span> <span class='ocrx_word' id='word_1_135' title='bbox 540 959 650 999; x_wconf 90' lang='lat' dir='ltr'>effici</span> <span class='ocrx_word' id='word_1_136' title='bbox 672 966 832 1014; x_wconf 88' lang='lat' dir='ltr'>posset,</span> <span class='ocrx_word' id='word_1_137' title='bbox 850 958 1142 999; x_wconf 70' lang='lat' dir='ltr'>vehementius</span> <span class='ocrx_word' id='word_1_138' title='bbox 1160 957 1426 999; x_wconf 67' lang='lat' dir='ltr'>excusationi</span> <span class='ocrx_word' id='word_1_139' title='bbox 1443 955 1698 1006; x_wconf 89' lang='lat' dir='ltr'>obstitistis;</span> 
     </span>
     <span class='ocr_line' id='line_1_16' title="bbox 136 1012 1699 1071; baseline -0.001 -17"><span class='ocrx_word' id='word_1_140' title='bbox 136 1021 266 1070; x_wconf 87' lang='lat' dir='ltr'>atque</span> <span class='ocrx_word' id='word_1_141' title='bbox 294 1029 405 1065; x_wconf 88' lang='lat' dir='ltr'>eum,</span> <span class='ocrx_word' id='word_1_142' title='bbox 428 1015 500 1071; x_wconf 89' lang='lat' dir='ltr'>qui</span> <span class='ocrx_word' id='word_1_143' title='bbox 521 1029 687 1071; x_wconf 81' lang='lat' dir='ltr'>semper</span> <span class='ocrx_word' id='word_1_144' title='bbox 708 1022 894 1055; x_wconf 89' lang='lat' dir='ltr'>vestrum</span> <span class='ocrx_word' id='word_1_145' title='bbox 916 1029 1172 1055; x_wconf 86' lang='lat' dir='ltr'>consensum</span> <span class='ocrx_word' id='word_1_146' title='bbox 1205 1013 1504 1070; x_wconf 84' lang='lat' dir='ltr'>gravissimum</span> <span class='ocrx_word' id='word_1_147' title='bbox 1528 1012 1699 1068; x_wconf 84' lang='lat' dir='ltr'>judica-</span> 
     </span>
     <span class='ocr_line' id='line_1_17' title="bbox 137 1068 1699 1126; baseline -0.001 -16"><span class='ocrx_word' id='word_1_148' title='bbox 137 1069 285 1121; x_wconf 84' lang='lat' dir='ltr'>visset,</span> <span class='ocrx_word' id='word_1_149' title='bbox 307 1071 385 1113; x_wconf 71' lang='lat' dir='ltr'>bde</span> <span class='ocrx_word' id='word_1_150' title='bbox 407 1071 623 1112; x_wconf 68' lang='lat' dir='ltr'>sententia</span> <span class='ocrx_word' id='word_1_151' title='bbox 645 1071 878 1126; x_wconf 86' lang='lat' dir='ltr'>dejecistis.</span> <span class='ocrx_word' id='word_1_152' title='bbox 928 1070 989 1111; x_wconf 91' lang='lat' dir='ltr'>Ut</span> <span class='ocrx_word' id='word_1_153' title='bbox 1008 1073 1104 1111; x_wconf 73' lang='lat' dir='ltr'>vero</span> <span class='ocrx_word' id='word_1_154' title='bbox 1128 1070 1282 1111; x_wconf 86' lang='lat' dir='ltr'>Pansae</span> <span class='ocrx_word' id='word_1_155' title='bbox 1304 1069 1493 1111; x_wconf 89' lang='lat' dir='ltr'>consulis</span> <span class='ocrx_word' id='word_1_156' title='bbox 1512 1068 1699 1110; x_wconf 86' lang='lat' dir='ltr'>accessit</span> 
     </span>
     <span class='ocr_line' id='line_1_18' title="bbox 137 1125 1697 1183; baseline -0.001 -16"><span class='ocrx_word' id='word_1_157' title='bbox 137 1127 394 1179; x_wconf 85' lang='lat' dir='ltr'>cohortatio,</span> <span class='ocrx_word' id='word_1_158' title='bbox 411 1127 578 1183; x_wconf 82' lang='lat' dir='ltr'>gravior</span> <span class='ocrx_word' id='word_1_159' title='bbox 595 1127 726 1183; x_wconf 68' lang='lat' dir='ltr'>quam</span> <span class='ocrx_word' id='word_1_160' title='bbox 744 1142 865 1168; x_wconf 87' lang='lat' dir='ltr'>aures</span> <span class='ocrx_word' id='word_1_161' title='bbox 883 1126 973 1168; x_wconf 86' lang='lat' dir='ltr'>Ser.</span> <span class='ocrx_word' id='word_1_162' title='bbox 990 1126 1172 1182; x_wconf 85' lang='lat' dir='ltr'>Sulpicii</span> <span class='ocrx_word' id='word_1_163' title='bbox 1194 1126 1300 1168; x_wconf 85' lang='lat' dir='ltr'>ferre</span> <span class='ocrx_word' id='word_1_164' title='bbox 1319 1125 1587 1175; x_wconf 84' lang='lat' dir='ltr'>didicissent,</span> <span class='ocrx_word' id='word_1_165' title='bbox 1607 1132 1697 1165; x_wconf 89' lang='lat' dir='ltr'>tum</span> 
     </span>
     <span class='ocr_line' id='line_1_19' title="bbox 137 1180 1772 1239; baseline -0.001 -16"><span class='ocrx_word' id='word_1_166' title='bbox 137 1182 239 1224; x_wconf 75' lang='lat' dir='ltr'>vero</span> <span class='ocrx_word' id='word_1_167' title='bbox 261 1184 445 1239; x_wconf 92' lang='lat' dir='ltr'>denique</span> <span class='ocrx_word' id='word_1_168' title='bbox 461 1183 612 1234; x_wconf 86' lang='lat' dir='ltr'>filium,</span> <span class='ocrx_word' id='word_1_169' title='bbox 630 1198 781 1238; x_wconf 89' lang='lat' dir='ltr'>meque</span> <span class='ocrx_word' id='word_1_170' title='bbox 801 1183 1011 1233; x_wconf 72' lang='lat' dir='ltr'>cseduxit,</span> <span class='ocrx_word' id='word_1_171' title='bbox 1029 1190 1157 1239; x_wconf 90' lang='lat' dir='ltr'>atque</span> <span class='ocrx_word' id='word_1_172' title='bbox 1174 1183 1235 1224; x_wconf 82' lang='lat' dir='ltr'>ita</span> <span class='ocrx_word' id='word_1_173' title='bbox 1249 1184 1420 1224; x_wconf 85' lang='lat' dir='ltr'>locutus</span> <span class='ocrx_word' id='word_1_174' title='bbox 1437 1189 1516 1233; x_wconf 89' lang='lat' dir='ltr'>est,</span> <span class='ocrx_word' id='word_1_175' title='bbox 1534 1188 1582 1222; x_wconf 89' lang='lat' dir='ltr'>ut</span> <span class='ocrx_word' id='word_1_176' title='bbox 1597 1196 1698 1222; x_wconf 84' lang='lat' dir='ltr'>auc·</span> <span class='ocrx_word' id='word_1_177' title='bbox 1715 1180 1772 1222; x_wconf 88' lang='lat'>60</span> 
     </span>
     <span class='ocr_line' id='line_1_20' title="bbox 138 1237 1699 1293; baseline 0 -14"><span class='ocrx_word' id='word_1_178' title='bbox 138 1239 356 1281; x_wconf 86' lang='lat' dir='ltr'>toritatem</span> <span class='ocrx_word' id='word_1_179' title='bbox 375 1247 560 1281; x_wconf 86' lang='lat' dir='ltr'>vestram</span> <span class='ocrx_word' id='word_1_180' title='bbox 576 1240 675 1281; x_wconf 82' lang='lat' dir='ltr'>vitae</span> <span class='ocrx_word' id='word_1_181' title='bbox 697 1255 784 1280; x_wconf 78' lang='lat' dir='ltr'>suae</span> <span class='ocrx_word' id='word_1_182' title='bbox 806 1254 850 1280; x_wconf 89' lang='lat' dir='ltr'>se</span> <span class='ocrx_word' id='word_1_183' title='bbox 873 1239 1035 1280; x_wconf 88' lang='lat' dir='ltr'>diceret</span> <span class='ocrx_word' id='word_1_184' title='bbox 1055 1239 1279 1280; x_wconf 88' lang='lat' dir='ltr'>anteferre.</span> <span class='ocrx_word' id='word_1_185' title='bbox 1321 1239 1456 1293; x_wconf 88' lang='lat' dir='ltr'>Cujus</span> <span class='ocrx_word' id='word_1_186' title='bbox 1473 1253 1552 1279; x_wconf 92' lang='lat' dir='ltr'>nos</span> <span class='ocrx_word' id='word_1_187' title='bbox 1569 1237 1699 1279; x_wconf 81' lang='lat' dir='ltr'>virtu-</span> 
     </span>
     <span class='ocr_line' id='line_1_21' title="bbox 139 1293 1700 1345; baseline -0.001 -10"><span class='ocrx_word' id='word_1_188' title='bbox 139 1300 226 1336; x_wconf 90' lang='lat' dir='ltr'>tem</span> <span class='ocrx_word' id='word_1_189' title='bbox 244 1296 452 1345; x_wconf 84' lang='lat' dir='ltr'>admirati,</span> <span class='ocrx_word' id='word_1_190' title='bbox 469 1310 555 1336; x_wconf 89' lang='lat' dir='ltr'>non</span> <span class='ocrx_word' id='word_1_191' title='bbox 572 1295 663 1337; x_wconf 89' lang='lat' dir='ltr'>ausi</span> <span class='ocrx_word' id='word_1_192' title='bbox 685 1310 831 1336; x_wconf 87' lang='lat' dir='ltr'>sumus</span> <span class='ocrx_word' id='word_1_193' title='bbox 853 1295 1065 1336; x_wconf 87' lang='lat' dir='ltr'>adversari</span> <span class='ocrx_word' id='word_1_194' title='bbox 1081 1295 1305 1336; x_wconf 86' lang='lat' dir='ltr'>voluntati.</span> <span class='ocrx_word' id='word_1_195' title='bbox 1337 1295 1596 1335; x_wconf 86' lang='lat' dir='ltr'>Movebatur</span> <span class='ocrx_word' id='word_1_196' title='bbox 1611 1293 1700 1334; x_wconf 84' lang='lat' dir='ltr'>sin-</span> 
     </span>
     <span class='ocr_line' id='line_1_22' title="bbox 139 1350 1700 1408; baseline -0.001 -16"><span class='ocrx_word' id='word_1_197' title='bbox 139 1352 275 1407; x_wconf 85' lang='lat' dir='ltr'>gulari</span> <span class='ocrx_word' id='word_1_198' title='bbox 298 1352 456 1408; x_wconf 89' lang='lat' dir='ltr'>pietate</span> <span class='ocrx_word' id='word_1_199' title='bbox 478 1352 613 1393; x_wconf 90' lang='lat' dir='ltr'>filius:</span> <span class='ocrx_word' id='word_1_200' title='bbox 645 1367 732 1392; x_wconf 91' lang='lat' dir='ltr'>non</span> <span class='ocrx_word' id='word_1_201' title='bbox 767 1351 946 1392; x_wconf 71' lang='lat' dir='ltr'>multum</span> <span class='ocrx_word' id='word_1_202' title='bbox 969 1352 1060 1407; x_wconf 89' lang='lat' dir='ltr'>ejus</span> <span class='ocrx_word' id='word_1_203' title='bbox 1082 1351 1391 1406; x_wconf 83' lang='lat' dir='ltr'>perturbationi</span> <span class='ocrx_word' id='word_1_204' title='bbox 1423 1365 1544 1391; x_wconf 86' lang='lat' dir='ltr'>meus</span> <span class='ocrx_word' id='word_1_205' title='bbox 1576 1350 1700 1391; x_wconf 91' lang='lat' dir='ltr'>dolor</span> 
     </span>
     <span class='ocr_line' id='line_1_23' title="bbox 139 1405 1698 1464; baseline -0.003 -15"><span class='ocrx_word' id='word_1_206' title='bbox 139 1409 424 1449; x_wconf 89' lang='lat' dir='ltr'>concedebat:</span> <span class='ocrx_word' id='word_1_207' title='bbox 457 1408 531 1449; x_wconf 88' lang='lat' dir='ltr'>sed</span> <span class='ocrx_word' id='word_1_208' title='bbox 567 1415 743 1464; x_wconf 89' lang='lat' dir='ltr'>uterque</span> <span class='ocrx_word' id='word_1_209' title='bbox 771 1410 966 1448; x_wconf 68' lang='lat' dir='ltr'>nostrum</span> <span class='ocrx_word' id='word_1_210' title='bbox 987 1408 1136 1449; x_wconf 89' lang='lat' dir='ltr'>cedere</span> <span class='ocrx_word' id='word_1_211' title='bbox 1158 1408 1391 1463; x_wconf 76' lang='lat' dir='ltr'>cogebatur</span> <span class='ocrx_word' id='word_1_212' title='bbox 1410 1405 1698 1463; x_wconf 86' lang='lat' dir='ltr'>magnitudini</span> 
     </span>
     <span class='ocr_line' id='line_1_24' title="bbox 140 1461 1771 1520; baseline 0 -16"><span class='ocrx_word' id='word_1_213' title='bbox 140 1464 283 1515; x_wconf 88' lang='lat' dir='ltr'>animi,</span> <span class='ocrx_word' id='word_1_214' title='bbox 306 1465 599 1520; x_wconf 87' lang='lat' dir='ltr'>orationisque</span> <span class='ocrx_word' id='word_1_215' title='bbox 622 1465 839 1520; x_wconf 81' lang='lat' dir='ltr'>gravitati:</span> <span class='ocrx_word' id='word_1_216' title='bbox 873 1463 970 1506; x_wconf 76' lang='lat' dir='ltr'>cum</span> <span class='ocrx_word' id='word_1_217' title='bbox 999 1464 1173 1520; x_wconf 90' lang='lat' dir='ltr'>quidem</span> <span class='ocrx_word' id='word_1_218' title='bbox 1192 1464 1278 1515; x_wconf 88' lang='lat' dir='ltr'>ille,</span> <span class='ocrx_word' id='word_1_219' title='bbox 1299 1463 1487 1504; x_wconf 69' lang='lat' dir='ltr'>maxima</span> <span class='ocrx_word' id='word_1_220' title='bbox 1508 1462 1635 1504; x_wconf 87' lang='lat' dir='ltr'>laude</span> <span class='ocrx_word' id='word_1_221' title='bbox 1656 1471 1700 1504; x_wconf 87' lang='lat' dir='ltr'>et</span> <span class='ocrx_word' id='word_1_222' title='bbox 1717 1461 1771 1504; x_wconf 87' lang='lat'>65</span> 
     </span>
     <span class='ocr_line' id='line_1_25' title="bbox 138 1519 1699 1576; baseline -0.001 -15"><span class='ocrx_word' id='word_1_223' title='bbox 138 1521 422 1574; x_wconf 83' lang='lat' dir='ltr'>gratulatione</span> <span class='ocrx_word' id='word_1_224' title='bbox 439 1521 630 1562; x_wconf 91' lang='lat' dir='ltr'>omnium</span> <span class='ocrx_word' id='word_1_225' title='bbox 644 1522 843 1570; x_wconf 67' lang='lat' dir='ltr'>vestrum,</span> <span class='ocrx_word' id='word_1_226' title='bbox 860 1521 1078 1575; x_wconf 87' lang='lat' dir='ltr'>pollicitus</span> <span class='ocrx_word' id='word_1_227' title='bbox 1096 1527 1176 1571; x_wconf 87' lang='lat' dir='ltr'>est,</span> <span class='ocrx_word' id='word_1_228' title='bbox 1194 1535 1254 1571; x_wconf 88' lang='lat' dir='ltr'>se,</span> <span class='ocrx_word' id='word_1_229' title='bbox 1272 1520 1387 1576; x_wconf 90' lang='lat' dir='ltr'>quod</span> <span class='ocrx_word' id='word_1_230' title='bbox 1404 1519 1584 1568; x_wconf 87' lang='lat' dir='ltr'>velletis,</span> <span class='ocrx_word' id='word_1_231' title='bbox 1603 1533 1699 1560; x_wconf 88' lang='lat' dir='ltr'>esse</span> 
     </span>
     <span class='ocr_line' id='line_1_26' title="bbox 138 1574 1699 1634; baseline 0 -18"><span class='ocrx_word' id='word_1_232' title='bbox 138 1577 365 1628; x_wconf 87' lang='lat' dir='ltr'>facturum,</span> <span class='ocrx_word' id='word_1_233' title='bbox 397 1592 536 1634; x_wconf 89' lang='lat' dir='ltr'>neque</span> <span class='ocrx_word' id='word_1_234' title='bbox 569 1578 661 1633; x_wconf 90' lang='lat' dir='ltr'>ejus</span> <span class='ocrx_word' id='word_1_235' title='bbox 695 1577 918 1617; x_wconf 81' lang='lat' dir='ltr'>sententiae</span> <span class='ocrx_word' id='word_1_236' title='bbox 939 1577 1175 1631; x_wconf 87' lang='lat' dir='ltr'>periculum</span> <span class='ocrx_word' id='word_1_237' title='bbox 1198 1577 1440 1627; x_wconf 86' lang='lat' dir='ltr'>vitaturum,</span> <span class='ocrx_word' id='word_1_238' title='bbox 1463 1577 1584 1631; x_wconf 87' lang='lat' dir='ltr'>cujus</span> <span class='ocrx_word' id='word_1_239' title='bbox 1605 1574 1699 1631; x_wconf 89' lang='lat' dir='ltr'>ipse</span> 
     </span>
     <span class='ocr_line' id='line_1_27' title="bbox 138 1629 1700 1689; baseline -0.001 -16"><span class='ocrx_word' id='word_1_240' title='bbox 138 1639 288 1674; x_wconf 84' lang='lat' dir='ltr'>auctor</span> <span class='ocrx_word' id='word_1_241' title='bbox 309 1633 472 1674; x_wconf 85' lang='lat' dir='ltr'>fuisset.</span> <span class='ocrx_word' id='word_1_242' title='bbox 521 1633 661 1680; x_wconf 87' lang='lat' dir='ltr'>Quem</span> <span class='ocrx_word' id='word_1_243' title='bbox 680 1632 857 1689; x_wconf 78' lang='lat' dir='ltr'>exsequi</span> <span class='ocrx_word' id='word_1_244' title='bbox 879 1633 1081 1673; x_wconf 86' lang='lat' dir='ltr'>mandata</span> <span class='ocrx_word' id='word_1_245' title='bbox 1101 1639 1240 1673; x_wconf 85' lang='lat' dir='ltr'>vestra</span> <span class='ocrx_word' id='word_1_246' title='bbox 1256 1639 1552 1688; x_wconf 82' lang='lat' dir='ltr'>properantem</span> <span class='ocrx_word' id='word_1_247' title='bbox 1575 1629 1700 1672; x_wconf 66' lang='lat' dir='ltr'>mane</span> 
     </span>
     <span class='ocr_line' id='line_1_28' title="bbox 139 1688 1700 1745; baseline -0.001 -16"><span class='ocrx_word' id='word_1_248' title='bbox 139 1689 346 1744; x_wconf 86' lang='lat' dir='ltr'>postridie</span> <span class='ocrx_word' id='word_1_249' title='bbox 364 1690 580 1745; x_wconf 87' lang='lat' dir='ltr'>prosecuti</span> <span class='ocrx_word' id='word_1_250' title='bbox 597 1704 765 1739; x_wconf 84' lang='lat' dir='ltr'>sumus3</span> <span class='ocrx_word' id='word_1_251' title='bbox 797 1689 868 1744; x_wconf 91' lang='lat' dir='ltr'>qui</span> <span class='ocrx_word' id='word_1_252' title='bbox 888 1689 1062 1744; x_wconf 91' lang='lat' dir='ltr'>quidem</span> <span class='ocrx_word' id='word_1_253' title='bbox 1079 1689 1306 1730; x_wconf 88' lang='lat' dir='ltr'>discedens</span> <span class='ocrx_word' id='word_1_254' title='bbox 1324 1703 1490 1729; x_wconf 88' lang='lat' dir='ltr'>mecum</span> <span class='ocrx_word' id='word_1_255' title='bbox 1507 1688 1567 1729; x_wconf 89' lang='lat' dir='ltr'>ita</span> <span class='ocrx_word' id='word_1_256' title='bbox 1582 1689 1700 1729; x_wconf 90' lang='lat' dir='ltr'>locu-</span> 
     </span>
     <span class='ocr_line' id='line_1_29' title="bbox 139 1743 1772 1800; baseline -0.001 -14"><span class='ocrx_word' id='word_1_257' title='bbox 139 1752 208 1786; x_wconf 90' lang='lat' dir='ltr'>tus</span> <span class='ocrx_word' id='word_1_258' title='bbox 227 1752 305 1795; x_wconf 91' lang='lat' dir='ltr'>est,</span> <span class='ocrx_word' id='word_1_259' title='bbox 318 1753 366 1786; x_wconf 89' lang='lat' dir='ltr'>ut</span> <span class='ocrx_word' id='word_1_260' title='bbox 383 1747 473 1800; x_wconf 82' lang='lat' dir='ltr'>ejus</span> <span class='ocrx_word' id='word_1_261' title='bbox 491 1746 625 1787; x_wconf 82' lang='lat' dir='ltr'>oratio</span> <span class='ocrx_word' id='word_1_262' title='bbox 644 1760 769 1787; x_wconf 91' lang='lat' dir='ltr'>omen</span> <span class='ocrx_word' id='word_1_263' title='bbox 785 1745 885 1786; x_wconf 82' lang='lat' dir='ltr'>dfati</span> <span class='ocrx_word' id='word_1_264' title='bbox 902 1745 1127 1786; x_wconf 84' lang='lat' dir='ltr'>videretur.</span> <span class='ocrx_word' id='word_1_265' title='bbox 1159 1745 1344 1786; x_wconf 87' lang='lat' dir='ltr'>Reddite</span> <span class='ocrx_word' id='word_1_266' title='bbox 1363 1745 1505 1800; x_wconf 84' lang='lat' dir='ltr'>igitur,</span> <span class='ocrx_word' id='word_1_267' title='bbox 1525 1743 1572 1785; x_wconf 89' lang='lat' dir='ltr'>P.</span> <span class='ocrx_word' id='word_1_268' title='bbox 1588 1743 1640 1786; x_wconf 69' lang='lat' dir='ltr'>s).</span> <span class='ocrx_word' id='word_1_269' title='bbox 1660 1743 1699 1785; x_wconf 84' lang='lat' dir='ltr'>ei</span> <span class='ocrx_word' id='word_1_270' title='bbox 1718 1745 1772 1785; x_wconf 92' lang='lat'>70</span> 
     </span>
     <span class='ocr_line' id='line_1_30' title="bbox 139 1800 1701 1853; baseline -0.001 -10"><span class='ocrx_word' id='word_1_271' title='bbox 139 1801 284 1853; x_wconf 87' lang='lat' dir='ltr'>vitam,</span> <span class='ocrx_word' id='word_1_272' title='bbox 306 1802 374 1843; x_wconf 91' lang='lat' dir='ltr'>cui</span> <span class='ocrx_word' id='word_1_273' title='bbox 397 1802 639 1852; x_wconf 81' lang='lat' dir='ltr'>ademistis3</span> <span class='ocrx_word' id='word_1_274' title='bbox 671 1802 756 1842; x_wconf 90' lang='lat' dir='ltr'>vita</span> <span class='ocrx_word' id='word_1_275' title='bbox 784 1802 897 1842; x_wconf 90' lang='lat' dir='ltr'>enim</span> <span class='ocrx_word' id='word_1_276' title='bbox 930 1809 1190 1842; x_wconf 90' lang='lat' dir='ltr'>mortuorum</span> <span class='ocrx_word' id='word_1_277' title='bbox 1218 1801 1261 1841; x_wconf 90' lang='lat' dir='ltr'>in</span> <span class='ocrx_word' id='word_1_278' title='bbox 1283 1800 1487 1842; x_wconf 68' lang='lat' dir='ltr'>memoria</span> <span class='ocrx_word' id='word_1_279' title='bbox 1508 1800 1701 1841; x_wconf 86' lang='lat' dir='ltr'>vivorum</span> 
     </span>
     <span class='ocr_line' id='line_1_31' title="bbox 142 1856 1702 1914; baseline -0.001 -15"><span class='ocrx_word' id='word_1_280' title='bbox 142 1865 210 1899; x_wconf 84' lang='lat' dir='ltr'>est</span> <span class='ocrx_word' id='word_1_281' title='bbox 226 1859 380 1914; x_wconf 89' lang='lat' dir='ltr'>posita.</span> <span class='ocrx_word' id='word_1_282' title='bbox 413 1858 630 1909; x_wconf 84' lang='lat' dir='ltr'>Perficite,</span> <span class='ocrx_word' id='word_1_283' title='bbox 646 1865 692 1900; x_wconf 87' lang='lat' dir='ltr'>ut</span> <span class='ocrx_word' id='word_1_284' title='bbox 709 1858 758 1907; x_wconf 90' lang='lat' dir='ltr'>is,</span> <span class='ocrx_word' id='word_1_285' title='bbox 772 1873 900 1914; x_wconf 91' lang='lat' dir='ltr'>quem</span> <span class='ocrx_word' id='word_1_286' title='bbox 916 1872 992 1898; x_wconf 90' lang='lat' dir='ltr'>vos</span> <span class='ocrx_word' id='word_1_287' title='bbox 1011 1857 1133 1899; x_wconf 85' lang='lat' dir='ltr'>inscii</span> <span class='ocrx_word' id='word_1_288' title='bbox 1150 1858 1204 1898; x_wconf 87' lang='lat' dir='ltr'>ad</span> <span class='ocrx_word' id='word_1_289' title='bbox 1221 1864 1399 1899; x_wconf 88' lang='lat' dir='ltr'>mortem</span> <span class='ocrx_word' id='word_1_290' title='bbox 1418 1856 1608 1908; x_wconf 87' lang='lat' dir='ltr'>misistis,</span> <span class='ocrx_word' id='word_1_291' title='bbox 1621 1857 1702 1898; x_wconf 90' lang='lat' dir='ltr'>im-</span> 
     </span>
     <span class='ocr_line' id='line_1_32' title="bbox 139 1914 1699 1957; baseline -0.001 -2"><span class='ocrx_word' id='word_1_292' title='bbox 139 1915 437 1956; x_wconf 88' lang='lat' dir='ltr'>mortalitatem</span> <span class='ocrx_word' id='word_1_293' title='bbox 447 1915 605 1956; x_wconf 86' lang='lat' dir='ltr'>habeat</span> <span class='ocrx_word' id='word_1_294' title='bbox 618 1914 643 1955; x_wconf 71' lang='grc' dir='ltr'>’ἒῑ</span> <span class='ocrx_word' id='word_1_295' title='bbox 653 1915 791 1957; x_wconf 87' lang='lat' dir='ltr'>vobis:</span> <span class='ocrx_word' id='word_1_296' title='bbox 809 1914 878 1955; x_wconf 87' lang='lat' dir='ltr'>cui</span> <span class='ocrx_word' id='word_1_297' title='bbox 894 1914 929 1955; x_wconf 90' lang='lat' dir='ltr'>si</span> <span class='ocrx_word' id='word_1_298' title='bbox 943 1922 1127 1955; x_wconf 89' lang='lat' dir='ltr'>statuam</span> <span class='ocrx_word' id='word_1_299' title='bbox 1140 1914 1184 1954; x_wconf 90' lang='lat' dir='ltr'>in</span> <span class='ocrx_word' id='word_1_300' title='bbox 1193 1914 1363 1955; x_wconf 86' lang='lat' dir='ltr'>Rostris</span> <span class='ocrx_word' id='word_1_301' title='bbox 1377 1914 1548 1955; x_wconf 86' lang='lat' dir='ltr'>decreto</span> <span class='ocrx_word' id='word_1_302' title='bbox 1558 1922 1699 1955; x_wconf 84' lang='lat' dir='ltr'>vestro</span> 
     </span>
     <span class='ocr_line' id='line_1_33' title="bbox 140 1970 1700 2026; baseline 0 -15"><span class='ocrx_word' id='word_1_303' title='bbox 140 1971 388 2022; x_wconf 87' lang='lat' dir='ltr'>statueritis,</span> <span class='ocrx_word' id='word_1_304' title='bbox 405 1972 523 2012; x_wconf 86' lang='lat' dir='ltr'>nulla</span> <span class='ocrx_word' id='word_1_305' title='bbox 545 1973 636 2026; x_wconf 88' lang='lat' dir='ltr'>ejus</span> <span class='ocrx_word' id='word_1_306' title='bbox 651 1971 910 2026; x_wconf 79' lang='lat' dir='ltr'>legationem</span> <span class='ocrx_word' id='word_1_307' title='bbox 927 1971 1189 2025; x_wconf 82' lang='lat' dir='ltr'>posteritatis</span> <span class='ocrx_word' id='word_1_308' title='bbox 1210 1970 1507 2012; x_wconf 73' lang='lat' dir='ltr'>inobscurabit</span> <span class='ocrx_word' id='word_1_309' title='bbox 1524 1970 1700 2011; x_wconf 90' lang='lat' dir='ltr'>oblivio.</span> 
     </span>
     <span class='ocr_line' id='line_1_34' title="bbox 142 2025 1773 2083; baseline 0 -15"><span class='ocrx_word' id='word_1_310' title='bbox 142 2027 254 2068; x_wconf 87' lang='lat' dir='ltr'>Nam</span> <span class='ocrx_word' id='word_1_311' title='bbox 275 2027 440 2083; x_wconf 86' lang='lat' dir='ltr'>reliqua</span> <span class='ocrx_word' id='word_1_312' title='bbox 460 2026 549 2068; x_wconf 82' lang='lat' dir='ltr'>Ser.</span> <span class='ocrx_word' id='word_1_313' title='bbox 569 2026 752 2081; x_wconf 86' lang='lat' dir='ltr'>Sulpicii</span> <span class='ocrx_word' id='word_1_314' title='bbox 773 2026 860 2066; x_wconf 85' lang='lat' dir='ltr'>vita</span> <span class='ocrx_word' id='word_1_315' title='bbox 881 2027 1024 2067; x_wconf 89' lang='lat' dir='ltr'>multis</span> <span class='ocrx_word' id='word_1_316' title='bbox 1046 2027 1127 2067; x_wconf 85' lang='lat' dir='ltr'>erit</span> <span class='ocrx_word' id='word_1_317' title='bbox 1147 2027 1445 2081; x_wconf 79' lang='lat' dir='ltr'>praeclarisque</span> <span class='ocrx_word' id='word_1_318' title='bbox 1466 2025 1700 2067; x_wconf 88' lang='lat' dir='ltr'>monimen-</span> <span class='ocrx_word' id='word_1_319' title='bbox 1717 2027 1773 2068; x_wconf 91' lang='lat'>75</span> 
     </span>
     <span class='ocr_line' id='line_1_35' title="bbox 139 2082 1698 2138; baseline 0 -15"><span class='ocrx_word' id='word_1_320' title='bbox 139 2083 196 2124; x_wconf 91' lang='lat' dir='ltr'>tis</span> <span class='ocrx_word' id='word_1_321' title='bbox 219 2083 272 2123; x_wconf 85' lang='lat' dir='ltr'>ad</span> <span class='ocrx_word' id='word_1_322' title='bbox 295 2097 464 2124; x_wconf 87' lang='lat' dir='ltr'>omnem</span> <span class='ocrx_word' id='word_1_323' title='bbox 486 2083 734 2124; x_wconf 86' lang='lat' dir='ltr'>memoriam</span> <span class='ocrx_word' id='word_1_324' title='bbox 757 2083 1076 2123; x_wconf 88' lang='lat' dir='ltr'>commendata:</span> <span class='ocrx_word' id='word_1_325' title='bbox 1109 2097 1275 2138; x_wconf 88' lang='lat' dir='ltr'>semper</span> <span class='ocrx_word' id='word_1_326' title='bbox 1296 2082 1408 2123; x_wconf 88' lang='lat' dir='ltr'>illius</span> <span class='ocrx_word' id='word_1_327' title='bbox 1430 2083 1698 2138; x_wconf 80' lang='lat' dir='ltr'>gravitatem,</span> 
     </span>
     <span class='ocr_line' id='line_1_36' title="bbox 141 2138 1700 2194; baseline 0 -14"><span class='ocrx_word' id='word_1_328' title='bbox 141 2140 443 2188; x_wconf 86' lang='lat' dir='ltr'>constantiam,</span> <span class='ocrx_word' id='word_1_329' title='bbox 459 2140 601 2189; x_wconf 83' lang='lat' dir='ltr'>fidem,</span> <span class='ocrx_word' id='word_1_330' title='bbox 621 2146 896 2194; x_wconf 76' lang='lat' dir='ltr'>praestantem</span> <span class='ocrx_word' id='word_1_331' title='bbox 917 2138 960 2178; x_wconf 88' lang='lat' dir='ltr'>in</span> <span class='ocrx_word' id='word_1_332' title='bbox 981 2138 1202 2194; x_wconf 69' lang='lat' dir='ltr'>republica</span> <span class='ocrx_word' id='word_1_333' title='bbox 1222 2139 1384 2179; x_wconf 67' lang='lat' dir='ltr'>tuenda</span> <span class='ocrx_word' id='word_1_334' title='bbox 1405 2153 1548 2179; x_wconf 87' lang='lat' dir='ltr'>curam</span> <span class='ocrx_word' id='word_1_335' title='bbox 1570 2146 1700 2193; x_wconf 90' lang='lat' dir='ltr'>atque</span> 
     </span>
     <span class='ocr_line' id='line_1_37' title="bbox 141 2193 1701 2251; baseline 0 -15"><span class='ocrx_word' id='word_1_336' title='bbox 141 2196 428 2251; x_wconf 88' lang='lat' dir='ltr'>prudentiam,</span> <span class='ocrx_word' id='word_1_337' title='bbox 455 2195 643 2237; x_wconf 90' lang='lat' dir='ltr'>omnium</span> <span class='ocrx_word' id='word_1_338' title='bbox 677 2194 919 2235; x_wconf 84' lang='lat' dir='ltr'>mortalium</span> <span class='ocrx_word' id='word_1_339' title='bbox 941 2195 1053 2235; x_wconf 83' lang='lat' dir='ltr'>fama</span> <span class='ocrx_word' id='word_1_340' title='bbox 1075 2195 1322 2236; x_wconf 71' lang='lat' dir='ltr'>celebrabit.</span> <span class='ocrx_word' id='word_1_341' title='bbox 1369 2195 1462 2236; x_wconf 86' lang='lat' dir='ltr'>Nec</span> <span class='ocrx_word' id='word_1_342' title='bbox 1482 2193 1581 2235; x_wconf 73' lang='lat' dir='ltr'>vero</span> <span class='ocrx_word' id='word_1_343' title='bbox 1603 2195 1701 2236; x_wconf 89' lang='lat' dir='ltr'>sile-</span> 
     </span>
     <span class='ocr_line' id='line_1_38' title="bbox 140 2250 1699 2307; baseline -0.001 -14"><span class='ocrx_word' id='word_1_344' title='bbox 140 2253 255 2294; x_wconf 90' lang='lat' dir='ltr'>bitur</span> <span class='ocrx_word' id='word_1_345' title='bbox 275 2252 538 2293; x_wconf 80' lang='lat' dir='ltr'>admirabilis</span> <span class='ocrx_word' id='word_1_346' title='bbox 561 2252 754 2307; x_wconf 87' lang='lat' dir='ltr'>quaedam</span> <span class='ocrx_word' id='word_1_347' title='bbox 778 2259 821 2291; x_wconf 89' lang='lat' dir='ltr'>et</span> <span class='ocrx_word' id='word_1_348' title='bbox 842 2251 1103 2292; x_wconf 86' lang='lat' dir='ltr'>incredibilis</span> <span class='ocrx_word' id='word_1_349' title='bbox 1126 2266 1175 2292; x_wconf 89' lang='lat' dir='ltr'>ac</span> <span class='ocrx_word' id='word_1_350' title='bbox 1198 2250 1316 2307; x_wconf 69' lang='lat' dir='ltr'>paene</span> <span class='ocrx_word' id='word_1_351' title='bbox 1348 2251 1492 2292; x_wconf 88' lang='lat' dir='ltr'>divina</span> <span class='ocrx_word' id='word_1_352' title='bbox 1515 2252 1620 2307; x_wconf 80' lang='lat' dir='ltr'>ejuS,</span> <span class='ocrx_word' id='word_1_353' title='bbox 1656 2251 1699 2293; x_wconf 90' lang='lat' dir='ltr'>in</span> 
     </span>
     <span class='ocr_line' id='line_1_39' title="bbox 141 2307 1773 2364; baseline 0.001 -14"><span class='ocrx_word' id='word_1_354' title='bbox 141 2309 311 2364; x_wconf 84' lang='lat' dir='ltr'>legibus</span> <span class='ocrx_word' id='word_1_355' title='bbox 333 2308 674 2364; x_wconf 87' lang='lat' dir='ltr'>interpretandis,</span> <span class='ocrx_word' id='word_1_356' title='bbox 696 2308 894 2363; x_wconf 79' lang='lat' dir='ltr'>aequitate</span> <span class='ocrx_word' id='word_1_357' title='bbox 918 2308 1185 2363; x_wconf 70' lang='lat' dir='ltr'>explicanda,</span> <span class='ocrx_word' id='word_1_358' title='bbox 1207 2308 1401 2349; x_wconf 85' lang='lat' dir='ltr'>scientia.</span> <span class='ocrx_word' id='word_1_359' title='bbox 1463 2307 1625 2349; x_wconf 85' lang='lat' dir='ltr'>Omnes</span> <span class='ocrx_word' id='word_1_360' title='bbox 1646 2322 1699 2349; x_wconf 86' lang='lat' dir='ltr'>ex</span> <span class='ocrx_word' id='word_1_361' title='bbox 1719 2311 1773 2352; x_wconf 92' lang='lat'>80</span> 
     </span>
     <span class='ocr_line' id='line_1_40' title="bbox 142 2363 1700 2421; baseline -0.002 -14"><span class='ocrx_word' id='word_1_362' title='bbox 142 2364 257 2407; x_wconf 89' lang='lat' dir='ltr'>omni</span> <span class='ocrx_word' id='word_1_363' title='bbox 289 2374 428 2415; x_wconf 66' lang='lat' dir='ltr'>aetate,</span> <span class='ocrx_word' id='word_1_364' title='bbox 452 2366 521 2420; x_wconf 89' lang='lat' dir='ltr'>qui</span> <span class='ocrx_word' id='word_1_365' title='bbox 544 2364 587 2404; x_wconf 90' lang='lat' dir='ltr'>in</span> <span class='ocrx_word' id='word_1_366' title='bbox 609 2365 690 2404; x_wconf 90' lang='lat' dir='ltr'>hac</span> <span class='ocrx_word' id='word_1_367' title='bbox 710 2363 881 2405; x_wconf 87' lang='lat' dir='ltr'>civitate</span> <span class='ocrx_word' id='word_1_368' title='bbox 903 2364 1228 2421; x_wconf 83' lang='lat' dir='ltr'>intelligentiam</span> <span class='ocrx_word' id='word_1_369' title='bbox 1254 2365 1361 2420; x_wconf 89' lang='lat' dir='ltr'>juris</span> <span class='ocrx_word' id='word_1_370' title='bbox 1391 2365 1642 2412; x_wconf 86' lang='lat' dir='ltr'>habuerunt,</span> <span class='ocrx_word' id='word_1_371' title='bbox 1664 2365 1700 2404; x_wconf 90' lang='lat' dir='ltr'>si</span> 
     </span>
     <span class='ocr_line' id='line_1_41' title="bbox 141 2420 1700 2476; baseline -0.001 -14"><span class='ocrx_word' id='word_1_372' title='bbox 141 2435 274 2462; x_wconf 88' lang='lat' dir='ltr'>unum</span> <span class='ocrx_word' id='word_1_373' title='bbox 303 2421 346 2462; x_wconf 92' lang='lat' dir='ltr'>in</span> <span class='ocrx_word' id='word_1_374' title='bbox 378 2422 521 2462; x_wconf 90' lang='lat' dir='ltr'>locum</span> <span class='ocrx_word' id='word_1_375' title='bbox 542 2421 827 2472; x_wconf 81' lang='lat' dir='ltr'>conferantur,</span> <span class='ocrx_word' id='word_1_376' title='bbox 859 2435 957 2461; x_wconf 89' lang='lat' dir='ltr'>cum</span> <span class='ocrx_word' id='word_1_377' title='bbox 979 2420 1069 2461; x_wconf 82' lang='lat' dir='ltr'>Ser.</span> <span class='ocrx_word' id='word_1_378' title='bbox 1092 2420 1283 2476; x_wconf 85' lang='lat' dir='ltr'>Sulpicio</span> <span class='ocrx_word' id='word_1_379' title='bbox 1305 2435 1390 2462; x_wconf 91' lang='lat' dir='ltr'>non</span> <span class='ocrx_word' id='word_1_380' title='bbox 1410 2429 1509 2462; x_wconf 88' lang='lat' dir='ltr'>sunt</span> <span class='ocrx_word' id='word_1_381' title='bbox 1529 2435 1700 2476; x_wconf 85' lang='lat' dir='ltr'>compa-</span> 
     </span>
     <span class='ocr_line' id='line_1_42' title="bbox 141 2476 1698 2534; baseline -0.001 -15"><span class='ocrx_word' id='word_1_382' title='bbox 141 2477 276 2520; x_wconf 66' lang='lat' dir='ltr'>randi.&#39;</span> <span class='ocrx_word' id='word_1_383' title='bbox 322 2478 476 2534; x_wconf 90' lang='lat' dir='ltr'>Neque</span> <span class='ocrx_word' id='word_1_384' title='bbox 495 2477 609 2519; x_wconf 87' lang='lat' dir='ltr'>enim</span> <span class='ocrx_word' id='word_1_385' title='bbox 628 2477 698 2518; x_wconf 88' lang='lat' dir='ltr'>ille</span> <span class='ocrx_word' id='word_1_386' title='bbox 720 2478 854 2533; x_wconf 83' lang='lat' dir='ltr'>magis</span> <span class='ocrx_word' id='word_1_387' title='bbox 868 2477 979 2533; x_wconf 85' lang='lat' dir='ltr'>juris</span> <span class='ocrx_word' id='word_1_388' title='bbox 1000 2478 1237 2529; x_wconf 61' lang='lat' dir='ltr'>consulum,</span> <span class='ocrx_word' id='word_1_389' title='bbox 1255 2476 1386 2534; x_wconf 67' lang='lat' dir='ltr'>quam</span> <span class='ocrx_word' id='word_1_390' title='bbox 1400 2477 1583 2533; x_wconf 82' lang='lat' dir='ltr'>justitiae</span> <span class='ocrx_word' id='word_1_391' title='bbox 1601 2477 1698 2518; x_wconf 86' lang='lat' dir='ltr'>fuit:</span> 
     </span>
    </p>
   </div>
   <div class='ocr_carea' id='block_1_3' title="bbox 254 2590 1589 2645">
    <p class='ocr_par' dir='ltr' id='par_1_3' title="bbox 254 2590 1589 2645">
     <span class='ocr_line' id='line_1_43' title="bbox 254 2590 1589 2645; baseline -0.001 -13"><span class='ocrx_word' id='word_1_392' title='bbox 254 2590 470 2645; x_wconf 55' lang='lat' dir='ltr'>bcofgistis</span> <span class='ocrx_word' id='word_1_393' title='bbox 489 2597 660 2633; x_wconf 79' lang='lat' dir='ltr'>mutare</span> <span class='ocrx_word' id='word_1_394' title='bbox 678 2594 947 2633; x_wconf 77' lang='lat' dir='ltr'>sententiam.</span> <span class='ocrx_word' id='word_1_395' title='bbox 1048 2594 1289 2634; x_wconf 61' lang='grc' dir='ltr'>ε,(ςεῑυοεαπήί.</span> <span class='ocrx_word' id='word_1_396' title='bbox 1405 2590 1589 2633; x_wconf 71' lang='lat' dir='ltr'>dmm-tis.</span> 
     </span>
    </p>
   </div>
   <div class='ocr_carea' id='block_1_4' title="bbox 147 2737 1704 2826">
    <p class='ocr_par' dir='ltr' id='par_1_4' title="bbox 147 2737 1704 2826">
     <span class='ocr_line' id='line_1_44' title="bbox 188 2737 1704 2781; baseline 0.003 -11"><span class='ocrx_word' id='word_1_397' title='bbox 188 2741 241 2770; x_wconf 88' lang='grc'>83.</span> <span class='ocrx_word' id='word_1_398' title='bbox 266 2737 364 2780; x_wconf 66' lang='lat' dir='ltr'>Magis</span> <span class='ocrx_word' id='word_1_399' title='bbox 374 2740 459 2778; x_wconf 77' lang='lat' dir='ltr'>juris</span> <span class='ocrx_word' id='word_1_400' title='bbox 478 2741 635 2775; x_wconf 82' lang='lat' dir='ltr'>consultus,</span> <span class='ocrx_word' id='word_1_401' title='bbox 648 2739 734 2781; x_wconf 58' lang='lat' dir='ltr'>quam</span> <span class='ocrx_word' id='word_1_402' title='bbox 748 2739 902 2780; x_wconf 54' lang='lat' dir='ltr'>justitia]</span> <span class='ocrx_word' id='word_1_403' title='bbox 946 2748 1017 2780; x_wconf 82' lang='lat' dir='ltr'>quae</span> <span class='ocrx_word' id='word_1_404' title='bbox 1040 2744 1183 2771; x_wconf 86' lang='lat' dir='ltr'>constans</span> <span class='ocrx_word' id='word_1_405' title='bbox 1196 2744 1230 2770; x_wconf 83' lang='lat' dir='ltr'>et</span> <span class='ocrx_word' id='word_1_406' title='bbox 1244 2743 1396 2780; x_wconf 71' lang='lat' dir='ltr'>perpetua</span> <span class='ocrx_word' id='word_1_407' title='bbox 1409 2737 1551 2774; x_wconf 74' lang='lat' dir='ltr'>voluutas</span> <span class='ocrx_word' id='word_1_408' title='bbox 1569 2742 1617 2772; x_wconf 69' lang='lat' dir='ltr'>cst</span> <span class='ocrx_word' id='word_1_409' title='bbox 1638 2738 1704 2774; x_wconf 68' lang='lat' dir='ltr'>cui·</span> 
     </span>
     <span class='ocr_line' id='line_1_45' title="bbox 147 2781 1362 2826; baseline -0.001 -9"><span class='ocrx_word' id='word_1_410' title='bbox 147 2783 166 2817; x_wconf 89' lang='lat' dir='ltr'><strong>J</strong></span> <span class='ocrx_word' id='word_1_411' title='bbox 171 2793 204 2817; x_wconf 82' lang='lat' dir='ltr'>us</span> <span class='ocrx_word' id='word_1_412' title='bbox 216 2781 337 2826; x_wconf 77' lang='lat' dir='ltr'>legibus</span> <span class='ocrx_word' id='word_1_413' title='bbox 347 2782 738 2826; x_wconf 59' lang='lat' dir='ltr'>continetunjustimvex&amp;</span> <span class='ocrx_word' id='word_1_414' title='bbox 746 2782 904 2826; x_wconf 74' lang='lat' dir='ltr'>aequitate,</span> <span class='ocrx_word' id='word_1_415' title='bbox 948 2791 1010 2825; x_wconf 84' lang='lat' dir='ltr'>que</span> <span class='ocrx_word' id='word_1_416' title='bbox 1025 2781 1077 2826; x_wconf 81' lang='lat' dir='ltr'>jus</span> <span class='ocrx_word' id='word_1_417' title='bbox 1091 2793 1180 2817; x_wconf 80' lang='lat' dir='ltr'>suum</span> <span class='ocrx_word' id='word_1_418' title='bbox 1195 2781 1362 2817; x_wconf 75' lang='lat' dir='ltr'>tribuendi.</span> 
     </span>
    </p>
   </div>
   <div class='ocr_carea' id='block_1_5' title="bbox 1170 2824 1251 2868">
    <p class='ocr_par' dir='ltr' id='par_1_5' title="bbox 1170 2824 1251 2868">
     <span class='ocr_line' id='line_1_46' title="bbox 1170 2824 1251 2868; baseline 0.025 -2"><span class='ocrx_word' id='word_1_419' title='bbox 1170 2824 1251 2868; x_wconf 69' lang='lat' dir='ltr'>2ss</span> 
     </span>
    </p>
   </div>
  </div>
 </body>
</html>
