1759 2997
96 118 181 161 490
697 116 761 148 DE
783 117 1054 151 SENECTUTE.

158 194 309 237 XXII.
331 194 460 249 Apud
481 192 815 250 Xenophontem
841 201 999 247 autem,
1020 194 1205 237 moriens
1229 195 1368 252 Cyrus
1398 196 1532 252 major
1558 196 1653 240 haec

102 253 232 296 dicit:
294 256 322 278 “
344 250 491 291 Nolite
537 251 746 303 arbitrari,
794 268 820 294 0
869 253 973 294 mihi
1023 252 1230 294 carissimi
1280 253 1383 295 filii!
1425 267 1508 304 me,
1559 253 1656 294 cnm

102 309 130 351 ὲ
168 309 289 350 vobis
330 307 584 359 discessero,
633 323 846 363 nusquam
894 315 968 351 aut
1015 309 1181 350 nullum
1222 310 1326 350 fore.
1388 309 1483 350 Nec
1532 309 1658 359 enim,

100 367 204 408 dum
225 378 338 405 eram
357 365 596 416 vobiscum,
619 365 805 406 animum
824 380 967 406 meum
987 366 1220 407 videbatis:
1254 367 1331 407 sed
1363 380 1461 407 eum
1491 380 1585 407 esse
1616 365 1660 407 in

102 423 188 463 hoc
211 434 403 476 corpore,
423 434 475 461 ex
505 421 556 462 iis
587 422 712 462 rebus
733 437 839 478 quas
863 423 1078 478 gerebam,
1099 423 1432 477 intelligebatis:
1464 422 1661 463 eumdem

101 477 235 532 igitur
251 492 344 518 esse
361 477 584 529 creditote,
599 479 728 519 etiam
745 479 781 519 si
797 480 961 520 nullum
976 479 1192 520 videbitis.
1224 480 1318 520 Nec
1337 478 1433 520 vero
1453 479 1662 519 clarorum

98 535 286 576 virorum
305 541 406 589 post
425 542 605 575 mortem
623 535 806 576 honores
835 543 1144 590 permanerent,
1166 536 1201 576 si
1230 536 1339 576 nihil
1368 549 1515 576 eorum
1545 535 1660 589 ipso-

96 605 191 632 rum
211 590 343 632 animi
364 590 594 642 efficerent,
611 606 696 648 quo
714 591 874 632 diutius
896 593 1144 634 memoriam
1166 592 1233 633 sui
1254 599 1511 633 teneremus.
1544 591 1657 632 Mihi

98 647 274 703 quidem
303 661 520 703 nunquam
550 649 794 704 persuaderi
825 650 981 704 potuit,
1007 650 1187 700 animos,
1209 650 1310 690 dum
1341 649 1385 689 in
1411 648 1660 703 corporibus

105 711 258 745 essent
287 704 555 756 mortalibus,
576 705 742 755 vivere,
763 704 861 746 cum
881 707 1070 747 exissent
1100 721 1151 747 ex
1181 706 1250 757 iis,
1273 705 1431 756 emori3
1461 719 1543 746 nec
1562 703 1664 746 veri>

107 768 201 801 tum
217 760 408 801 animum
425 775 519 801 esse
534 760 822 816 insipientem,
837 761 933 802 cum
946 777 998 803 ex
1013 763 1229 818 insipienti
1243 776 1420 818 corpore
1434 761 1662 811 evasisset3

111 816 202 867 sed,
218 816 330 867 cum,
347 817 462 857 omni
481 817 744 859 admixtione
759 818 947 874 corporis
962 819 1182 870 liberatus,
1194 834 1322 875 purus
1336 827 1378 859 et
1393 818 1559 874 integer
1572 831 1667 859 esse

110 872 329 927 coepisset,
352 879 442 913 tum
461 887 555 913 esse
577 874 828 928 sapientem.
860 876 1004 930 Atque
1027 877 1173 925 etiam,
1193 875 1292 916 cum
1312 874 1497 916 hominis
1518 881 1670 915 natura

107 939 245 969 morte
267 928 528 979 dissolvitur,
551 936 800 970 caeterarum
830 944 971 971 rerum
1002 932 1273 986 perspicuum
1294 938 1360 972 est
1380 930 1466 987 quo
1487 946 1669 987 quaeque

111 985 362 1026 discedant:
394 985 554 1026 abeunt
574 985 688 1026 enim
705 986 807 1027 illuc
829 986 984 1037 omnia,
1009 988 1121 1027 unde
1144 995 1235 1028 orta
1251 994 1377 1038 sunt3
1409 987 1574 1028 animus
1596 1002 1668 1028 au-

110 1048 198 1082 tem
219 1041 350 1092 solus,
371 1056 451 1082 nec
471 1041 568 1082 cum
599 1043 735 1094 adest,
756 1057 836 1084 nec
856 1044 955 1084 cum
975 1043 1175 1093 discedit,
1199 1050 1385 1100 apparet.
1452 1042 1546 1084 Jam
1568 1043 1668 1084 vero

109 1098 283 1149 videtis,
301 1098 409 1138 nihil
429 1113 523 1139 esse
545 1098 670 1139 morti
691 1107 779 1140 tam
809 1099 963 1150 simile,
984 1099 1115 1156 quam
1146 1114 1355 1141 somnum.
1419 1100 1555 1155 Atqui
1575 1100 1669 1141 dor-

110 1155 336 1196 mientium
350 1155 478 1196 animi
497 1154 681 1197 maxime
695 1156 914 1197 declarant
927 1157 1195 1198 divinitatem
1210 1171 1331 1198 suam
1352 1173 1360 1198 :
1393 1157 1528 1197 multa
1541 1157 1669 1208 enim,

109 1212 209 1252 cum
229 1211 393 1253 remissi
411 1218 454 1252 et
473 1211 597 1252 liberi
619 1220 733 1263 sunt,
753 1212 896 1253 futura
916 1213 1206 1269 prospiciunt:
1231 1228 1283 1254 ex
1298 1228 1383 1268 quo
1401 1213 1669 1269 intelligitur,

112 1269 260 1324 quales
292 1267 421 1309 futuri
453 1267 551 1319 sint,
573 1268 670 1309 cum
702 1284 747 1309 se
778 1269 905 1325 plane
936 1270 1124 1326 corporis
1155 1271 1340 1311 vinculis
1371 1269 1665 1311 relaxaverint.

112 1323 271 1375 Quare,
294 1324 330 1365 si
350 1324 444 1364 haec
466 1324 528 1365 ita
548 1332 661 1375 sunt,
685 1325 747 1367 sic
768 1341 834 1366 me
857 1326 1033 1368 colitote
1055 1334 1102 1368 ut
1123 1327 1274 1368 deum:
1307 1326 1375 1368 sin
1394 1325 1479 1367 una
1509 1333 1576 1367 est
1605 1327 1670 1366 in-

110 1381 314 1422 teriturus
335 1380 501 1422 animus
519 1396 617 1422 cum
638 1397 828 1438 corpore,
846 1397 921 1424 vos
943 1389 1102 1434 tamen,
1120 1384 1224 1425 deos
1246 1390 1455 1434 verentes,
1469 1383 1544 1438 qui
1560 1383 1673 1424 hanc

116 1451 287 1478 omnem
308 1437 669 1493 pulchritudinem
701 1446 874 1480 tuentur
905 1446 948 1480 et
977 1447 1144 1495 regunt,
1164 1439 1414 1481 memoriam
1440 1439 1575 1480 nostri
1602 1438 1672 1496 pie

108 1493 402 1549 inviolateque
421 1494 688 1535 servabitis.''
748 1495 884 1551 Cyrus
906 1496 1078 1551 quidem
1100 1497 1193 1537 haec
1213 1497 1412 1538 moriens.

169 1550 344 1592 XXIII.
375 1550 483 1602 Nos,
505 1551 541 1591 si
561 1551 717 1607 placet,
734 1558 881 1593 nostra
896 1553 1127 1593 videamus.
1177 1553 1315 1594 Nemo
1333 1567 1523 1608 unquam
1541 1552 1664 1604 mihi,

110 1606 273 1662 Scipio,
304 1607 592 1662 persuadebit,
623 1615 696 1649 aut
725 1615 888 1664 patrem
918 1615 1038 1650 tuum
1070 1609 1266 1660 Paulum,
1299 1616 1374 1650 aut
1403 1611 1512 1650 duos
1544 1623 1662 1658 aVOS,

109 1663 291 1704 Paulum
322 1670 365 1704 et
403 1663 669 1715 Africanum,
699 1672 774 1705 aut
811 1665 1003 1706 Africani
1038 1673 1201 1721 patrem
1238 1673 1313 1707 aut
1346 1672 1559 1722 patruum,
1591 1672 1666 1706 aut

109 1720 269 1760 multos
282 1725 532 1775 praestantes
545 1721 789 1776 viros,quos
804 1736 1047 1763 enumerare
1061 1730 1221 1763 nonest
1236 1737 1429 1774 necesse,
1438 1729 1556 1762 tanta
1570 1736 1664 1763 esse

109 1783 306 1826 conatos,
337 1791 428 1831 quae
458 1777 513 1816 ad
544 1777 807 1832 posteritatis
838 1779 1085 1819 memoriam
1111 1779 1384 1834 pertinerent,
1408 1778 1492 1818 nisi
1522 1778 1664 1819 animo

109 1843 332 1873 cernerent
361 1832 653 1888 posteritatem
686 1833 740 1873 ad
772 1848 817 1873 se
848 1834 1073 1889 pertinere.
1134 1835 1204 1875 An
1225 1849 1390 1882 censes,
1416 1835 1481 1886 (ut
1510 1834 1563 1876 de
1594 1849 1662 1875 me

108 1888 204 1944 ipso
226 1888 402 1944 aliquid,
425 1903 540 1930 more
563 1904 726 1938 senum,
746 1890 921 1945 glorier)
943 1905 1007 1931 me
1025 1896 1167 1931 tantos
1185 1892 1352 1931 labores
1370 1890 1545 1931 diurnos
1565 1904 1668 1932 noc-

107 1951 344 2000 turnosque
366 1945 481 1985 domi
503 1945 749 2001 militiaeque
781 1953 1078 2002 suscepturum
1099 1947 1245 1997 fuisse,
1268 1946 1305 1987 si
1334 1947 1489 1987 iisdem
1509 1946 1666 1988 finibus

107 2000 290 2056 gloriam
338 2015 491 2052 meam,
533 2001 690 2057 quibus
736 2001 880 2051 vitam,
930 2017 1070 2044 essem
1118 2003 1449 2045 terminaturus?
1509 2003 1666 2044 Nonne

105 2057 260 2098 melius
299 2058 433 2099 multo
472 2057 640 2109 fuisset,
681 2058 863 2099 otiosam
912 2066 1081 2101 aetatem
1122 2067 1165 2101 et
1202 2060 1393 2116 quietam
1442 2059 1535 2101 sine
1574 2061 1663 2101 ullo

103 2112 249 2155 labore
270 2120 313 2155 et
333 2114 607 2156 contentione
626 2114 878 2156 traducere?
938 2116 1038 2168 Sed,
1060 2116 1204 2158 nescio
1226 2116 1458 2173 quomodo,
1480 2115 1662 2166 animus,

104 2169 274 2226 erigens
310 2185 370 2222 se,
392 2171 689 2226 posteritatem
729 2186 895 2227 semper
943 2172 1005 2214 ita
1043 2173 1346 2229 prospiciebat,
1387 2172 1524 2229 quasi,
1563 2172 1661 2214 cum

105 2227 364 2268 excessisset
389 2226 413 2268 ὲ
434 2227 538 2280 vita,
568 2234 659 2268 tum
691 2228 875 2284 denique
896 2228 1084 2270 victurus
1116 2239 1244 2281 esset,
1267 2230 1384 2285 quod
1414 2229 1588 2286 quidem
1617 2229 1661 2269 ni

104 2282 167 2323 ita
197 2298 242 2324 se
269 2283 459 2335 haberet,
479 2291 528 2325 ut
558 2284 688 2325 animi
717 2285 978 2327 immortales
1007 2293 1164 2335 essent,
1192 2287 1305 2328 haud
1339 2285 1489 2342 optimi
1519 2285 1661 2341 cujus-2

108 2353 192 2394 que
214 2339 378 2380 animus
399 2340 582 2382 maxime
603 2342 658 2382 ad
687 2341 1018 2383 immortalitatis
1039 2343 1220 2398 gloriam
1249 2343 1464 2384 niteretur.
1527 2341 1657 2389 Quid,

105 2394 223 2450 quod
255 2396 592 2451 sapientissimus
621 2397 803 2454 quisque
838 2399 1080 2454 aequissimo
1108 2400 1248 2441 animo
1279 2399 1471 2449 moritur,
1499 2397 1660 2439 stultis-

105 2451 240 2493 simus
280 2452 580 2508 iniquissimo?
641 2453 794 2495 Nonne
821 2455 944 2496 vobis
973 2455 1142 2497 videtur
1175 2456 1340 2497 animus
1375 2455 1428 2506 is,
1458 2454 1530 2511 qui
1561 2455 1657 2510 plus

106 2515 254 2550 cernat
283 2515 327 2549 et
355 2509 540 2564 longius,
562 2510 705 2552 videre
736 2525 780 2551 se
812 2511 866 2552 ad
905 2512 1083 2553 meliora
1117 2511 1356 2568 proficisci3
1396 2511 1468 2551 ille
1498 2519 1656 2562 autem,

107 2564 178 2605 cui
218 2564 411 2606 obtusior
449 2566 506 2607 sit
544 2566 673 2619 acies,
712 2581 797 2608 non
835 2567 1009 2609 videre?
1076 2569 1291 2625 Equidem
1326 2566 1478 2608 efferor
1510 2567 1655 2608 studio

104 2627 247 2676 patres
267 2628 447 2674 vestros,
463 2637 571 2678 quos
592 2622 706 2665 colui
724 2631 766 2665 et
781 2624 927 2676 dilexi,
945 2624 1117 2666 videndi
1136 2642 1144 2666 :
1177 2639 1315 2681 neque
1333 2626 1429 2665 vero
1446 2638 1520 2665 eos
1537 2624 1654 2665 solos

105 2678 331 2721 convenire
352 2693 472 2732 ave0,
490 2693 597 2736 quos
619 2679 710 2736 ipse
729 2681 939 2737 cognovi;
970 2681 1046 2724 sed
1065 2681 1160 2726 illos
1180 2681 1323 2733 etiarn,
1341 2681 1393 2724 de
1410 2680 1567 2738 quibus
1583 2695 1656 2722 au-
