1759 2997
62 117 148 165 ‚504
698 114 760 147 DE
779 114 1005 148 Amicum.

61 194 229 244 utilitas
250 198 371 251 parta
389 204 464 248 per
482 190 680 240 amicum,
700 190 832 247 quam
853 191 981 232 amici
1003 203 1121 231 amor
1142 189 1250 246 ipse,
1271 189 1486 242 delectat3
1514 196 1627 236 tum.-

63 266 148 308 que
179 251 287 293 illud
321 251 383 300 fit,
417 248 536 345 quod
568 248 621 289 ab
653 248 793 289 amico
826 255 892 289 est
921 246 1172 303 profectum,
1193 247 1449 303 jucundum,
1470 245 1628 293 sicum

62 308 209 352 studio
242 313 308 349 est
340 319 415 362 pro
438 311 601 356 ectum;
633 311 885 360 tantumque
917 304 1053 355 abest,
1085 310 1133 344 ut
1153 303 1353 345 amicitiae
1374 311 1546 360 propter
1566 305 1629 346 in-

63 364 300 421 digentiam
335 362 542 411 colantur,
575 367 623 402 ut
655 361 701 411 ii,
732 361 806 417 qui
831 361 984 417 opibus
1007 368 1050 402 et
1070 360 1224 416 copiis,
1255 359 1524 417 maximeque
1545 362 1629 403 vir-

62 427 155 463 tute
177 418 343 476 praediti
377 419 440 473 (in
471 417 557 473 qua
582 417 810 473 plurimum
831 424 898 458 est
931 417 1155 472 praesidii),
1177 415 1351 459 minime
1372 417 1545 459 alterius
1566 417 1628 459 in-

62 476 254 533 digeant,
284 474 569 517 liberalissimi
591 475 677 515 sint
697 481 740 515 et
757 472 1154 514 beneficentissimi.
1213 474 1354 530 Atque
1384 473 1499 515 haud
1520 474 1628 526 scio,

62 547 118 576 an
156 548 210 574 ne
249 547 358 589 opus
396 532 453 573 sit
486 530 674 587 quidem,
712 529 817 570 nihil
854 544 1041 585 unquam
1077 529 1251 571 omnino
1281 531 1432 571 deesse
1462 530 1628 584 amicis,

61 589 151 636 ,Ubi
170 589 284 632 enim
301 588 443 631 studia
463 595 609 629 nostra
623 586 876 643 viguissent,
899 586 935 626 si
955 600 1176 642 nunquam
1194 586 1390 638 consilio,
1409 601 1629 643 nunquam

61 647 195 702 opera
214 646 377 697 nostr-21,
401 659 482 686 nec
502 644 619 686 domi
640 658 722 685 nec
738 642 917 695 militiae,
941 642 1088 699 Scipio
1110 643 1328 699 eguisset?
1378 643 1479 685 Non
1498 643 1629 700 igitur

60 703 290 748 utilitatem
312 702 516 752 amicitia,
539 701 616 742 sed
638 700 799 741 utilitas
820 699 1070 751 amicitiam,
1094 707 1329 741 consecuta
1349 707 1429 742 est.

119 759 220 801 XV.
251 760 350 801 Non
370 773 472 814 ergo
494 764 619 799 erunt
637 757 832 797 homines
860 756 1027 797 deliciis
1061 757 1307 798 diffluentes
1341 756 1560 807 audiendi,
1591 758 1628 799 si

60 817 237 873 quando
260 816 313 856 de
335 813 540 865 amicitia,
562 828 692 869 quam
724 828 804 854 nec
824 827 906 853 usu
926 827 1006 853 nec
1027 812 1191 855 ratione
1214 813 1374 855 habent
1393 814 1625 870 cognitam,

60 872 357 929 disputabunt.
418 870 530 910 Nam
564 869 660 924 quis
692 869 763 919 sit,
794 873 887 924 (pro
920 869 1048 909 deum
1068 870 1198 910 fidem
1216 877 1345 926 atque
1364 866 1630 924 hominuml)

59 929 134 986 qui
154 928 268 979 velit,
300 934 349 969 ut
369 941 505 982 neque
528 925 681 981 diligat
700 939 973 981 quemquam,
1004 940 1086 966 nec
1106 926 1198 981 ipse
1220 927 1273 967 ab
1295 927 1384 967 ullo
1407 927 1624 984 diligatur,

57 985 353 1028 circumfluere
374 983 573 1024 omnibus
602 981 757 1037 copiis,
786 987 914 1036 atque
944 981 988 1021 in
1019 982 1208 1022 omnium
1238 997 1375 1023 rerum
1405 983 1627 1025 abundan-

57 1043 123 1088 tia
157 1042 295 1084 vivere
308 1041 324 1081 ’.Ρ
384 1039 492 1081 Haec
523 1039 635 1081 enim
667 1044 732 1079 est
762 1044 1038 1093 tyrannorum
1069 1037 1181 1088 vita3
1228 1038 1272 1079 in
1307 1037 1394 1095 qua⁴
1427 1038 1627 1082 nimirum

57 1100 175 1145 nulla
209 1099 332 1150 fides,
363 1097 481 1138 nulla
512 1095 683 1144 caritas,
714 1096 831 1135 nulla
851 1094 1018 1135 stabilis
1036 1095 1346 1137 benevolentiae
1367 1101 1512 1152 potest
1532 1111 1626 1138 esse

56 1156 242 1207 fiducia3
274 1154 419 1197 omnia
439 1167 606 1209 semper
623 1158 825 1207 suspecta
842 1158 971 1207 atque
989 1151 1176 1192 sollicita
1191 1168 1202 1202 ς
1223 1152 1366 1193 nullus
1383 1153 1506 1194 locus
1522 1154 1627 1194 ami-

57 1213 187 1264 citiae.
247 1211 356 1260 Quis
377 1210 491 1252 enim
511 1217 585 1251 aut
605 1224 702 1250 eum
723 1208 889 1264 diligat,
914 1222 1043 1264 quem
1061 1209 1237 1259 metuit3
1268 1216 1342 1250 aut
1361 1224 1471 1261 eum,
1494 1209 1520 1250 a
1540 1204 1625 1266 quo

58 1284 104 1320 se
135 1269 270 1312 metui
302 1268 453 1324 putat?
515 1266 727 1307 Coluntur
746 1272 889 1306 tamen
920 1264 1192 1307 simulatione
1213 1266 1424 1307 duntaxat
1444 1266 1498 1308 ad
1520 1273 1625 1308 tem-

54 1342 153 1384 pus.
214 1324 342 1374 Quod
364 1324 401 1366 si
423 1323 534 1365 forte
556 1327 622 1375 (ut
648 1323 698 1363 fit
718 1322 984 1378 plerumque)
1005 1322 1265 1374 ceciderint3
1297 1329 1389 1364 tum
1421 1322 1626 1380 intelligi-

53 1392 138 1436 tur,
168 1382 300 1440 quam
335 1380 493 1423 fuerint
527 1379 677 1435 inopes
710 1379 966 1420 amicorum:
999 1379 1116 1435 quod
1151 1378 1427 1436 Tarquinium
1463 1379 1624 1422 dixisse

54 1440 211 1492 ferunt,
254 1439 522 1480 exsulantem
564 1451 609 1477 se
649 1435 930 1487 intellexisse,
973 1450 1081 1490 quos
1116 1436 1227 1477 fidos
1259 1436 1422 1477 amicos
1453 1436 1626 1478 habuis-

54 1504 134 1547 set,
169 1511 276 1553 quos
297 1495 467 1544 infidos,
490 1492 586 1534 cum
601 1494 693 1548 jam
716 1492 877 1533 neutris
900 1492 1080 1548 gratiam
1100 1492 1254 1533 referre
1274 1500 1445 1549 posset:
1478 1508 1624 1549 quam-

53 1553 185 1611 quam
203 1552 347 1603 miror,
368 1551 444 1592 illa
466 1549 668 1606 superbia
688 1556 732 1590 et
751 1548 1087 1605 importunitate,
1120 1549 1156 1590 si
1188 1564 1447 1606 quemquam
1466 1549 1624 1591 habere

52 1611 208 1669 potuit.
268 1610 412 1665 Atque
445 1614 493 1649 ut
522 1607 663 1663 hujus,
694 1621 822 1662 quem
844 1605 948 1657 dixi,
980 1620 1118 1647 mores
1140 1620 1261 1647 veros
1283 1607 1446 1648 amicos
1476 1621 1623 1663 parare

52 1682 141 1710 non
161 1668 367 1723 potuere:
400 1664 462 1706 sic
494 1664 724 1705 multorum
753 1677 856 1718 opes
878 1662 1207 1718 praepotentium
1228 1663 1460 1704 excludunt
1480 1663 1626 1704 amici-

52 1725 135 1769 tias
151 1723 313 1764 fideles.
346 1721 446 1762 Non
467 1721 579 1761 euim
597 1719 734 1761 solum
749 1720 844 1775 ipsa
864 1718 1053 1760 Fortuna
1070 1734 1186 1761 caeca
1199 1727 1283 1772 est;
1307 1720 1383 1761 sed
1401 1734 1474 1761 eos
1491 1719 1622 1763 etiam

51 1778 303 1838 plerumque
336 1776 469 1819 efficit
498 1791 653 1828 caecos,
684 1790 793 1831 quos
826 1776 1050 1830 complexa
1080 1783 1159 1817 est.
1219 1776 1370 1832 Itaque
1391 1775 1624 1819 efferuntur

50 1838 116 1879 illi
134 1835 222 1879 fere
244 1835 419 1876 fastidio
441 1840 485 1875 et
506 1831 800 1883 contumaci&
822 1846 961 1887 neque
978 1832 1215 1887 quidquam
1237 1832 1467 1888 insipiente
1490 1832 1622 1874 fortu-

50 1900 154 1938 nato
184 1890 493 1934 intolerabilius
523 1889 613 1930 fieri
644 1896 804 1944 potest.
864 1889 1008 1943 Atque
1031 1888 1115 1929 hoc
1136 1888 1311 1944 quidem
1331 1889 1474 1931 videre
1504 1890 1621 1937 licet,

52 1965 144 2002 eos,
186 1949 261 2005 qui
297 1946 426 1989 antea
457 1946 695 1987 commodis
727 1945 900 1985 fuerunt
929 1944 1132 1995 moribus,
1164 1944 1356 2000 imperio,
1387 1951 1620 1999 potestate,

49 2006 266 2064 prosperis
287 2005 428 2054 rebus,
451 2001 691 2053 immutari;
723 2000 950 2057 spernique
972 2001 1025 2042 ab
1047 2000 1099 2041 iis
1121 2008 1285 2042 veteres
1302 2001 1529 2052 amicitias,
1559 2002 1622 2043 in,

51 2062 218 2120 dulgeri
247 2061 385 2102 novis.
445 2059 561 2108 Quid
593 2065 736 2099 autem
767 2057 955 2108 stultius,
986 2072 1116 2113 quam
1144 2057 1260 2110 (cum
1290 2059 1519 2114 plurimum
1549 2073 1622 2101 co-

49 2120 148 2178 piis,
179 2117 469 2167 facultatibus,
502 2115 657 2171 opibus
688 2114 875 2171 possint)
914 2121 1069 2155 caetera
1098 2129 1260 2170 parare,
1292 2130 1388 2171 quae
1418 2123 1620 2172 parantur

50 2176 248 2234 pecunia,
280 2188 431 2230 equos,
463 2173 665 2224 famulos,
695 2178 859 2213 vestem
891 2171 1122 2227 egregiam,
1153 2186 1256 2213 vasa
1276 2172 1487 2228 pretiosa;
1519 2172 1621 2213 ami,

50 2248 126 2276 cos
157 2248 244 2274 non
276 2245 438 2287 parare,
471 2229 678 2285 optimam
710 2235 753 2269 et
783 2228 1112 2284 pulcherrimam
1142 2228 1242 2269 vitae
1272 2233 1341 2280 (ut
1368 2229 1430 2270 ita
1458 2229 1618 2280 dicam)

49 2287 392 2346 supellectilem?
451 2285 641 2337 Etenim,
662 2291 816 2326 caetera
836 2284 933 2326 cum
950 2291 1114 2341 parant,
1135 2285 1204 2326 cui
1221 2292 1386 2341 parent,
1403 2285 1616 2334 nesciunt,

47 2361 132 2389 nec
160 2346 283 2402 cujus
314 2343 443 2389 causa
480 2343 699 2384 laborent:
731 2343 823 2398 ejus
854 2341 967 2382 enim
999 2348 1065 2382 est
1094 2341 1274 2383 istorum
1303 2342 1509 2398 quidque,
1540 2341 1615 2397 qui

46 2402 181 2445 vincit
199 2401 380 2452 viribus;
412 2399 697 2441 amicitiarum
718 2413 794 2439 sua
815 2399 970 2454 cuique
1000 2405 1222 2454 permanet
1249 2399 1417 2440 stabilis
1438 2405 1482 2439 et
1500 2405 1616 2440 certa

45 2458 288 2517 possessi03
310 2464 370 2508 ut,
388 2457 516 2497 etiam
533 2456 569 2496 si
587 2456 659 2496 illa
674 2461 887 2506 maneant,
904 2470 1001 2510 quae
1018 2462 1118 2496 sunt
1132 2455 1256 2511 quasi
1273 2456 1387 2497 dona
1400 2454 1613 2507 Fortunae,

43 2525 191 2558 tamen
210 2515 312 2566 vita,
332 2514 496 2555 inculta
516 2519 560 2554 et
579 2513 749 2554 deserta
768 2512 822 2552 ab
846 2511 1010 2563 amicis,
1030 2526 1117 2553 non
1137 2512 1276 2568 possit
1293 2527 1386 2554 esse
1401 2512 1613 2568 jucunda.

46 2572 134 2615 Sed
157 2573 251 2615 haec
269 2571 494 2612 hactenus.

100 2629 226 2671 XVI.
257 2625 562 2669 Constituendi
583 2631 726 2667 autem
754 2631 868 2677 sunt,
898 2625 973 2681 qui
1004 2624 1090 2666 sint
1119 2626 1163 2666 in
1193 2624 1384 2667 amicitia
1413 2626 1538 2677 fines,
1569 2633 1613 2668 et

45 2686 169 2745 quasi
199 2683 385 2736 termini,
416 2683 649 2738 diligendi3
680 2683 734 2723 de
765 2682 922 2739 quibus
954 2689 1038 2724 tres
1069 2682 1192 2724 video
1223 2681 1458 2724 sententias
1488 2683 1614 2737 ferri3

44 2757 224 2802 quarum
250 2742 414 2786 nullam
442 2741 606 2798 probo:
636 2754 780 2793 unam,
810 2746 858 2789 ut
878 2740 1032 2783 eodem
1063 2739 1195 2792 modo
1224 2754 1326 2797 erga
1345 2739 1531 2796 amicum
1550 2739 1614 2796 αἷς
