1790 3090
93 147 177 191 116
732 147 787 181 ΙΝ
816 146 1074 183 οΑΤῑιῐΝΑΜ
1103 145 1171 180 111.

100 223 159 264 25
176 225 329 283 Itaque
350 227 551 269 hesterno
571 224 641 266 die
663 223 710 266 L.
730 224 935 268 Flaccum
955 231 1000 267 et
1020 225 1072 266 C.
1088 223 1383 282 Pomptinum,-
1400 228 1620 280 pr'aetores,
1647 223 1735 266 for-

176 283 369 326 tissimos
385 291 513 340 atque
535 283 852 336 amantissimos
877 282 1126 339 reipublicae
1145 282 1257 324 viros
1279 281 1332 322 ad
1354 295 1423 322 me
1438 281 1614 333 vocavi3
1643 295 1734 323 rem

160 356 346 383 vornnem
368 340 567 397 exposui3
598 339 702 395 quid
723 340 814 381 fieri
833 340 1037 396 placeret,
1058 339 1241 381 ostendi.
1301 338 1369 379 Illi
1382 344 1540 389 autem,
1557 337 1631 394 qui
1644 352 1733 380 om-

175 398 248 438 nia
268 398 320 439 de
343 397 526 452 Republ.
546 397 750 452 praeclara
769 403 897 452 atque
919 396 1092 452 egregia
1111 395 1330 447 sentirent,
1351 394 1444 437 sine
1463 394 1734 437 recusatione

178 469 229 496 ac
250 453 341 495 sine
363 453 453 495 ulla
465 452 587 494 mora
603 453 824 509 negotium
843 458 1147 508 susceperunt3
1169 459 1226 503 et,
1241 452 1336 493 cum
1349 452 1736 508 advesperasceret,

107 509 164 550 30
178 510 348 552 occulte
369 511 422 551 ad
443 516 620 566 pontem
641 509 855 550 Mulvium
876 514 1183 564 pervenerunt3
1214 515 1343 565 atque
1370 508 1432 550 ibi
1452 509 1497 550 in
1528 507 1734 564 proximis

175 568 289 609 villis
308 568 368 609 ita
382 566 573 623 bipartiti
593 567 778 618 fuerunt,
799 572 848 607 ut
866 564 1031 607 Tiberis
1047 564 1159 605 inter
1179 578 1268 615 eOS,
1285 572 1329 606 et
1347 580 1457 621 pons
1481 566 1734 617 interesset;

176 624 352 666 deodem
380 631 520 665 autem
556 629 600 665 et
628 622 727 680 ipsi,
759 620 852 664 sine
884 622 1141 678 cujusquam
1176 621 1435 677 suspicione,
1466 623 1629 664 multos
1647 621 1732 663 sor-

175 690 240 723 tes
260 682 372 723 viros
395 682 654 731 eduxerunt;
686 687 728 722 et
748 694 828 736 ego
856 679 915 720 def
928 677 1170 735 prefectura
1189 677 1378 719 Reatina
1397 680 1638 735 complures
1658 679 1734 720 de-

174 739 312 780 lectos
333 739 647 788 adolescentes,
668 751 848 793 quorum
864 735 994 792 opera
1010 733 1182 776 assidue
1198 741 1295 777 utor
1309 735 1353 776 in
1368 735 1615 791 reipublicae
1631 750 1734 792 prae-

106 793 161 834 35
175 795 301 846 sidio,
320 810 419 837 cum
441 794 595 852 gladiis
621 794 833 836 miseram.
894 792 1070 834 Interim
1100 791 1228 833 tertia
1263 790 1352 834 fere
1386 791 1534 849 vigilia
1563 791 1732 844 exacta,

175 852 272 894 cum
293 853 385 908 jam
407 859 585 908 pontem
614 866 712 893 cum
748 865 905 906 magno
942 849 1150 891 comitatu
1186 849 1319 905 legati
1358 848 1643 906 Allobrogum
1668 848 1734 890 in-

174 909 293 964 gredi
331 909 584 965 inciperent,
619 907 791 964 unaque
819 906 1087 959 Vulturcius3
1129 907 1178 947 fit
1211 905 1257 946 in
1286 920 1359 948 eos
1390 905 1596 962 impetus:
1627 906 1732 947 edu-

173 972 329 1006 cuntur
364 966 418 1005 ab
449 965 535 1005 illis
571 965 719 1020 gladii,
761 970 804 1005 et
831 964 858 1005 a
894 963 1074 1005 nostris:
1117 977 1184 1004 res
1221 970 1312 1005 erat
1337 963 1590 1019 praetoribus
1626 968 1733 1004 nota

173 1022 295 1063 solis:
327 1021 602 1078 ignorabatur
625 1023 650 1061 a
682 1020 862 1062 caeteris.
920 1020 955 1060 T
959 1035 1030 1063 um
1059 1020 1302 1062 interventu
1336 1020 1557 1076 Pomptini
1601 1025 1732 1076 atque

104 1075 160 1116 40
175 1079 336 1130 Flacci,
368 1093 528 1134 pugna,
560 1093 656 1134 quae
676 1083 767 1119 erat
789 1076 1035 1129 commissa,
1056 1077 1245 1118 sedatur:
1275 1076 1427 1128 literae,
1448 1091 1732 1133 quaecumque

175 1142 295 1177 erant
314 1136 359 1176 in
379 1150 429 1176 eo
446 1134 667 1186 comitatu,
688 1134 893 1190 eintegris
915 1133 1066 1188 signis,
1085 1133 1337 1189 praetoribus
1358 1133 1600 1174 traduntur:
1630 1133 1732 1190 ipsi,

172 1192 484 1248 comprehensi,
513 1192 568 1232 ad
588 1205 656 1232 me
688 1190 787 1232 cum
809 1192 902 1247 jam
921 1190 1220 1241 dilucesceret,
1242 1190 1526 1231 deducuntur.
1586 1190 1732 1246 Atque

171 1249 324 1290 horum
359 1249 549 1290 omnium
590 1249 800 1289 scelerum
826 1245 1586 1304 improbissimum.fmachinatorem,
1616 1246 1734 1289 Cim-

100 1342 104 1345 .
169 1306 295 1347 brum
319 1305 566 1355 Gabinium,
599 1305 741 1346 statim
779 1305 835 1346 ad
869 1319 952 1355 me,
982 1304 1196 1346 nihildum
1226 1304 1535 1361 suspicantem,
1567 1303 1734 1347 vocavi.

104 1358 159 1400 45
175 1363 345 1405 Deinde
364 1363 468 1405 item
481 1361 708 1404 arcessitur
734 1361 785 1403 P,
806 1361 1018 1411 Statilius,
1031 1368 1075 1402 et
1087 1368 1187 1417 post
1202 1375 1299 1403 eum
1320 1361 1562 1417 Cethegus:
1583 1361 1733 1403 tardis-

172 1419 280 1462 sime
295 1427 439 1462 autem
453 1419 658 1461 Lentulus
671 1418 802 1471 venit,
816 1419 961 1471 credo,
976 1417 1106 1475 quod,
1125 1418 1260 1460 literis
1269 1418 1438 1471 dandis,
1458 1425 1610 1475 praeter
1630 1432 1733 1460 con-

171 1478 443 1519 suetudinem
462 1476 659 1533 proxima
677 1482 807 1518 nocte
818 1475 1032 1532 vigilarat.
1092 1474 1200 1516 Cum
1219 1475 1318 1517 vero
1330 1475 1506 1517 summis
1522 1490 1575 1517 ac
1587 1475 1732 1517 claris-

173 1535 292 1576 simis
313 1535 440 1590 liujus
462 1532 649 1574 civitatis
668 1533 786 1582 viris,
807 1534 896 1589 qui,
923 1531 1074 1573 audita
1100 1546 1159 1583 re,
1182 1531 1429 1589 frequentes
1449 1532 1504 1574 ad
1523 1546 1590 1574 me
1605 1531 1733 1574 mane

173 1599 475 1642 convenerant,
505 1590 652 1631 literas
675 1591 700 1630 a
726 1604 794 1631 me
817 1589 934 1646 prius
955 1588 1124 1645 aperiri,
1144 1589 1278 1645 quam
1297 1589 1352 1631 ad
1373 1595 1570 1632 senatum
1588 1589 1733 1631 referri

105 1643 160 1684 50
173 1650 376 1706 placeret,
397 1662 450 1688 ne
473 1646 509 1688 si
533 1646 638 1687 nihil
657 1653 772 1688 esset
791 1646 1027 1697 inventum,
1049 1645 1230 1687 &temere
1260 1646 1286 1687 a
1315 1661 1384 1688 me
1403 1653 1550 1688 tantus
1576 1647 1734 1688 tumul-

174 1714 245 1747 tus
259 1706 444 1762 injectus
462 1703 627 1745 civitati
639 1703 874 1754 videretur3
894 1702 1048 1759 negavi
1063 1717 1131 1744 me
1146 1717 1240 1745 esse
1254 1703 1480 1756 facturum,
1498 1704 1608 1745 utde
1621 1702 1733 1760 peri-

174 1763 273 1804 culo
289 1762 460 1817 publico
478 1775 565 1802 non
584 1761 639 1801 ad
670 1760 901 1802 concilium
921 1759 1143 1816 publicum
1170 1775 1259 1801 rem
1279 1760 1490 1817 integram
1510 1760 1732 1802 deferrem.

174 1819 361 1869 Etenim,
386 1817 589 1869 Quirites,
611 1817 647 1858 si
679 1833 742 1869 ea,
771 1833 866 1874 quae
895 1823 1013 1858 erant
1033 1817 1088 1858 ad
1109 1831 1175 1858 me
1197 1817 1353 1867 delata,
1375 1824 1540 1873 reperta
1561 1831 1647 1859 non
1667 1832 1731 1859 es-

174 1884 293 1928 sent3
315 1884 456 1917 tamen
470 1890 549 1931 ego
567 1889 653 1916 non
669 1875 917 1924 arbitrabar,
932 1874 977 1914 in
993 1873 1123 1914 tantis
1137 1873 1261 1930 Reip.
1277 1874 1492 1930 periculis,
1513 1889 1608 1916 esse
1628 1874 1733 1915 mihi

105 1929 160 1968 55
175 1933 349 1974 nimiam
377 1931 645 1988 diligentiam
672 1931 1070 1986 pertimescendam.
1132 1929 1337 1972 Senatum
1363 1932 1629 1988 frequentem
1664 1946 1735 1973 ce-

174 1990 330 2040 leriter,
353 1997 400 2030 ut
419 1988 601 2036 vidistis,
623 1988 763 2044 coegi:
786 1995 914 2043 atque
934 1987 1099 2028 interea
1119 1988 1278 2038 statim,
1300 1988 1522 2029 admonitu
1535 1988 1733 2030 Allobro-

176 2062 292 2103 gum,
316 2047 366 2087 C.
388 2044 627 2100 Sulpicium
647 2052 885 2099 praetorem,
906 2044 1059 2085 sortem
1074 2044 1226 2096 virum,
1247 2043 1358 2093 misi,
1390 2044 1464 2100 qui
1482 2058 1535 2086 ex
1568 2045 1732 2086 aedibus

177 2103 376 2159 Cethegi,
407 2102 442 2143 si
475 2100 579 2157 quid
609 2102 790 2141 telorum
819 2107 948 2151 esset,
985 2100 1170 2142 efferret:
1214 2115 1267 2142 ex
1308 2101 1466 2157 quibus
1495 2101 1566 2142 ille
1600 2101 1734 2143 maxi-

176 2176 291 2201 mum
327 2160 511 2201 sicarum
541 2172 762 2199 numerum
795 2164 838 2200 et
872 2156 1112 2214 gladiorum
1150 2154 1317 2200 extulit.
1377 2157 1603 2201 Introduxi
1628 2158 1733 2200 Vul-

232 2283 249 2307 ὁ
261 2285 361 2325 huc.
496 2288 511 2305 ⁰
523 2295 611 2323 non
631 2283 807 2335 ape-rtis.
956 2279 970 2304 f
978 2287 1207 2324 auctorem.
1341 2287 1358 2313 g
1369 2282 1676 2336 imprudenter.

223 2408 274 2437 25.
299 2406 335 2436 L.
354 2405 381 2435 F
384 2404 522 2445 laecum]
582 2403 620 2433 L.
650 2403 797 2435 Flaccum
823 2403 934 2443 postea
1020 2404 1073 2435 35.
1101 2404 1198 2435 Teu-tid
1212 2403 1344 2446 vigilia]
1387 2403 1461 2435 Nox
1482 2403 1516 2434 in
1540 2407 1673 2444 quatuor
1687 2405 1735 2435 vi-

182 2451 292 2481 Cicero
308 2449 551 2490 repetundarum
572 2458 658 2478 reum
679 2447 713 2478 in
730 2447 852 2488 judicio
878 2447 935 2477 de·
977 2446 1067 2487 gilias
1082 2448 1180 2479 divisa
1195 2454 1274 2484 erat,
1297 2452 1330 2478 et
1343 2447 1448 2489 vigilia
1462 2446 1610 2489 quaelibet
1623 2446 1656 2478 ‘m
1671 2453 1733 2479 tres

179 2494 292 2524 fendit.
976 2490 1078 2521 horas.

225 2538 278 2566 30.
301 2534 421 2564 Pontem.
445 2533 620 2574 Mulvium]
682 2533 765 2563 Pons
795 2532 934 2563 Mulvius
1019 2535 1073 2565 46.
1099 2532 1242 2563 Lentulus
1254 2532 1363 2573 venia]
1411 2532 1444 2563 Is
1459 2537 1524 2563 erat
1537 2539 1661 2576 praetor,
1683 2534 1731 2566 vir

182 2584 267 2609 extra
305 2578 422 2608 Urbem
449 2583 506 2613 est,
530 2576 633 2607 versus
663 2576 815 2606 Etruriam
843 2586 935 2616 supra
977 2576 1114 2617 pinguis,
1130 2583 1162 2606 et
1173 2577 1294 2614 obesus,
1318 2581 1351 2606 et
1364 2575 1586 2610 somnolentus.

182 2621 329 2656 Tiberim,
352 2620 507 2650 sexdecim
523 2620 630 2649 stadiis
646 2620 685 2649 ab
702 2619 786 2650 Urbe
801 2619 915 2650 Roma.
1019 2621 1072 2650 56.
1095 2619 1256 2649 Admonitu
1270 2619 1486 2660 Allobrogum]
1526 2620 1574 2650 Ex
1587 2620 1729 2652 hocloco

225 2667 278 2695 33.
302 2663 485 2705 Praefecturct
499 2662 650 2703 Reatina]
683 2662 787 2693 Reate
806 2662 935 2693 Sabino·
977 2667 1075 2703 patet,
1099 2661 1302 2703 Allobrogum
1327 2662 1447 2704 legatos
1471 2663 1612 2695 conscios
1634 2664 1730 2696 fuisse

182 2719 249 2737 rum
281 2712 326 2737 est
356 2706 516 2747 oppidum,
548 2705 696 2736 Varronis
726 2706 848 2746 patria3
883 2704 933 2736 hic
976 2705 1207 2746 conjurationis.

181 2751 328 2780 nundin-ee
364 2749 568 2786 habebantur,
598 2754 631 2780 et
658 2748 702 2781 ibi
738 2750 931 2790 magistratus
1018 2750 1071 2782 59.
1092 2748 1252 2790 &camum-J
1276 2748 1327 2781 De
1339 2749 1388 2782 his
1404 2752 1436 2781 1.
1451 2749 1539 2784 Oxat.
1561 2750 1728 2793 paragdii.

181 2793 275 2825 Rom.
282 2792 333 2833 jus
348 2792 482 2825 dicebat.
974 2791 997 2825 l.
1009 2794 1063 2826 40.
