1858 3095
675 223 725 257 m
749 223 1006 257 CATILINAM
1030 225 1057 257 1.

89 300 225 342 ritatis
247 315 297 342 ac
319 299 580 344 fortitudinis
601 299 773 352 invidia,
795 301 924 358 quarn
942 302 1102 343 inertim
1121 315 1172 344 ac
1187 300 1404 359 nequitiae,
1426 302 1647 358 pertimes-

89 358 253 399 cenda?

314 360 397 409 An,
430 358 526 399 cum
543 358 657 400 bello
674 359 912 400 vastabitur
927 358 1065 410 ltalia,
1086 361 1355 401 vexabuntur
1370 359 1510 406 urbes,
1534 367 1649 401 tecta

91 415 315 466 ardebunt,
337 421 427 455 tum
444 422 485 456 te
503 429 587 456 non
605 415 825 456 existimas
848 415 1018 456 invidia:
1041 416 1237 457 incendio
1259 416 1648 458 conflaoraturum‘e

95 471 175 512 His
197 486 297 528 ergo
319 471 600 513 sanctissimis
625 471 806 527 Reipub.
838 472 1033 523 vocibus,
1067 481 1109 513 et
1138 487 1283 514 eorum
1307 473 1543 519 hommum,
1575 472 1647 528 qui
1660 474 1715 513 25
1765 472 1773 478 ”

1401 451 1426 478 :a

91 527 207 569 idem
222 527 424 579 sentiunt,
441 529 654 570 mentibus
672 543 810 583 pauca
827 529 1111 585 respondebo.
1143 529 1270 586 Ergo,
1286 529 1320 569 si
1339 529 1421 569 hoc
1439 528 1650 584 optimum

94 583 475 640 factujudicarem,
508 584 558 625 P.
581 584 630 626 C.
663 585 893 626 Catilinam
923 593 1056 626 morte
1078 586 1261 637 multari,
1293 584 1417 626 unius
1449 585 1650 626 busuram

90 640 205 681 horoe
225 640 449 696 gladiatori
473 641 543 682 isti
561 642 615 682 ad
635 642 860 682 vivendum
877 655 961 682 non
980 641 1222 693 dedissem3
1253 641 1425 692 etenim,
1444 641 1480 682 si
1495 641 1650 682 summi

88 696 180 744 viri,
202 704 245 737 et
265 696 489 738 clarissimi
511 698 643 749 cives,
665 697 879 739 Saturnini
896 705 939 738 et
953 697 1258 746 Gracchorum,
1282 705 1325 738 et
1338 697 1498 746 Flacci,
1520 706 1564 739 et
1584 713 1652 739 su·

90 752 302 808 periorum
332 755 630 811 complurium,
667 754 875 810 sanguine
910 767 995 793 non
1028 753 1154 794 modo
1187 769 1233 795 se
1268 768 1355 795 non
1386 754 1718 797 contamina-30

90 815 202 860 runt,
239 809 315 850 sed
355 811 484 852 etiam
505 811 818 861 honestarunt3
859 810 974 852 certi:
1015 810 1247 851 verendum
1282 810 1386 851 mihi
1429 826 1516 852 non
1547 817 1652 863 erat,

92 879 146 906 ne
177 866 297 922 quid,
325 867 409 908 hoc
439 867 655 923 parricida
687 867 846 908 civium
880 866 1121 918 interfecto,
1152 867 1326 908 invidiae
1358 867 1463 908 mihi
1491 868 1533 908 in
1555 883 1654 924 pos-

91 921 304 964 teritatem
326 923 596 966 redundaret.

658 923 788 971 Quod
811 923 847 964 si
879 938 929 964 ea
957 924 1059 964 mihi
1081 923 1265 964 maxime
1286 924 1564 979 impenderet,
1591 931 1654 966 ta-

91 992 189 1019 men
210 978 293 1020 hoc
314 980 457 1022 animo
488 995 655 1037 semper
684 980 761 1031 fui,
783 987 831 1021 ut
860 980 1077 1030 invidiam,
1110 980 1287 1021 cvirtute
1316 988 1494 1036 partam,
1527 981 1654 1036 glori-

94 1049 177 1086 am,
208 1050 294 1077 non
325 1036 542 1084 invidiam,
574 1043 781 1094 putarem.
843 1036 1117 1092 Quamquam
1138 1037 1332 1079 nonnulli
1364 1045 1464 1079 sunt
1493 1037 1537 1078 in
1567 1038 1720 1080 110035

90 1091 254 1144 ordine,
286 1093 359 1150 qui
383 1100 457 1135 aut
477 1109 540 1142 ea,
572 1109 667 1150 quae
683 1093 922 1144 imminent,
954 1108 1039 1134 non
1061 1094 1260 1146 videant3
1291 1101 1365 1135 aut
1384 1108 1448 1145 ea,
1480 1109 1574 1151 quae
1591 1094 1653 1134 vi-

91 1148 209 1199 dent,
240 1149 535 1192 dissimulent:
577 1150 650 1206 qui
683 1165 803 1206 spem
825 1150 1021 1191 Catilinae
1058 1150 1259 1192 mollibus
1292 1151 1516 1192 sententiis
1537 1151 1655 1192 alue-

92 1212 205 1256 runt,
245 1206 669 1263 conjurationemque
705 1214 954 1248 nascentem
984 1221 1070 1248 non
1101 1207 1315 1249 credendo
1352 1208 1655 1249 corroborave-

92 1269 214 1304 runt:
247 1277 426 1318 quorum
447 1263 747 1305 auctoritatem
768 1263 920 1313 secuti,
943 1263 1079 1314 multi,
1100 1278 1186 1305 non
1207 1263 1343 1305 solum
1364 1264 1563 1320 improbi,
1585 1279 1656 1305 ve-

93 1318 183 1359 rum
205 1319 334 1360 etiam
354 1319 550 1375 imperiti,
586 1320 621 1360 si
644 1319 687 1360 in
702 1320 819 1360 hunc
839 1320 1251 1371 animadvertissem,
1283 1321 1510 1362 crudeliter
1530 1328 1573 1362 et
1593 1336 1655 1362 re·
1666 1320 1723 1362 40

94 1374 164 1429 gie
187 1375 348 1416 factum
371 1390 465 1416 esse
487 1376 693 1416 dicerent.
736 1374 865 1415 Nunc
887 1375 1097 1431 intelligo,
1119 1376 1153 1416 si
1170 1376 1266 1427 iste,
1289 1376 1374 1432 quo
1395 1376 1594 1428 intendit,
1610 1377 1655 1418 in

93 1431 317 1472 Manliana
338 1438 478 1472 castra
499 1431 750 1488 pervenerit,
782 1431 998 1472 neminem
1027 1439 1114 1471 tam
1143 1433 1317 1473 stultum
1337 1433 1443 1484 fore,
1475 1433 1548 1489 qui
1569 1448 1656 1474 non

92 1487 238 1529 videat
273 1488 616 1544 conjurationem
657 1502 752 1529 esse
792 1487 980 1538 factam3
1022 1488 1236 1529 neminem
1275 1496 1363 1529 tam
1398 1489 1656 1545 improbum,

94 1544 168 1600 qui
207 1559 295 1586 non
333 1545 529 1586 fateatur.
588 1543 687 1585 Hoc
722 1551 867 1586 autem
908 1558 991 1585 uno
1027 1544 1268 1596 interfecto,
1309 1545 1504 1602 intelligo
1543 1547 1658 1588 hanc

91 1600 218 1658 Reip.
250 1610 418 1658 pestem
448 1601 665 1658 paulisper
694 1600 879 1657 reprimi,
924 1615 1013 1642 non
1051 1600 1095 1641 in
1129 1609 1383 1657 perpetuum
1417 1602 1724 1659 comprimi,45
1778 1606 1781 1619 ³
1828 1612 1829 1615 ’

297 1657 424 1706 Quod
444 1658 481 1698 si
509 1673 554 1699 se
577 1658 763 1713 ejecerit,
795 1671 1026 1714 secumque
1058 1671 1159 1699 suos
1191 1658 1401 1711 eduxerit,
1432 1666 1476 1701 et
1506 1662 1658 1703 eodem

93 1672 237 1714 POSSG.

95 1721 273 1757 caeteros
302 1715 492 1771 undique
523 1714 731 1756 collectos
762 1714 992 1770 naufragos
1027 1715 1348 1771 aggregaverit3
1385 1716 1660 1772 extinguetur

93 1778 222 1828 atque
261 1771 489 1823 delebitur,
529 1785 616 1813 non
648 1769 777 1813 modo
814 1771 909 1813 haec
939 1777 1028 1812 tam
1060 1771 1241 1814 dadulta
1275 1771 1476 1829 Reipubl.
1508 1773 1659 1830 pestis,

341 1930 360 1955 ¹³
374 1935 552 1985 tempus.

729 1930 1026 1985 ‘fortitudine

1200 1930 1217 1954 ¹¹
1229 1937 1416 1973 matura.

95 2043 216 2079 Qnmst.
236 2043 292 2076 lib.
315 2044 359 2076 sic
381 2044 530 2076 describit
542 2043 703 2080 invidiam,
725 2054 788 2074 eam
801 2054 855 2075 esse
897 2044 1061 2076 consulatu
1074 2055 1196 2085 semper
1208 2045 1399 2085 cogitaverat
1408 2045 1554 2077 Catilina.

93 2087 194 2116 dicunt
230 2088 432 2128 oegritudinem
469 2094 627 2127 susceptam
660 2093 776 2126 propter
811 2088 856 2117 ‹zl-

94 2131 182 2159 terius
208 2140 250 2160 res
278 2131 426 2166 secundas,
461 2141 523 2170 quae
548 2130 624 2160 nihil
652 2136 753 2160 nocent
780 2131 857 2160 invi-

97 2173 187 2202 denti.

141 2217 193 2246 28.
217 2214 412 2256 Gladium-L]
437 2214 611 2251 Gladium,
639 2225 694 2245 seu
720 2214 858 2250 sicarius,

97 2257 148 2288 hic
163 2258 288 2294 dicitur,
311 2259 365 2299 qui
381 2259 482 2289 audax
496 2263 556 2296 est,
572 2263 604 2288 et
616 2257 807 2289 assuefactus
818 2258 858 2289 ad

98 2300 216 2332 caedem
231 2301 401 2331 hominum.

140 2347 195 2376 ⁶29.
217 2343 385 2379 Saturnini,
411 2343 620 2384 Grucchcrrum‚
641 2343 718 2384 ἃς]
777 2344 860 2375 Vide

98 2387 185 2418 Orat.
202 2397 257 2428 pro
274 2386 412 2417 Rabirio.
672 2396 678 2401 ·

140 2432 194 2462 32.
234 2429 298 2460 Hoc
323 2429 499 2472 purricizhi]
569 2428 649 2461 Ciun
686 2429 786 2470 patria
821 2429 861 2460 sit

98 2473 269 2504 eommunis
285 2473 420 2503 omnium
438 2483 562 2514 parens,
585 2474 692 2503 fratres
707 2472 790 2503 cives
805 2473 860 2502 ha-

99 2516 193 2546 bendi
206 2521 296 2546 sunt:
312 2517 419 2557 quare,
429 2516 483 2557 qui
497 2526 590 2546 unum
600 2515 755 2551 interficit,
765 2516 862 2557 parri-

101 2558 171 2590 cida
184 2559 337 2590 dicendus
353 2565 411 2589 est,
455 2559 536 2589 Inde
558 2558 666 2589 Festus
690 2558 860 2599 Pompeius

102 2601 157 2636 ait,
178 2601 261 2642 quod
280 2601 372 2643 prisci
393 2601 497 2632 Latini
510 2601 739 2632 interfectorem
754 2611 864 2643 quem-

102 2643 178 2674 libet
194 2645 374 2684 parricidam
390 2646 554 2676 vocabant.

144 2688 197 2717 33.
221 2686 436 2727 Redundaret]
459 2686 633 2718 Translaiio
644 2686 662 2716 εἴ
673 2686 862 2722 fluminibus,

103 2739 173 2770 quae
188 2730 276 2770 aquis
291 2736 324 2760 et
336 2730 483 2761 imbribus
498 2730 685 2762 redundant.

103 2813 113 2845 l
148 2773 201 2803 35.
226 2771 325 2803 Inhoc
339 2773 468 2815 ordina]
512 2774 565 2805 De
587 2772 739 2805 senatorio
755 2772 863 2804 ordine

117 2815 252 2856 oquitur.

148 2859 200 2891 37.
223 2857 283 2892 Qui
297 2867 372 2898 spem
388 2858 551 2900 Catilina]
603 2859 655 2892 De
679 2858 865 2901 occupando

942 2087 993 2119 Ib.
1018 2088 1157 2118 Mollibus
1184 2090 1356 2129 sententiis]
1413 2089 1662 2120 Blandiebantur

901 2130 1052 2161 Catalinae
1077 2131 1204 2171 quidam
1219 2137 1395 2169 senatores3
1418 2133 1565 2163 dicebant
1579 2132 1661 2163 enim

900 2173 1029 2204 fortasse
1064 2183 1169 2203 veram
1201 2183 1264 2203 non
1311 2184 1379 2204 esse
1417 2174 1662 2216 conjurationem

900 2215 990 2245 istam
1001 2227 1011 2253 ,·
1035 2216 1247 2257 exspectanda
1262 2226 1328 2247 esse
1344 2217 1476 2248 certiora
1496 2217 1578 2248 illius
1603 2218 1664 2260 sig-

902 2268 952 2288 na.

946 2301 998 2332 45.
1024 2300 1165 2340 Reprimi,
1186 2313 1245 2332 non
1265 2302 1440 2344 comprimi]
1496 2302 1666 2339 Quintilia-

902 2354 972 2380 nus,
1002 2343 1056 2375 lib.
1084 2347 1113 2375 9.
1145 2346 1203 2375 hoc
1238 2344 1318 2375 inter
1347 2351 1510 2387 utrumque
1537 2348 1665 2378 verbum

904 2387 1068 2417 discrimen
1098 2388 1197 2427 ponit,
1221 2387 1305 2429 quod
1330 2390 1460 2428 reprimi,
1484 2389 1595 2420 dicitur
1625 2391 1665 2420 ad

903 2435 1046 2471 tempus:
1067 2432 1216 2470 comprimi
1238 2430 1324 2471 νει-ὀ,
1347 2432 1472 2463 omnino
1487 2438 1520 2464 et
1540 2433 1572 2463 in
1596 2443 1666 2474 per..

904 2481 1044 2514 petuum.

948 2517 1001 2547 46.
1024 2515 1108 2550 Quod
1119 2518 1142 2547 si
1152 2527 1180 2548 se
1192 2517 1331 2558 eiecerit]
1362 2517 1401 2548 Id
1412 2522 1471 2553 est,
1487 2517 1542 2549 sua
1555 2523 1666 2560 sponte

903 2558 1016 2590 abierit
1030 2560 1070 2589 ad
1086 2565 1186 2590 castra
1208 2561 1394 2600 Manliaua;
1419 2562 1545 2592 verbum
1570 2568 1666 2592 trans-

904 2601 1000 2632 latum
1017 2601 1035 2631 5.
1049 2603 1218 2644 naufragis,

948 2647 1001 2675 47.
1028 2644 1161 2676 collectos
1174 2645 1362 2687 naufragos]
1408 2646 1470 2677 Per
1490 2647 1666 2687 naufragos,

907 2697 960 2717 eos
976 2692 1075 2723 notat,
1091 2689 1143 2729 qui
1160 2699 1216 2729 per
1230 2690 1347 2719 scelera
1360 2694 1392 2719 ct
1407 2689 1524 2728 flagitia
1539 2690 1666 2730 quasiin

907 2729 1002 2760 altum
1018 2731 1213 2771 navigantes,
1227 2741 1283 2761 sua
1294 2731 1396 2761 omnia
1409 2733 1609 2768 decoxeruut,
1625 2738 1668 2770 et,

908 2773 997 2812 quasi
1020 2774 1120 2814 patria
1142 2774 1265 2810 amissit,
1293 2773 1385 2814 ejecti
1412 2779 1483 2804 sunt
1512 2774 1552 2805 ad
1581 2774 1667 2809 litus.

908 2815 1044 2858 Egregia
1056 2817 1223 2848 translatio.

952 2857 1002 2891 Ib.
1045 2859 1244 2901 Extinguetur
1271 2864 1356 2901 atque
1377 2859 1545 2902 dolebiwn]
1594 2859 1670 2893 Cre-

1655 226 1713 272 95
