1858 3095
723 129 813 161 PRO
837 125 1048 161 MURENA.
1065 161 1068 163 .

118 213 186 251 co,
208 199 490 257 frequentiam
510 200 553 240 in
582 200 667 242 isto
695 199 837 245 officio
859 199 1102 255 gratuitam,
1135 213 1220 241 non
1241 198 1372 241 modo
1388 198 1587 255 dignitati
1609 197 1670 240 111-
1686 197 1745 240 40

119 254 201 306 lius
224 272 424 313 unquam,
445 256 520 299 sed
544 271 596 298 ne
613 256 823 298 voluntati
845 255 1034 311 quidem,
1051 254 1255 298 defuisse.
1314 257 1376 296 At
1395 255 1670 297 sectabantur

117 313 263 359 multi!

325 314 462 363 Doce,
491 313 708 364 mercede;
739 312 975 354 concedam
996 327 1089 353 esse
1107 313 1288 354 crimen:
1319 312 1402 354 hoc
1419 310 1592 367 quidem
1609 326 1669 352 re-

118 377 251 419 moto,
272 369 374 432 quid
396 369 699 425 reprehendis?
759 368 873 416 Quid
893 383 999 424 opus
1017 376 1095 419 est,
1114 369 1269 425 inquit,
1286 367 1596 409 sectatoribus?
1628 367 1668 407 A

118 440 186 466 me
208 434 253 467 tu
280 427 323 467 id
345 425 514 482 quaeris,
535 426 639 482 quid
661 440 769 482 opus
790 425 846 466 sit
866 440 933 475 eo,
959 440 1046 480 quo
1070 440 1237 481 semper
1259 425 1321 466 usi
1343 424 1520 466 sumus?
1580 422 1670 464 Ho-

117 482 254 528 mines
276 489 425 523 tenues
453 497 584 523 unum
607 483 768 523 habent
790 482 830 523 in
861 488 1053 523 nostrum
1074 481 1267 522 ordinem
1299 488 1372 522 aut
1399 479 1669 536 promerendi
1687 478 1742 519 45

116 546 192 585 aut
210 537 415 585 referendi
444 539 642 579 beneficii
676 539 834 588 locum,
866 538 978 578 hanc
1007 538 1051 578 in
1071 537 1227 578 nostris
1249 536 1531 592 petitionibus
1571 551 1670 592 ope-

114 609 205 643 ram
219 601 348 652 atque
370 596 726 646 assectationen1;
758 609 896 650 neque
918 594 1032 635 enim
1057 594 1145 642 fieri
1164 600 1321 648 potest,
1354 608 1490 649 neque
1522 600 1672 648 postu-

115 649 290 691 landum
312 658 378 692 est
395 651 420 691 εἴ
438 651 576 702 nobis,
594 659 669 692 aut
681 652 734 692 ab
749 651 964 705 equitibus
975 649 1196 697 Romanis,
1219 656 1267 690 ut
1279 658 1381 690 suos
1402 648 1668 700 necessarios

116 706 369 748 candidatos
390 715 606 748 sectentur
626 715 740 748 totos
759 707 871 756 dies,
904 705 929 746 ῖι
951 706 1106 761 quibus
1129 706 1164 746 si
1185 706 1336 746 domus
1358 713 1505 746 nostra
1534 705 1671 746 dcele-

114 761 273 813 bratur‚
303 763 338 805 si
362 763 572 804 interdum
603 763 656 803 ad
677 763 813 803 forum
835 762 1100 813 deducrmur,
1132 761 1167 801 si
1189 776 1272 802 uno
1306 762 1507 802 Basilicoe
1529 761 1668 818 spatio
1687 763 1743 804 50

113 817 403 870 honestamur,
434 819 660 875 diligenter
679 818 892 868 observari
913 818 1107 859 videmur
1127 826 1169 859 et
1190 818 1287 858 coli.
1345 817 1606 859 Tenuiorum
1627 824 1671 859 et

114 888 201 915 11011
223 884 532 931 occupatorum
554 876 786 917 amicorum
803 882 869 916 est
886 875 970 915 ista
990 874 1238 922 assiduitas,
1254 888 1433 930 quorum
1451 875 1577 930 copia
1597 875 1669 916 bo-

114 930 180 971 nis
197 939 242 973 et
260 931 464 973 beneficis
482 932 632 974 deesse
663 947 749 973 non
766 932 888 972 solet.

114 987 176 1028 ori
197 988 343 1041 generi
364 988 586 1030 hominum
605 988 792 1030 fructum
815 987 959 1039 officii,
983 987 1113 1028 Cato:
1147 988 1238 1029 sine
1261 1002 1350 1039 eos,

113 1044 240 1085 nobis
271 1052 458 1101 sperant,
489 1045 644 1087 habere
664 1046 782 1101 ipsos
804 1059 973 1101 quoque
995 1044 1184 1107 aliquid,
1205 1044 1320 1100 quod
1340 1045 1464 1085 nobis
1484 1044 1667 1086 tribuere
1686 1047 1742 1086 55

948 930 1050 971 Noli
1068 930 1197 987 igitur
1213 931 1373 987 eripere
1395 931 1511 973 hunc
1528 930 1671 1001 inferi:

1382 1003 1455 1043 qui
1478 1002 1622 1029 omnia
1643 1003 1670 1028 a

108 1100 295 1156 possint.
342 1101 386 1142 Si
408 1101 515 1142 nihil
537 1102 616 1143 erit
635 1108 786 1157 praeter
806 1101 996 1156 ipsorum
1013 1100 1278 1156 suffragium,
1295 1108 1422 1142 tenue
1437 1107 1526 1152 est3
1548 1100 1600 1152 si,
1621 1107 1670 1146 ut

115 1156 416 1214 suffragentur,
447 1158 555 1199 nihil
578 1160 721 1199 valent
758 1157 914 1214 grati&
947 1157 1044 1213 ipsi,
1076 1157 1274 1213 denique,
1307 1164 1354 1198 ut
1373 1158 1514 1199 solent
1533 1156 1668 1214 loqui,

114 1227 200 1254 non
236 1214 378 1256 dicere
408 1229 482 1270 pro
506 1215 643 1265 nobis,
675 1229 760 1255 non
794 1214 1019 1269 spondere,
1049 1228 1136 1254 11011
1159 1229 1307 1254 vocare
1330 1215 1503 1256 domum
1531 1228 1668 1266 suam,

113 1278 314 1338 possunt:
341 1278 469 1326 atque
483 1270 750 1312 hoecanobis
767 1277 920 1326 petunt
939 1269 1103 1321 omnia3
1127 1284 1264 1325 neque
1283 1270 1372 1310 1111Ξ1
1393 1285 1435 1311 re
1457 1270 1558 1322 alia,
1572 1285 1670 1326 quae

112 1341 139 1366 a
158 1326 284 1367 nobis
313 1334 650 1381 consequuntur,
681 1341 762 1366 nisi
793 1330 923 1381 opera
943 1326 1036 1376 susi,
1066 1325 1333 1381 compensari
1355 1334 1509 1382 putant
1528 1341 1668 1383 posse.
1687 1330 1741 1371 60

113 1382 264 1438 Itaque
279 1389 323 1424 et
341 1383 424 1438 legi
445 1377 605 1432 Fabiae,
619 1398 715 1438 quae
736 1389 802 1423 est
818 1383 870 1423 de
889 1396 1064 1423 numero
1079 1389 1352 1434 sectatorum,
1366 1390 1410 1423 et
1426 1382 1471 1424 S.
1491 1382 1538 1423 C.
1551 1384 1669 1439 quod

110 1445 177 1480 est
199 1439 246 1480 L.
271 1438 441 1481 Caesare
459 1440 634 1481 consule
657 1440 832 1492 factum,
853 1438 1126 1489 restiterunt3
1148 1439 1264 1480 nulla
1292 1447 1359 1480 est
1390 1439 1502 1482 enim
1523 1454 1668 1495 poena,

104 1510 206 1551 >quae
237 1495 376 1552 possit
407 1495 723 1538 observantiam
748 1495 991 1538 tenuiorum
1012 1496 1064 1536 ab
1086 1495 1170 1536 hoc
1192 1502 1335 1537 vetere
1357 1495 1554 1538 instituto
1576 1496 1669 1538 offi-

110 1552 270 1594 ciorum
287 1552 528 1595 excludere.

589 1555 656 1595 Ac
677 1552 922 1610 spectacula
937 1558 1039 1593 sunt
1053 1551 1246 1594 tributim
1268 1552 1383 1604 data,
1405 1558 1449 1594 et
1469 1553 1523 1594 ad
1543 1567 1670 1610 pran-

724 1677 1067 1731 ¹¹frequentatmu

154 1815 209 1844 40.
245 1812 443 1853 Gratuieam]
489 1812 569 1843 Tota
602 1814 668 1844 haec
689 1812 867 1854 frequentia

910 1812 1011 1843 officio
1026 1812 1176 1843 removeri
1189 1813 1338 1853 potuerit,
1353 1813 1428 1855 quia
1440 1817 1528 1844 vetus
1540 1818 1607 1844 erat
1620 1813 1669 1845 in.

111 1866 182 1896 quae
197 1856 356 1892 convenit,
379 1856 464 1887 11111Ιῆ
489 1856 632 1887 mercede
653 1856 702 1886 vel
733 1855 867 1898 pecunia
908 1856 1061 1886 stitutum.

102 1899 265 1929 conducta
278 1900 372 1929 venit.

157 1944 209 1971 44.
234 1941 286 1977 Ea.
301 1952 357 1982 quo
369 1952 474 1982 semper
492 1944 538 1973 usi
551 1941 676 1982 sumus]
722 1941 798 1972 Non
811 1941 866 1971 de-

101 1983 169 2014 Ι11οῐ
190 1985 416 2024 reprehendere
444 1985 525 2016 Cato
549 1986 632 2025 quod
657 1995 782 2024 semper
803 1983 867 2014 sac-

113 2033 177 2056 tum
205 2031 264 2062 est,
301 2037 402 2068 neque
432 2027 506 2057 111(Ιέ
541 2038 668 2068 arguere
701 2027 868 2057 Murenam

113 2070 269 2099 hominem
283 2070 490 2100 ambitiosum.

155 2114 210 2142 50.
251 2111 283 2142 Si
312 2113 462 2143 interdum
490 2113 530 2142 ad
545 2110 651 2152 forum
667 2110 866 2150 deducimur]

114 2154 211 2185 Varia
226 2161 449 2186 commemorat
470 2154 706 2195 officia,quibus
728 2154 869 2184 homines

115 2204 225 2228 tenues
254 2208 325 2228 suos
355 2204 500 2239 patronos
531 2203 584 2227 aut
619 2197 763 2238 primates
789 2197 870 2226 viros

114 2241 393 2282 prosequebantur,
428 2251 497 2281 quae
528 2240 603 2280 ipsis
641 2239 763 2270 crimini
792 2240 870 2270 verti

111 2294 172 2314 non
189 2284 317 2314 debent.

158 2326 208 2356 111.
231 2326 263 2356 Si
277 2336 336 2356 uno
348 2325 479 2356 Basilica·
487 2324 605 2365 spatia]
650 2323 688 2354 Id
705 2329 765 2363 est,
776 2323 800 2354 si
817 2324 873 2354 de-

116 2369 257 2400 ducimur
277 2379 334 2410 per
362 2368 496 2408 spatium
526 2374 588 2398 tam
619 2367 756 2408 longum,
781 2366 872 2407 quirin

117 2412 253 2443 Basilica
277 2417 333 2442 est.
379 2411 514 2441 Basilica
537 2409 627 2450 porr&
650 2410 716 2440 foro
745 2411 874 2450 adjunc-

115 2460 148 2485 ta
163 2455 232 2491 fuit,
254 2454 273 2484 ὲ
293 2455 415 2486 Catone
431 2453 592 2494 ampliata,
619 2457 651 2483 et
666 2453 777 2483 Porcia
799 2463 874 2493 cog-

116 2498 284 2533 nominata,
305 2497 345 2528 ad
360 2496 456 2527 instar
470 2497 563 2533 regia?
579 2495 700 2526 domas.

165 2542 217 2571 61.
239 2539 314 2581 Legi
330 2539 451 2579 Fabiae.]
499 2539 596 2569 Fabia
622 2538 670 2569 lex
697 2539 736 2569 de
759 2538 875 2569 ambitu

120 2582 203 2620 tulit,
225 2588 260 2613 ut
283 2589 384 2614 certus
399 2592 545 2612 numerus
571 2587 756 2612 sectatorum
783 2587 876 2616 esset,

117 2625 148 2655 id
173 2631 231 2660 est,
253 2636 357 2656 eorum
382 2626 436 2666 qui
465 2624 649 2655 candidatos
674 2625 704 2654 in
718 2624 872 2664 Campum

119 2668 321 2700 deducerent.
365 2667 427 2698 Sed
445 2668 518 2698 huic
530 2667 593 2708 legi
613 2673 644 2698 et
659 2666 874 2698 senentis-con·

119 2710 201 2741 sulto
217 2710 255 2741 L.
272 2710 352 2741 Caes.
367 2715 454 2741 tanto
471 2710 573 2741 studio
590 2710 679 2751 plebs
695 2710 819 2745 restitit,
842 2715 877 2739 ut

118 2753 204 2784 nulla
233 2763 354 2794 prorsus
377 2753 470 2794 poena
490 2754 530 2784 ab
567 2754 628 2785 hoc
665 2752 876 2784 assectationis

955 1898 1005 1930 Ib.
1028 1898 1070 1929 Et
1094 1897 1383 1940 senatz'zs-cmzsulto.]
1408 1900 1480 1936 Quo
1498 1910 1582 1930 anno
1605 1910 1670 1931 cm-

910 1942 958 1981 pit
972 1941 1117 1972 Catilinae
1140 1941 1324 1982 conjuratio,
1347 1943 1493 1973 consules
1514 1948 1601 1973 erant
1628 1943 1666 1973 L.

912 1984 1016 2015 Caesar
1040 1990 1073 2014 et
1096 1984 1134 2015 C,
1158 1985 1296 2025 Figulus.
1342 1985 1495 2018 Cicerone
1512 1986 1582 2016 ver&
1609 1997 1668 2026 pe·

913 2032 1000 2056 tente
1012 2027 1217 2063 consulatum,
1240 2027 1310 2057 cum
1334 2027 1367 2057 in
1390 2028 1457 2058 dies
1472 2027 1605 2058 ambitus
1619 2029 1668 2058 fu-

914 2079 963 2098 ror
990 2075 1154 2110 augeretur
1181 2076 1309 2110 propter
1324 2070 1490 2101 Catilinam
1515 2077 1547 2100 et
1566 2070 1668 2102 Anto-

912 2112 1008 2147 nium,
1020 2112 1128 2152 paucis
1145 2112 1254 2142 diebus
1267 2121 1339 2142 ante
1350 2114 1476 2143 comitia
1490 2114 1613 2143 censuit
1621 2124 1670 2144 se-

912 2160 1014 2188 natus,
1031 2160 1065 2184 nt
1079 2155 1127 2184 lex
1144 2154 1289 2193 ambitus,
1306 2155 1413 2185 addita
1430 2156 1545 2196 majore
1562 2156 1670 2196 poena,

914 2197 1054 2226 ferretur.
1097 2197 1182 2227 Huic
1204 2196 1274 2227 011111
1300 2197 1507 2229 intercederet
1531 2198 1670 2229 501101115-

916 2239 1056 2269 consulto
1084 2240 1125 2276 Q.
1153 2240 1274 2270 Mutius
1298 2241 1471 2278 Orestinus,
1495 2241 1616 2278 Cicero,
1638 2242 1671 2272 in

918 2282 1048 2322 gratiam
1063 2282 1198 2318 senatus,
1213 2289 1320 2313 contra
1336 2284 1480 2315 Catilinae
1493 2289 1525 2314 et
1540 2284 1672 2315 Antonii

915 2325 1098 2355 concionem
1113 2326 1255 2356 invectus
1268 2331 1324 2362 est,
1352 2327 1509 2368 suasitque
1525 2331 1558 2357 ut
1571 2333 1672 2358 secta-

919 2374 1015 2397 torum
1030 2379 1172 2399 numerus
1181 2369 1376 2400 definiretur:
1394 2370 1448 2400 sed
1460 2380 1516 2411 per
1526 2372 1670 2401 eumdem

917 2411 1073 2441 tribunum
1091 2411 1179 2452 plebs
1194 2411 1256 2452 legi
1271 2412 1400 2443 obstitit.

959 2454 1012 2484 64.
1051 2454 1090 2483 At
1118 2455 1279 2494 spectacula
1306 2462 1375 2485 sunt
1410 2456 1543 2486 tributim
1571 2457 1671 2498 datas}

919 2496 1100 2537 Objectioni
1115 2507 1202 2532 novae
1226 2497 1338 2528 Cicero
1361 2500 1541 2539 respondet,
1557 2498 1670 2538 nempe

919 2539 1085 2569 Murenam
1112 2540 1172 2570 suis
1188 2540 1348 2571 tribulibus
1375 2542 1414 2570 ad
1432 2542 1612 2581 spectacula
1625 2541 1671 2571 lo-

919 2592 989 2612 cum
1015 2583 1156 2620 dedisse,
1179 2588 1212 2613 et
1238 2583 1364 2614 vocasse
1380 2585 1418 2614 ad
1435 2584 1585 2613 convivia.
1630 2583 1670 2613 Id

917 2630 1021 2654 autem
1039 2625 1078 2654 ab
1094 2626 1176 2655 omni
1203 2626 1350 2656 memoria
1374 2627 1489 2656 factum
1505 2636 1573 2655 esse
1595 2635 1671 2656 con-

918 2667 1029 2698 tendit.
1077 2667 1172 2698 Porrd
1192 2669 1370 2709 spectacula
1389 2669 1457 2698 loca
1472 2674 1572 2698 erecta
1589 2674 1672 2707 sunt,

919 2709 1022 2750 quaei
1050 2709 1168 2742 Graecis
1194 2712 1314 2742 theatra
1329 2711 1483 2747 dicuntur,
1507 2721 1545 2742 ex
1560 2712 1671 2753 quibu·

919 2752 987 2783 ludi
1001 2754 1232 2793 spectabantur.
1650 2764 1651 2767 ¹

1202 2796 1271 2835 1>2

1666 126 1750 176 181·
