1838 3017
674 156 937 195 PHILIPPICA
959 162 1009 196 11.
1615 160 1699 204 443

69 239 166 281 ⁸isti
203 246 247 282 et
279 239 443 292 redisti,
484 245 535 281 ut
571 248 854 296 cognosceret
883 244 941 289 te,
983 237 1020 279 si
1063 235 1203 278 mincis
1236 235 1405 289 fortem,
1435 240 1626 280 attamen

70 295 88 319 ι’
101 303 335 340 strenuum.
379 296 537 338 Factus
554 311 599 338 es
616 297 654 338 ei
672 310 813 338 rursus
830 295 977 336 nescio
993 293 1209 350 quomodo
1228 293 1462 335 familiaris.
1507 301 1521 318 ⁶
1540 294 1626 335 Ha-

70 352 201 395 bebat
220 355 304 396 hoc
325 353 498 396 omnino
519 353 688 405 Caesam
710 367 836 409 quem
854 349 978 407 plau&⁸
999 351 1212 407 perditum
1228 365 1309 391 aere
1327 350 1481 401 alieno,
1499 365 1628 406 egeu-

71 416 260 467 temque,
296 410 332 452 si
375 411 573 452 eumdem
610 423 793 466 nequam
824 408 1041 449 hominem
1077 408 1369 462 audacemque
1400 408 1625 463 cognorat,

71 465 188 508 hunc
208 467 252 508 in
284 466 616 508 familiaritatem
637 465 920 507 libentissime
941 464 1185 520 recipiebat.
1249 463 1329 504 His
1352 463 1482 519 igitur
1501 465 1627 505 rebus

70 523 273 578 praeclare
293 525 635 571 commendatus,
660 524 809 579 jussus
842 536 886 563 es
918 520 1147 562 renuntiari
1179 520 1346 570 consul,
1379 527 1421 560 et
1451 521 1628 576 quidem

72 594 170 621 cum
199 570 309 636 ipso.
364 580 482 621 Nihil
504 594 658 636 queror
679 580 732 620 de
755 578 997 628 Dolabella,
1026 577 1098 633 qui
1119 584 1209 617 tum
1231 583 1296 617 est
1316 576 1541 631 impulsus,
1564 577 1629 617 in-

71 635 242 688 ductus,
265 638 424 678 elusus.
476 637 574 686 Qua
594 636 637 676 in
657 651 700 677 re
729 642 891 692 quanta
912 633 1038 674 fuerit
1058 633 1278 688 utriusque
1295 633 1480 673 vestrum
1504 634 1628 689 perfi-
1651 634 1702 675 10

72 692 143 734 dia
162 693 206 734 in
229 693 515 742 Dolabellam,
549 693 644 750 quis
666 690 862 748 ignorat?
924 690 998 730 Ille
1020 688 1205 738 induxit,
1236 695 1285 728 ut
1315 695 1502 745 peteret:
1537 705 1630 746 pro-
1673 728 1676 734 ,
1737 735 1744 741 ,

70 749 250 791 missum
270 757 313 792 et
332 758 550 806 receptum
568 745 819 797 intervertit,
839 747 893 787 ad
912 760 1043 800 seque
1061 744 1303 786 transtulit:
1326 753 1372 785 tu
1391 746 1482 800 ejus
1504 747 1631 802 perfi-
1667 759 1713 783 'sa-1.
1726 742 1753 779 Q
1771 753 1778 779 i
1802 755 1835 805 ,τ’

71 805 153 846 diae
174 807 439 848 voluntatem
460 813 578 846 tuam
598 803 905 859 dadscripsisti.
966 801 1159 843 Veniunt
1179 800 1380 842 Calendoe
1397 802 1418 842 J
1426 803 1629 846 anuariae:

72 862 267 917 cogimur
287 863 331 903 in
352 868 576 904 senatum:
607 861 803 909 invectus
835 866 902 900 est
935 858 1156 915 copiosius
1187 858 1322 899 multo
1353 858 1396 899 in
1427 858 1556 900 istum
1589 868 1633 902 et

70 918 264 974 paratius
313 918 556 969 Dolabella,
587 917 720 974 quam
750 931 864 956 nunc
896 930 991 971 ego.
1072 914 1158 956 Hic
1193 922 1336 956 autem
1373 915 1504 957 iratus
1536 932 1632 973 quae
1655 918 1705 959 15

71 975 196 1026 dixit,
217 975 298 1028 (dii
320 975 422 1017 boni
439 975 466 1026 !)
496 977 594 1016 cum
616 974 802 1031 primum
823 972 969 1013 Caesar
990 971 1265 1021 ostendisset,
1288 986 1348 1020 se,
1370 972 1482 1028 prius
1504 975 1633 1029 quam

68 1031 426 1087 proficisceretur,
462 1031 736 1072 Dolabellam
767 1029 990 1071 consulem
1021 1043 1114 1070 esse
1140 1029 1360 1084 jussurum
1392 1033 1538 1084 (quem
1559 1045 1634 1072 ne-

70 1095 175 1145 gant
206 1103 365 1145 regem,
399 1089 472 1144 qui
493 1095 536 1129 et
556 1088 718 1129 faceret
739 1100 904 1142 semper
926 1084 1138 1141 ejusmodi
1159 1084 1339 1141 aliquid,
1362 1093 1406 1126 et
1426 1085 1632 1140 diceret),

70 1144 164 1195 sed,
183 1145 281 1187 cum
296 1145 442 1186 Caesar
455 1145 516 1186 ita
532 1145 728 1195 dixisset,
745 1151 836 1185 tum
853 1143 924 1184 hic
947 1144 1082 1183 bonus
1099 1156 1237 1198 augur
1255 1156 1306 1182 eo
1324 1156 1369 1182 se
1389 1144 1632 1186 sacerdotio

51 1202 301 1257 “praedvitum
333 1216 428 1244 esse
458 1201 585 1252 dixit,
612 1209 661 1242 ut
681 1199 855 1242 comitia
873 1198 1077 1254 auspiciis
1095 1199 1161 1239 vel
1178 1198 1382 1254 impedire
1400 1200 1465 1240 vel
1485 1200 1633 1242 vitiare
1651 1203 1708 1245 20

67 1250 240 1313 poss-et3
261 1258 392 1314 idque
427 1273 474 1299 se
502 1257 714 1299 facturum
736 1271 830 1298 esse
852 1255 1127 1297 asseveravit.
1189 1254 1239 1295 In
1262 1269 1345 1311 quo
1367 1255 1548 1311 primum
1571 1258 1634 1299 in-

72 1314 326 1357 credibilem
359 1314 659 1372 stupiditatem
678 1313 865 1356 hominis
887 1311 1155 1369 cognoscite.
1200 1311 1316 1360 Quid
1333 1312 1476 1354 enim?
1507 1314 1634 1366 istuc,

1672 352 1698 391 (η

159 1516 314 1558 aivisti.
432 1515 450 1540 r,
455 1530 578 1571 prom
578 1523 721 1572 ptum.
839 1525 854 1543 ⁰
867 1524 961 1561 erat
981 1520 1030 1561 eci
1049 1518 1202 1561 indole.
1318 1519 1337 1542 ‘¹
1346 1521 1563 1563 addidisti.

113 1687 142 1717 9.
179 1685 254 1716 Cum
281 1687 368 1728 ipso]
415 1687 520 1719 Caesar
550 1689 691 1729 quartum
725 1689 833 1720 consul
921 1692 972 1721 15.
996 1690 1056 1721 Hic
1070 1696 1166 1721 autem
1181 1690 1304 1730 iratus]
1327 1689 1493 1724 Antonius.

69 1725 170 1759 factus
197 1735 257 1768 est,
278 1730 400 1771 sibique
415 1731 567 1771 collegam
584 1732 750 1772 assumpsit
764 1733 833 1762 An-
920 1736 971 1764 16.
997 1733 1087 1763 Priiis
1115 1734 1201 1773 quum
1227 1734 1480 1775 proficisceretur]
1534 1733 1638 1765 Caesar

70 1771 201 1808 tunium,
224 1778 259 1802 ut
284 1773 393 1814 postea
416 1772 617 1805 Dolabellam
641 1775 699 1805 sibi
723 1775 835 1805 substi-
877 1777 1037 1817 cogitabat
1050 1777 1091 1806 de
1104 1776 1186 1806 bello
1202 1775 1324 1806 Parthis
1345 1776 1520 1813 inferendo,
1543 1782 1576 1807 et
1597 1778 1638 1808 de

71 1820 184 1850 tueret,
207 1816 282 1856 quia
304 1817 451 1847 abdicare
476 1827 510 1848 se
531 1817 694 1849 consulatu
709 1818 836 1849 volebat
878 1819 1095 1850 substituendo
1109 1819 1166 1849 sibi
1185 1818 1354 1849 Dolabella
1368 1820 1507 1850 consule.

75 1857 190 1888 Caesar.
921 1864 972 1892 17.
996 1862 1064 1892 Esse
1079 1862 1262 1903 jussurum]
1308 1861 1466 1893 Invidiose
1486 1864 1545 1894 hac
1562 1874 1638 1895 voce

115 1899 166 1931 Ib.
204 1899 291 1932 Nihil
316 1913 419 1942 queror
444 1904 479 1933 de.
509 1902 689 1945 Dolabella]
751 1903 831 1934 Cum
865 1906 1021 1945 jussurum
1051 1908 1156 1940 utitur,
1184 1905 1273 1945 quasi
1298 1914 1450 1935 summum
1465 1906 1524 1936 sibi
1540 1906 1637 1947 Reip-

73 1942 230 1974 Antonius
243 1944 365 1975 videret
378 1946 436 1976 sibi
453 1946 518 1976 dari
533 1947 685 1986 collegam
706 1947 739 1976 in
759 1957 834 1977 con·
877 1948 1071 1978 dominatum
1085 1947 1190 1978 Caesar
1205 1948 1433 1987 assumpsisset.
1467 1948 1552 1979 Nam
1570 1960 1639 1990 per-

76 1985 177 2016 sulatu
204 1985 403 2017 Dolabellam
427 1989 680 2024 inimicissimum,
705 1989 736 2018 in
763 1999 834 2019 eum
877 1990 998 2020 tinebat
1011 1990 1132 2021 tantum
1156 1990 1194 2019 ad
1219 1990 1362 2020 consules
1384 1991 1583 2031 interrogare,
1607 1999 1640 2023 et

74 2028 342 2059 vehementissime
358 2030 499 2061 invectus
514 2037 576 2068 est3
599 2038 642 2067 et,
658 2041 690 2060 re
704 2031 833 2070 infecti,

74 2078 201 2103 senatus
228 2071 371 2102 dimissus
399 2078 455 2103 est.
502 2072 646 2114 Cumque
666 2073 698 2103 in
722 2073 835 2104 eadem

75 2124 199 2155 semper
214 2120 296 2146 esset
306 2113 412 2146 Caesar
430 2115 603 2152 voluntate,
626 2116 755 2157 auguria
769 2115 836 2147 An-

78 2158 181 2188 tonius
196 2156 321 2197 objecit.

119 2200 171 2231 Ib.
193 2199 365 2242 Impulsus]
411 2201 579 2232 Dolabella
602 2203 642 2232 ad
666 2203 837 2243 petendum

76 2243 270 2274 consulatum
297 2243 316 2273 εἴ
338 2243 461 2276 Caesare
488 2245 638 2286 impulsus
665 2247 785 2283 fuerat3
819 2245 838 2275 a.

79 2296 142 2327 quo
159 2287 268 2327 postea
288 2287 439 2328 deceptus
463 2292 521 2319 est.
564 2287 648 2319 Nam
673 2288 839 2329 assumpsit

79 2329 231 2370 collegam
247 2328 429 2362 Antonium.

124 2374 177 2402 11.
199 2371 283 2412 lua]
314 2372 427 2404 Caesar.

125 2418 179 2447 12.
204 2414 400 2455 Inter-vertit]
427 2415 632 2448 Intervertere
647 2417 770 2458 proprie
794 2422 842 2448 est

81 2468 147 2489 rem
170 2457 264 2490 alicui
290 2459 469 2499 promissam
493 2460 532 2490 ad
558 2471 591 2490 se
614 2462 789 2496 transferre,
810 2465 843 2491 et

82 2500 203 2532 efficere
225 2500 389 2539 malitiose,
410 2513 450 2534 ne
467 2502 554 2544 justo
573 2503 742 2545 possessori
756 2503 843 2534 resti-

82 2549 196 2575 luatur.

127 2588 180 2620 13.
204 2586 324 2619 calend.
344 2587 434 2630 Jam]
479 2587 538 2619 His
554 2588 702 2620 Calendis
724 2589 843 2619 inibant

83 2630 296 2670 magistratum
309 2632 463 2668 consules,
475 2637 507 2662 et
518 2637 660 2663 senatum
675 2632 752 2664 boni
766 2631 845 2663 omi·

86 2673 136 2703 nis
152 2673 246 2703 causa
260 2676 484 2706 convocabant.

130 2717 185 2746 14.
216 2714 255 2746 In
275 2717 390 2758 istum]
434 2717 476 2748 In
500 2717 671 2749 Antonium
699 2717 843 2748 invectus

88 2764 137 2789 est
152 2758 331 2795 Dolabella,
356 2759 427 2791 cum
450 2770 514 2790 non
538 2763 669 2795 auderet
687 2760 723 2794 iu
739 2760 845 2793 Caesa-

87 2811 166 2841 reru,
179 2801 197 2834 ἂ
211 2812 275 2845 quo
289 2802 442 2844 deceptus
455 2803 567 2839 fuerat.

878 2034 918 2063 ad
937 2033 1085 2073 populum
1097 2032 1218 2073 jubere.

922 2075 970 2105 Ib.
996 2075 1088 2109 Quem
1108 2080 1215 2115 negant
1236 2075 1359 2116 regem]
1406 2075 1565 2107 Dicebant
1596 2077 1641 2108 illi

880 2117 1033 2148 Caesarem
1057 2127 1118 2148 non
1141 2127 1246 2157 regem
1269 2128 1348 2156 esse,
1373 2117 1442 2149 cnm
1466 2120 1572 2159 rever-51
1588 2130 1639 2150 rex
1663 2121 1667 2125 ’

881 2166 974 2195 essct,
1004 2159 1075 2191 etun
1104 2161 1208 2191 omnia
1234 2161 1274 2190 ad
1297 2161 1456 2192 arbitrium
1478 2157 1586 2203 ageret
1607 2163 1640 2194 in

881 2203 1054 2244 republica.

927 2248 978 2277 19.
1002 2246 1100 2276 Bonus
1113 2246 1240 2287 augum]
1287 2246 1404 2279 Ironia.

926 2289 975 2320 lb.
1010 2289 1198 2328 Sacerdoti0.-]
1258 2289 1453 2331 Auguratum
1484 2290 1641 2332 intelligit,

883 2332 937 2374 qui
951 2343 1038 2364 sacer
1053 2333 1234 2363 habebatur.

927 2379 980 2407 20.
1004 2375 1127 2406 Comitia
1141 2376 1302 2416 auspiciis]
1346 2376 1435 2407 Sicut
1448 2376 1641 2408 intercedere

885 2418 998 2449 tribuni
1015 2423 1169 2459 poterant,
1185 2419 1228 2449 ita
1243 2429 1374 2461 augures
1389 2419 1584 2457 obnuntiare,
1600 2430 1640 2450 ne

885 2471 955 2492 curn
971 2461 1088 2503 populo
1104 2467 1255 2501 ageretur.

929 2504 945 2535 Ι
951 2506 979 2535 b.
1007 2504 1144 2545 Vitiare]
1183 2504 1354 2545 Postquam
1366 2504 1473 2536 habita
1486 2509 1574 2535 erant
1588 2514 1640 2534 co-

884 2547 982 2584 mitia,
1005 2553 1150 2588 poterant
1171 2549 1335 2579 ostendere
1351 2558 1481 2589 augures
1503 2547 1536 2576 in
1558 2546 1641 2577 elec-

885 2591 971 2622 tione
997 2589 1156 2621 consulum
1180 2590 1288 2621 vitium
1309 2590 1435 2631 aliquod
1460 2590 1508 2620 vel
1535 2588 1642 2619 defec-

887 2639 951 2664 tum
974 2633 1082 2671 fuisse,
1105 2644 1135 2664 v.
1158 2644 1188 2673 g.
1212 2633 1295 2674 qudd
1320 2634 1359 2663 de
1382 2633 1460 2663 coelo
1489 2636 1641 2662 servatum

887 2686 950 2707 non
965 2676 1015 2711 sit,
1031 2675 1114 2716 quod
1131 2676 1276 2711 tonuerit,
1292 2675 1413 2715 pluerit,
1435 2679 1496 2707 etc.

929 2721 982 2750 22.
1006 2717 1112 2759 Isana]
1158 2718 1305 2748 Ostendit
1325 2717 1485 2748 stultitiam
1498 2716 1644 2754 Antonii,

886 2761 961 2806 quia
972 2761 1136 2803 ignorabat
1150 2761 1227 2803 quid
1239 2761 1278 2792 sit
1291 2760 1464 2802 augurium.
