1790 3090
116 137 201 180 322

109 886 165 928 25
176 889 356 936 ‚fuerunt
371 891 378 930 l

811 135 902 170 PRO
933 135 1124 169 MILONE.

187 213 280 250 tum
311 208 572 266 reipublicae,
604 207 726 264 paene
760 208 944 250 interfici
974 221 1190 250 servorum
1221 221 1365 260 manu,
1397 209 1496 250 cum
1526 208 1746 252 mihibad-

188 272 330 308 esset:
364 266 448 322 qua
481 266 524 306 in
554 265 681 306 turba
704 265 754 307 C.
775 265 982 307 Vibienus
1013 272 1198 316 senator,
1214 266 1277 307 vir
1308 265 1512 322 optimus,
1534 281 1632 308 cum
1662 267 1747 309 hoc

116 317 167 361 15
187 322 283 365 cum
323 329 437 364 esset
475 321 575 371 una,
612 322 672 363 ita
711 329 779 363 est
816 324 1041 364 cmultatus
1077 329 1125 363 ut
1153 322 1283 364 vitam
1323 323 1521 364 amiserit.

1593 323 1745 387 Itaque

186 380 360 435 quando
382 379 495 420 illius
514 378 667 434 postea
687 379 779 420 sica
800 379 887 431 illa,
909 394 1037 436 quam
1057 378 1083 419 a
1105 379 1294 420 Catilina
1314 386 1552 435 acceperat,
1569 394 1746 435 conqui-

186 436 301 476 evit?
334 435 426 476 haec
448 436 658 477 intentata
687 435 811 477 nobis
841 443 930 477 est:
963 436 1062 477 huic
1095 450 1174 493 ego
1204 450 1279 477 vos
1302 437 1432 493 objici
1464 451 1539 493 pro
1571 451 1638 477 me
1660 451 1747 477 non

185 506 279 532 sum
293 507 468 547 passus:
493 492 587 534 haec
600 492 803 533 insidiata
820 492 1028 548 Pompeio
1043 500 1108 534 est
1123 510 1131 534 :
1169 493 1262 534 haec
1276 493 1402 535 istam
1419 493 1608 549 Appiam
1621 492 1745 541 viam,

183 548 495 590 monimentum
517 549 582 590 sui
607 549 809 601 nominis,
830 564 934 591 nece
958 549 1120 606 Papirii
1142 550 1403 592 cruentavit:
1434 550 1543 599 haec,
1563 550 1656 591 haec
1677 565 1748 591 ea·

109 601 165 642 20
185 605 283 650 dem
304 606 434 662 longo
456 606 680 647 intervallo
704 621 910 648 conversa
940 621 1083 648 rursus
1116 614 1182 648 est
1212 607 1255 647 in
1285 622 1373 647 me:
1404 621 1538 663 nuper
1559 607 1746 663 quidem,

183 669 233 703 ut
254 662 388 712 scitis,
407 678 472 705 me
491 664 544 704 ad
567 663 750 719 Regiam
770 662 892 718 paene
911 663 1111 705 confecit.
1143 663 1259 712 Quid
1281 664 1418 704 simile
1435 663 1642 704 Milonis?
1673 678 1747 704 cu-

177 719 252 774 jus
272 719 336 760 vis
361 720 498 761 omnis
529 720 622 761 haec
656 735 823 776 semper
852 720 945 772 fuit,
967 735 1019 761 ne
1043 720 1093 761 P.
1116 720 1311 770 Clodius,
1333 720 1430 762 cum
1461 720 1505 761 in
1530 719 1745 775 judicium

183 775 376 817 ddetrahi
409 792 494 818 non
528 784 691 833 posset,
712 777 752 818 vi
790 792 1040 833 oppressam
1073 777 1291 818 civitatem
1327 783 1517 828 teneret3
1545 791 1673 833 quem
1709 776 1747 817 si

183 832 422 874 interficere
444 833 667 885 voluisset,
686 840 872 889 quantae,
889 833 1061 890 quoties
1083 834 1349 884 occasiones,
1366 834 1498 890 quam
1519 834 1745 890 praeclarae,

440 890 676 941 Potuit-ne,
699 889 797 931 cum
827 891 1002 931 domum
1032 906 1084 931 ac.
1104 891 1207 932 deos
1239 898 1416 947 penates
1438 905 1554 942 SUOS,
1575 890 1648 931 illo
1671 905 1747 946 op-

182 952 419 1000 pugnante,
459 946 722 996 defenderet,
749 948 844 1002 jure
879 962 925 987 se
960 947 1142 988 ulcisci?
1175 948 1403 1002 potuit-ne,
1439 947 1533 989 cive
1570 948 1743 1003 egregio

184 1008 228 1043 et
249 1002 337 1043 viro
358 1002 607 1054 fortissimo,
636 1002 688 1043 P.
710 1002 874 1054 Sextio,
907 1003 1075 1058 collega
1106 1017 1197 1051 suo,
1228 1004 1482 1045 vulnerato?
1513 1004 1744 1059 potuit-ne,

185 1059 238 1107 Q.
279 1058 491 1110 Fabricio,
524 1059 613 1100 viro
655 1059 831 1115 optimo,
873 1058 970 1100 cum
1016 1061 1069 1100 de
1104 1060 1241 1100 reditu
1288 1074 1385 1101 meo
1423 1061 1565 1115 legem
1603 1061 1745 1112 ferret,

181 1115 325 1171 pulso,
347 1115 643 1157 crudelissima
659 1115 703 1156 in
720 1117 811 1158 foro
831 1116 950 1158 caede
966 1115 1115 1158 fact-21?
1146 1115 1377 1172 potuit-ne,
1396 1116 1442 1157 L.
1461 1115 1747 1172 Caecilii‚jus-

108 1172 164 1212 30
183 1171 352 1221 tissimi,
383 1173 696 1229 fortissimique
721 1174 930 1230 praetoris,
962 1172 1211 1229 oppugnata
1244 1173 1402 1215 domo?
1432 1172 1648 1229 potuit-ne
1672 1173 1747 1215 illo

183 1229 269 1281 die,
293 1229 388 1271 cum
411 1237 478 1271 est
497 1231 583 1271 lata
601 1231 671 1271 lex
693 1231 746 1272 de
768 1230 865 1272 me?
903 1229 1002 1271 cum
1023 1231 1155 1271 totius
1188 1230 1326 1272 Italiae
1347 1245 1598 1282 concursus,
1620 1245 1748 1287 quem

182 1301 278 1328 mea
312 1286 427 1329 salus
463 1287 721 1338 concitarat,
762 1287 866 1330 facti
914 1287 1029 1328 illius
1068 1287 1248 1344 gloriam
1297 1287 1436 1330 libens
1475 1287 1750 1344 agnovisset3

353 1459 600 1514 ”patrocino
609 1465 741 1502 retur.

182 1617 259 1648 isset
274 1617 386 1648 Cicero
402 1628 470 1662 reus
495 1618 513 1648 a
535 1617 615 1648 Pub.
633 1617 761 1654 Clodio,
776 1617 874 1648 voluit
900 1629 947 1649 se-

181 1665 272 1691 natus
290 1662 470 1697 decernere,
493 1666 527 1691 ut
553 1661 689 1702 populus
715 1661 811 1692 Rom.
828 1666 948 1692 vestem

185 1709 336 1741 mutaret3
361 1705 416 1734 sed
448 1711 555 1735 contra
591 1705 767 1735 sentiebant
805 1705 948 1735 consules

184 1746 258 1777 Piso
275 1753 305 1777 et
322 1747 486 1778 Gabinius.
534 1747 664 1778 Clodius
685 1747 852 1788 paludatus
868 1747 949 1778 circa

183 1790 300 1820 curiam
316 1800 385 1820 cum
410 1790 594 1820 satellitibus
611 1792 795 1830 vagabatur:
821 1791 837 1821 ὲ
853 1801 945 1820 sena-

183 1838 216 1862 tu
233 1833 399 1874 prorupere
417 1834 544 1873 quidam
561 1840 732 1871 senatores,
749 1834 816 1874 qui,
829 1834 944 1864 lacera-

183 1876 221 1906 lis
247 1876 392 1911 vesuibus,
419 1875 567 1906 turnultus
597 1876 732 1917 speciem
759 1876 887 1913 dedere,
911 1881 945 1906 ut

183 1919 270 1949 Plut.
282 1919 374 1949 refert
390 1920 420 1949 in
436 1919 501 1950 Cic.
548 1919 586 1948 In
603 1930 641 1949 eo
658 1919 792 1949 tumultu
808 1920 945 1949 Horten-

184 1963 245 1992 sius
270 1969 301 1992 et
324 1962 476 1993 Vibienus
500 1962 618 2003 aliquid
646 1963 684 1992 ab
712 1963 836 1992 armatis
862 1962 946 2003 passi

184 2011 265 2034 sunt.

228 2049 280 2079 16.
302 2049 328 2078 A
346 2048 503 2089 catilina]

182 2102 236 2122 cus
253 2092 322 2122 fuit.

226 2134 276 2165 Ib.
303 2134 504 2174 Conquievit]
554 2133 629 2164 Non
654 2144 691 2164 eo
714 2134 851 2165 facinore
868 2145 944 2165 con-

184 2178 303 2218 quievit
316 2179 398 2208 furor
415 2178 531 2213 Clodii,
547 2178 600 2208 sed
626 2177 729 2218 erupit
751 2188 874 2218 semper
896 2178 944 2207 ul-

183 2220 276 2251 terius
290 2236 297 2259 3
324 2221 508 2252 Ciceronem
524 2220 607 2251 enim
624 2226 657 2251 et
672 2221 858 2262 Pompeium
875 2231 946 2262 per-

182 2270 306 2295 secutus
325 2270 381 2294 est.

226 2310 278 2338 18.
302 2307 463 2347 Pompeia]
511 2306 726 2338 Collocaverat
749 2307 879 2338 Clodius
905 2307 946 2337 si-

183 2350 298 2380 carium
324 2350 355 2380 in
381 2350 502 2380 insidiis
527 2351 564 2380 ad
591 2350 782 2391 Pompeium
799 2351 946 2382 occiden-

185 2394 280 2430 dum3
303 2394 343 2423 dc
359 2404 420 2434 quo
437 2393 519 2433 saepe
538 2393 658 2423 Cicero.

228 2438 280 2466 19.
306 2435 380 2466 Nece
396 2436 538 2476 Papirii]
584 2435 634 2466 De
651 2437 709 2466 hoc
723 2435 876 2475 superius.

227 2483 280 2511 21.
304 2479 355 2509 Me
370 2479 407 2508 ad
424 2478 543 2519 Regiam
554 2478 636 2518 pcrne
649 2478 798 2519 corffecinj
827 2479 894 2508 Lib.
911 2482 941 2509 4.

185 2522 224 2552 ad
242 2521 310 2552 Att.
327 2522 370 2552 sic
387 2521 445 2551 ait.-
473 2521 547 2551 Czim
562 2521 655 2553 Sam-ti
675 2522 726 2552 l'icz
742 2523 945 2558 descenderem,

186 2567 329 2596 insecutus
357 2570 395 2595 est
421 2575 465 2594 me
491 2575 556 2594 cum
584 2566 660 2594 suis.-
682 2566 800 2603 clamor,
828 2566 946 2604 lapides,

175 2607 284 2649 fustes,
312 2608 428 2649 gladii,-
453 2607 510 2637 haec
541 2609 693 2647 improvisa
722 2610 830 2639 omnia.
890 2608 947 2638 Est

187 2656 291 2681 autem
307 2651 393 2690 regia
409 2650 495 2681 locus
510 2651 543 2680 in
559 2650 621 2681 via
649 2650 743 2681 Sacra
766 2657 851 2681 extra
877 2650 945 2680 Ro-

186 2704 280 2729 mam,
301 2694 353 2723 ubi
380 2693 485 2723 Numa
513 2693 686 2735 Pompilius
710 2705 763 2725 rex
787 2694 946 2725 Romano-

185 2747 250 2767 rum
266 2737 420 2767 secundus
445 2736 605 2770 habitavit.
649 2737 753 2779 Regia
769 2738 850 2769 enim
864 2737 946 2778 regis

565 2047 710 2079 Catilinae
726 2048 854 2079 Clodius
870 2047 946 2078 ami-

128 2776 137 2785 “
185 2780 297 2811 doinus
313 2780 439 2813 dicitur.

859 1458 990 1501 cmale
1014 1464 1239 1502 tractatus.

1361 1459 1377 1483 ἃ
1379 1461 1593 1514 pertrahi.

1035 1618 1083 1648 Ib.
1111 1618 1189 1653 Quid
1214 1618 1307 1649 simile
1331 1617 1486 1659 Μίἰοηὶεἲ]
1532 1616 1604 1648 Jam
1633 1616 1756 1648 confert

992 1660 1149 1692 Milonem
1163 1672 1234 1692 cum
1251 1661 1375 1692 Clodio.

1035 1705 1088 1735 25.
1112 1704 1238 1735 Domum
1272 1715 1305 1734 ac
1342 1706 1406 1735 deos
1432 1703 1573 1744 penates]
1619 1702 1691 1734 Lib.
1722 1705 1755 1736 4.

992 1746 1093 1787 Epist.
1111 1750 1142 1778 3.
1159 1748 1199 1777 ad
1215 1747 1313 1779 Attic.
1328 1749 1372 1778 sic
1384 1747 1447 1784 ait3
1470 1746 1602 1778 Milonis
1614 1747 1752 1783 domum,

987 1801 1152 1831 meamque
1173 1791 1205 1820 in
1223 1790 1368 1821 Ceramio
1389 1789 1491 1831 pridie
1514 1790 1584 1820 idus
1610 1789 1753 1820 Novem-

988 1834 1050 1863 bris
1068 1844 1246 1874 expugnare
1260 1840 1292 1864 ct
1306 1834 1476 1864 incendere
1490 1833 1536 1863 ita
1549 1838 1680 1863 conatus
1694 1838 1754 1869 cst,

988 1882 1023 1906 ut
1044 1876 1147 1916 palam
1172 1876 1247 1906 hora
1269 1876 1380 1918 quinta
1399 1881 1470 1906 cum
1491 1876 1586 1906 scutis
1611 1875 1753 1906 homines

989 1919 1109 1950 eductis
1130 1919 1255 1960 gladiiS,
1272 1920 1348 1950 alios
1373 1929 1443 1950 cum
1467 1918 1606 1949 accensis
1621 1919 1753 1955 facibus,

989 1963 1164 1994 adduxerit.
1225 1962 1300 2003 Ipse
1317 1963 1443 1992 domum
1461 1961 1500 1991 P.
1515 1961 1612 2002 Syllae
1629 1971 1684 2002 pro
1700 1971 1754 1992 ca-

989 2005 1057 2035 stris
1069 2006 1106 2034 ad
1118 2016 1186 2035 eam
1201 2005 1469 2046 oppugnationem
1484 2010 1674 2044 sumpseratt
1686 2010 1752 2035 tum

989 2059 1027 2078 ex
1064 2048 1212 2078 Anniana
1250 2048 1380 2079 Milonis
1417 2048 1512 2077 domo
1549 2047 1592 2084 Q.
1621 2047 1751 2078 Flaccus

989 2091 1096 2121 eduxit
1119 2091 1199 2121 viros
1224 2102 1322 2128 acres,
1345 2090 1523 2131 occiditque
1549 2090 1691 2121 homines
1712 2101 1751 2121 ex

988 2135 1072 2164 omni
1088 2134 1247 2165 latrocinio
1264 2134 1418 2165 Clodiano
1430 2133 1624 2164 notissimos:
1647 2133 1750 2174 ipsum

987 2177 1127 2218 cupivit;
1153 2178 1208 2208 sed
1234 2177 1286 2208 ille
1314 2188 1346 2208 se
1372 2177 1404 2207 in
1430 2176 1608 2208 interiorem
1630 2183 1750 2217 partem

990 2220 1252 2251 aeuiu1n.abdidit.

1034 2266 1086 2294 27.
1111 2263 1148 2295 P.
1166 2263 1268 2299 Sextio,
1283 2262 1420 2304 collegci]
1465 2262 1546 2293 Milo
1565 2264 1605 2293 'et
1627 2261 1749 2293 Sextius

989 2307 1104 2338 tribuni
1131 2307 1230 2348 plebis
1253 2307 1379 2337 fuerunt
1403 2316 1486 2336 anno
1508 2310 1579 2346 post
1602 2304 1749 2336 Clodium

990 2351 1139 2390 proximo.
1166 2349 1204 2380 In
1221 2349 1371 2380 Oratione
1387 2359 1444 2390 pro
1461 2348 1569 2379 Sextio
1584 2347 1663 2378 dicit
1677 2358 1747 2378 eum

987 2393 1101 2433 viginti
1124 2393 1283 2432 accepisse
1299 2392 1438 2428 vulnera,
1462 2397 1494 2422 et
1517 2395 1646 2422 mortem
1675 2401 1751 2421 eva-

987 2436 1062 2466 sisse
1080 2447 1113 2466 se
1132 2443 1284 2467 mortuum
1301 2435 1488 2466 simulando.

1030 2482 1081 2509 ⁶28.
1131 2479 1167 2513 Q.
1193 2478 1355 2519 Fabricio]
1414 2476 1572 2508 Fabricius
1609 2476 1749 2506 tribunus

990 2521 1091 2562 plebis
1106 2532 1175 2552 cum
1201 2521 1317 2557 Sextio,
1334 2526 1443 2551 octavo
1459 2520 1614 2551 Calendas
1632 2519 1749 2550 Febru-

990 2565 1056 2599 arii,
1073 2564 1206 2595 armatbs
1232 2564 1370 2604 homines
1392 2563 1425 2594 in
1447 2563 1597 2604 templum
1611 2562 1748 2594 Castoris

989 2607 1128 2638 deduxit.

1033 2652 1085 2681 29.
1114 2649 1146 2679 L.
1164 2649 1298 2689 Caecilii.]
1344 2649 1396 2680 De
1411 2659 1449 2679 eo
1466 2648 1593 2679 Caecilio
1609 2647 1686 2678 nihil
1701 2648 1748 2678 lo·

991 2693 1094 2735 quitur
1109 2692 1285 2730 Asconius3
1310 2692 1350 2722 de
1366 2703 1404 2722 eo
1417 2697 1519 2722 tamen
1543 2692 1678 2733 loquitur
1694 2691 1748 2723 Ci-

990 2747 1062 2769 cero
1073 2737 1106 2768 in
1122 2736 1272 2767 OratIOne
1289 2741 1359 2777 post
1374 2735 1526 2768 Reditum
1541 2735 1575 2767 in
1591 2740 1713 2767 senatu.
