1838 3017
671 163 733 195 DE
756 159 1026 196 SENECTUTE.
1543 159 1629 202 477

76 230 135 280 Et
153 239 299 289 multa,
319 239 513 290 fortasse,
534 253 629 295 quae
650 241 763 282 vult:
796 245 925 296 atque
948 240 990 279 in
1012 251 1063 280 ea
1083 236 1273 293 quidem,
1295 250 1392 293 quae
1412 250 1498 279 non
1519 241 1625 289 vult,

78 311 189 352 saepe
211 297 336 339 etiam
359 297 648 338 adolescentia
667 297 853 339 incurrit.
916 296 1027 337 Illud
1056 294 1152 336 vero
1185 295 1300 335 idem
1330 294 1533 337 Caecilius
1566 297 1628 336 vi-

79 353 254 395 tiosius:

255 414 369 453 Tum
386 413 578 465 equidem
596 414 642 452 in
663 413 826 452 senet-td
843 413 919 451 lm(-
938 412 1095 463 deputo
1116 411 1418 459 miserrimum,

251 467 421 510 Sentire
440 466 489 509 ed
508 474 639 509 aetate
658 483 744 509 esse
763 483 806 509 se
825 469 1016 508 odiosum
1037 469 1175 507 alteri.

78 522 324 565 ,Iucundum
345 523 499 580 potius,
532 524 664 580 quam
685 524 906 565 odiosum:
943 530 992 564 ut
1013 523 1128 564 enim
1148 521 1496 563 adolescentibus
1515 521 1633 564 bona

80 581 225 622 indole
247 581 434 636 praeditis
455 581 670 637 sapientes
699 595 823 622 senes
853 580 1135 630 delectantur,
1166 578 1382 634 leviorque
1410 579 1460 620 fit
1487 593 1634 620 eorum

81 642 294 688 senectus,
314 638 383 693 qui
406 636 432 678 a
445 639 671 693 juventute
686 637 888 678 coluntur
903 643 947 677 et
960 635 1193 691 diliguntur
1209 650 1220 685 3
1251 634 1315 675 sic
1338 635 1635 676 adolescentes

83 706 234 734 senum
254 695 478 750 praeceptis
500 695 703 750 gaudent,
735 693 889 749 quibus
921 692 975 732 ad
1003 691 1208 732 virtutum
1229 690 1372 730 studia
1398 691 1635 731 ducuntur:

82 763 164 790 nec
185 749 324 791 minus
345 751 539 807 intelligo
560 765 627 792 me
649 750 785 798 vobis,
807 747 937 803 quam
953 761 1028 788 vos
1050 746 1154 787 mihi
1177 760 1270 787 esse
1285 747 1517 801 jucundos.
1549 746 1637 788 Sed

83 805 254 855 videtis,
284 814 333 848 ut
363 815 563 848 senectus
593 820 679 846 non
701 803 828 846 modo
847 803 1050 859 languida
1071 811 1199 858 atque
1221 802 1334 844 iners
1355 817 1443 844 non
1464 803 1533 854 sit,
1565 818 1638 844 ve-

83 861 176 902 rum
197 862 326 903 etiam
347 863 404 904 sit
425 877 615 918 operosa,
648 868 691 903 et
711 875 878 916 semper
899 874 1032 915 agens
1053 859 1217 915 aliquid
1238 866 1281 900 et
1300 859 1508 910 moliens3
1552 860 1638 901 tale

87 917 269 970 scilicet,
300 919 424 974 quale
455 919 664 974 cujusque
696 917 886 958 studium
917 917 959 957 in
990 916 1205 972 superiore
1234 916 1325 957 vit-11
1351 915 1446 957 fuit.
1507 916 1638 967 Quid,

85 973 203 1029 quod
223 974 355 1016 etiam
374 975 606 1017 addiscunt
626 973 819 1030 aliquid?
850 980 899 1014 ut
930 972 1133 1013 Solonem
1164 972 1355 1013 versibus
1384 973 1640 1028 gloriantem

85 1029 294 1082 videmus,
318 1032 390 1087 qui
410 1047 470 1082 se,
492 1032 685 1087 quotidie
703 1029 866 1086 aliquid
886 1029 1228 1080 addiscentem,*
1245 1043 1391 1071 senem
1404 1029 1495 1069 fieri
1510 1029 1638 1070 dicit:

86 1094 136 1128 ut
148 1101 229 1143 ego
246 1088 345 1139 feci,
361 1089 435 1145 qui
449 1089 622 1130 Graecas
634 1087 778 1128 literas
793 1100 924 1128 senex
940 1085 1094 1137 didici3
1126 1100 1233 1142 quas
1246 1085 1420 1141 quidem
1436 1085 1500 1126 sic
1516 1084 1640 1126 avide

88 1143 258 1199 arripui,
273 1145 395 1200 quasi
409 1145 654 1186 diuturnam
666 1143 783 1185 sitim
796 1143 966 1198 explere
980 1143 1170 1197 cupiens,
1186 1149 1232 1183 ut
1245 1157 1296 1183 ea
1308 1142 1402 1198 ipsa
1417 1141 1520 1182 mihi
1540 1148 1644 1182 nota

89 1208 246 1251 essent,
278 1201 435 1258 quibus
456 1216 523 1242 me
545 1215 660 1242 nunc
681 1200 886 1255 exemplis
907 1199 969 1239 uti
986 1199 1153 1240 videtis.
1217 1199 1345 1247 Quod
1367 1197 1464 1240 cum
1486 1198 1643 1239 fecisse

90 1254 314 1298 Socratem
333 1257 377 1298 in
394 1258 549 1299 fidibus
571 1257 776 1307 audirem,
812 1256 964 1296 vellem
985 1255 1187 1310 equidem
1209 1263 1252 1296 et
1272 1255 1377 1296 illud
1398 1253 1644 1308 [discebant

91 1312 205 1353 enim
224 1314 385 1355 fidibus
406 1314 616 1370 antiqui]:
649 1313 724 1354 sed
745 1314 788 1352 in
808 1312 943 1353 literis
965 1310 1080 1352 certe
1100 1311 1330 1352 elaboravi.

148 1369 226 1410 IX.
259 1370 353 1412 Nec
383 1385 498 1412 nunc
530 1370 703 1427 quidem
737 1369 847 1410 vires
880 1367 1075 1409 desidero
1107 1368 1408 1419 adolescentis,
1443 1368 1499 1420 (is
1530 1367 1646 1410 enim

92 1432 183 1467 erat
202 1427 323 1468 locus
345 1428 450 1468 alter
469 1427 523 1468 de
542 1426 660 1468 vitiis
681 1424 934 1476 senectutis)
965 1439 1052 1465 non
1072 1424 1165 1479 plus
1197 1424 1343 1480 quam,
1375 1425 1645 1476 adolescens,

91 1482 203 1524 tauri
216 1490 289 1524 aut
304 1483 520 1540 elephanti
541 1482 850 1525 desiderabam.
883 1481 1013 1529 Quod
1029 1487 1109 1532 est,
1127 1496 1177 1522 eo
1192 1482 1320 1522 decet
1335 1481 1419 1533 uti;
1451 1487 1508 1532 et,
1522 1481 1646 1537 quid-

91 1539 198 1595 quid
218 1554 336 1595 agas,
367 1554 492 1581 affere
514 1554 590 1595 pro
611 1539 787 1581 viribus.
847 1537 956 1585 Quae
986 1537 1098 1579 enim
1128 1552 1212 1579 vox
1242 1544 1387 1593 potest
1416 1552 1511 1579 esse
1541 1552 1647 1579 con-

91 1596 308 1652 temptior,
340 1578 474 1652 qussim
495 1596 673 1637 Milonis
696 1593 986 1636 Crotoniatae'?
1016 1593 1106 1649 qui,
1138 1594 1236 1635 cum
1250 1595 1342 1649 J'am
1363 1609 1494 1636 senex
1516 1600 1645 1645 esset,

93 1652 363 1708 athletasque
378 1667 424 1694 se
437 1653 482 1693 in
499 1652 708 1694 curriculo
728 1657 975 1693 exercentes
992 1650 1171 1701 videret,
1191 1650 1440 1706 adspexisse
1460 1651 1647 1692 lacertos

95 1722 198 1750 suos
229 1709 400 1761 dicitur,
431 1709 790 1765 illacrymansque
821 1707 998 1758 dixisse,
1029 1707 1089 1748 At
1114 1710 1159 1748 1ιὶ
1182 1709 1352 1760 quidem
1371 1710 1469 1760 jam
1489 1709 1650 1748 mortui

94 1771 211 1807 sunt.
273 1765 373 1808 Non
392 1764 491 1806 verb
522 1773 610 1807 tam
638 1765 727 1814 isti,
760 1762 890 1820 quam
921 1770 967 1804 tu
997 1763 1105 1818 ipse,
1136 1770 1341 1819 nugator:
1373 1778 1514 1820 neque
1536 1763 1650 1804 enim

95 1836 148 1862 ex
178 1828 220 1863 te
250 1836 440 1878 unquam
471 1837 516 1864 es
547 1821 809 1870 nobilitatus,
841 1819 918 1861 sed
946 1834 998 1861 ex
1033 1820 1236 1861 lateribus
1268 1826 1310 1861 et
1341 1820 1513 1861 lacertis
1549 1819 1650 1861 tuis.

96 1877 214 1919 Nihil
233 1878 389 1921 Sextus
403 1878 540 1920 AElius
557 1879 664 1929 tale3
695 1877 819 1927 nihil,
833 1876 979 1917 multis
996 1876 1119 1917 annis
1135 1875 1249 1928 ante,
1268 1876 1318 1916 T.
1332 1875 1651 1927 Coruncanius3

96 1934 204 1976 nihil
223 1935 353 1977 modo
374 1935 425 1977 P.
448 1935 656 1987 Crassus3
687 1935 712 1974 a
732 1934 888 1989 quibus
914 1934 1012 1989 jura
1044 1933 1207 1974 civibus
1241 1932 1652 1988 praescribebantur3

99 2005 280 2046 quorum
314 2006 452 2047 usque
484 1991 539 2032 ad
573 1998 809 2032 extremum
844 1989 1038 2044 spiritum
1077 1995 1144 2030 est
1174 1996 1378 2045 provecta
1412 1989 1652 2045 prudentia.

100 2048 257 2088 Orator
275 2054 421 2089 metuo
441 2062 493 2088 ne
514 2048 766 2102 languescat
786 2051 1028 2086 senectute:
1060 2051 1127 2086 est
1147 2045 1260 2085 enim
1279 2059 1434 2086 munus
1455 2046 1545 2100 ejus
1566 2060 1655 2086 non

99 2103 262 2160 ingenii
283 2104 438 2156 solum,
469 2104 545 2145 sed
573 2104 754 2144 laterum
785 2101 913 2142 etiam
943 2108 988 2142 et
1015 2100 1180 2142 virium.
1241 2100 1428 2143 Omnino
1450 2115 1656 2143 canorum

104 2160 210 2202 illud
230 2160 274 2201 in
294 2174 400 2202 voce
432 2158 698 2216 splendescit
717 2158 861 2209 etiam,
883 2158 1030 2199 nescio
1053 2172 1137 2213 quo
1165 2164 1308 2213 pacto,
1339 2157 1384 2198 in
1408 2165 1655 2209 senectute3

103 2217 222 2272 quod
242 2217 442 2273 equidem
462 2217 602 2258 adhuc
623 2229 709 2256 non
731 2214 879 2256 amisi:
911 2220 954 2255 et
968 2213 1123 2255 videtis
1141 2228 1294 2255 annos:
1327 2215 1403 2255 sed
1425 2221 1567 2256 tamen
1589 2221 1657 2256 est

105 2275 286 2316 decorus
305 2287 444 2315 sermo
465 2273 581 2314 senis
602 2272 774 2328 quietus
795 2277 838 2312 et
863 2271 1092 2321 remissus3
1123 2269 1311 2326 facitque
1340 2286 1530 2327 persaepe
1560 2271 1656 2327 ipsa

104 2330 188 2372 sibi
208 2330 467 2371 audientiam
487 2329 635 2370 diserti
656 2328 771 2370 senis
792 2334 966 2383 compta
983 2333 1026 2368 et
1044 2326 1159 2367 mitis
1177 2327 1327 2369 oratio.
1367 2327 1494 2376 Qubd
1513 2328 1548 2369 si
1562 2327 1655 2384 ipse

107 2387 286 2444 exsequi
299 2401 503 2443 nequeas,
525 2385 666 2442 possis
682 2392 825 2426 tamen
843 2383 1038 2439 Scipioni
1059 2383 1286 2440 praecipere
1305 2390 1349 2425 et
1365 2384 1516 2426 Laelio:
1551 2384 1656 2440 quid

108 2443 223 2486 enim
235 2450 302 2486 est
313 2444 550 2499 jucundius
566 2448 786 2483 senectute
800 2440 960 2496 stipata
977 2439 1401 2496 studiisjuventutis'?
1433 2442 1503 2483 An
1515 2455 1568 2482 ne
1583 2455 1655 2482 eas

108 2501 284 2557 quidem
314 2500 424 2541 vires
455 2498 663 2541 senectuti
696 2497 999 2553 relinquemus,
1034 2503 1085 2538 ut
1111 2497 1455 2539 adolescentulos
1486 2497 1655 2547 doceat,

107 2558 317 2609 instituat,
355 2557 410 2598 ad
447 2570 571 2598 omne
606 2555 737 2596 officii
768 2568 923 2595 munus
959 2553 1168 2594 instruat?
1200 2568 1286 2609 quo
1320 2554 1494 2611 quidem
1528 2566 1656 2609 opere

110 2613 214 2670 quid
233 2620 380 2670 potest
393 2628 487 2655 esse
540 2611 781 2653 raeclarius'?
843 2610 956 2651 Mihi
975 2609 1075 2651 vero
1097 2610 1176 2651 Cn.
1205 2617 1249 2651 et
1270 2610 1322 2652 P.
1344 2610 1583 2665 ScipioneS‚
1614 2616 1657 2650 et

110 2671 178 2712 avi
194 2672 254 2711 tui
275 2671 376 2722 duo,
399 2671 444 2712 L.
524 2669 666 2710 milius
687 2674 730 2709 et
750 2666 801 2708 P.
822 2666 1065 2717 Africanus,
1087 2667 1293 2708 comitatu
1312 2666 1520 2707 nobilium
1534 2667 1659 2722 juve·

111 2741 216 2772 num
233 2726 438 2771 fortunati
455 2727 728 2771 videbantur:
759 2738 841 2765 nec
863 2722 939 2764 ulli
959 2723 1168 2765 bonarum
1187 2724 1342 2766 artium
1361 2722 1552 2780 magistri
1570 2737 1661 2768 non

580 2801 600 2822 '²
617 2799 759 2842 Γηράσκω
774 2799 794 2831 δ’
810 2798 861 2830 ἀιεὶ
876 2797 976 2830 πολλὰ
990 2797 1191 2839 διδασκόμενος.
