1858 3095
734 151 825 186 pao
850 151 1061 186 munem.
1669 155 1749 199 183

116 236 202 281 quo
219 224 362 266 animo
383 225 474 288 J'am
497 223 568 272 sit,
589 230 633 265 et
662 225 800 280 qualis
821 224 884 265 vir
912 223 1080 266 futurus
1097 223 1168 272 sit,
1185 222 1423 274 videmus,
1413 238 1457 265 111
1484 224 1680 280 equitum

116 283 319 324 centuriis
342 281 476 323 voluit
496 294 606 327 esse,
629 287 672 320 et
693 281 746 321 ad
775 281 857 322 hoc
891 280 1077 321 officium
1110 280 1460 331 necessitudinis,
1480 289 1524 321 et
1542 282 1594 321 ad
1618 297 1679 323 re-

114 337 277 401 liquum
298 346 480 393 tempus,
502 337 730 393 gratiosus,
752 336 795 377 id
817 337 898 378 erit
918 337 1010 391 ejus
1033 338 1184 379 vitrico
1217 338 1366 388 fraudi,
1387 345 1462 378 aut
1488 337 1675 378 crimini:

117 409 212 445 nec,
229 410 265 436 51
286 394 403 449 virgo
420 384 626 443 Vestalis,
643 393 769 455 hujus
787 393 1027 449 propinqua
1045 402 1088 435 et
1104 394 1361 443 necessaria,
1380 394 1523 435 locum
1540 393 1744 443 suum,15

117 428 440 507 gladiatoribus,
459 449 676 491 concessit
689 449 803 499 huic,
818 464 904 491 non
918 458 961 490 et
978 450 1047 490 illa
1061 450 1128 514 pie
1146 450 1265 501 fecit,
1283 425 1445 490 etliic
1427 466 1453 490 ’1
1469 449 1587 505 culp?
1584 466 1596 490 ι
1613 457 1680 492 est

116 513 326 548 remotus:
359 506 501 546 omnia
517 506 608 548 haec
624 514 726 547 sunt
741 506 882 548 officia
899 506 1253 558 necessariorum,
1268 506 1495 548 commoda
1511 506 1679 548 tenuio-

117 577 222 613 rum,
244 562 390 603 munia
409 562 751 604 candidatorum.

174 617 296 660 XVI.
328 619 389 660 At
427 619 541 659 enim
581 619 673 674 amit
711 632 878 659 mecum
913 616 1082 658 austere
1119 624 1163 658 et
1197 617 1344 659 Stoice
1381 618 1516 670 Cato:
1548 628 1681 675 negat

112 682 286 716 ¹'verum
323 690 433 726 esse,
461 676 572 717 allici
609 655 950 715 benevolentiam
981 674 1104 714 cibo:
1137 682 1268 730 negat
1292 675 1505 729 judicium
1540 676 1679 716 homi-

114 745 216 772 num
248 730 292 771 in
326 732 645 787 maoistratibus
679 730 932 771 mandandis
970 730 1183 785 corrumpi
1193 712 1519 794 Dvoluptatibus
1556 746 1680 787 opor-

114 795 219 828 tete.
280 769 423 843 Ergo,
445 788 500 829 ad
544 801 713 829 coenam
754 786 976 842 petitionis
1020 786 1154 827 causst
1185 786 1221 827 si
1263 802 1359 843 quis
1402 794 1541 839 vocat,
1575 803 1680 829 con·

114 823 366 885 demnetur:
414 844 587 906 quippe,
627 843 781 899 inquit,
816 850 863 884 tu
893 842 997 883 mihi
1040 857 1253 883 summum
1296 844 1534 899 imperium,
1567 859 1680 886 sum·
1722 847 1749 888 5

115 914 230 941 mam
263 900 579 950 auctoritatem,
615 907 662 940 tu
703 899 989 962 gubernacula
1020 898 1206 954 Reipub.
1229 900 1338 955 petis
1372 901 1568 942 fovendis
1605 902 1680 942 ho-

117 956 280 997 minum
301 956 515 1008 sensibus,
539 964 583 998 et
612 955 880 997 deleniendis
911 970 1077 1004 anlmlS,
1099 962 1142 996 et
1172 956 1428 998 adhibendis
1453 957 1683 1020 voluptati-

117 1012 229 1053 bus?
289 1012 442 1054 Utrum
473 1013 748 1063 lenocinium,
769 1012 924 1082 inquit,
947 1011 973 1053 a
1005 1012 1165 1067 bgreoe
1202 1013 1399 1054 delicatae
1423 1015 1683 1069 juventutis,

117 1083 172 1109 an
194 1069 308 1110 orbis
329 1077 532 1110 telrarum
554 1069 815 1125 imperium
803 1068 828 1109 ἓῑ
849 1069 1010 1124 populo
1033 1068 1246 1130 Romano,
1254 1070 1473 1132 petebas?
1533 1071 1683 1112 Horri-

118 1125 215 1166 bilis
247 1127 405 1166 oratio:
439 1126 515 1167 sed
538 1140 632 1166 eam
667 1133 812 1176 cusus,
845 1125 948 1175 vita,
986 1139 1142 1187 moles,
1181 1125 1334 1166 civitas
1373 1141 1467 1182 lpsa
1505 1127 1681 1191 respuit.
1701 1129 1753 1170 10

120 1181 272 1244 Neque
292 1189 436 1222 tamen
460 1182 771 1223 Lacedaemonii
793 1186 1008 1233 (auctoies
1029 1181 1153 1222 istius
1172 1182 1268 1222 vitae
1290 1190 1418 1238 atque
1440 1184 1681 1235 orationis),

120 1252 195 1293 qui
217 1238 480 1293 quotidianis
512 1238 651 1294 epulis
687 1238 730 1278 in
758 1238 909 1278 robore
938 1238 1212 1288 accumbunt,
1235 1253 1374 1307 neque
1395 1239 1495 1281 verb
1518 1240 1687 1293 Cretes,

121 1307 300 1356 quorum
339 1307 466 1334 nemo
503 1294 693 1349 gustavit
724 1308 912 1349 unquam
953 1294 1129 1341 cubans,
1150 1294 1302 1335 melius
1335 1310 1463 1351 quam
1498 1295 1686 1338 Romani

118 1349 330 1401 homines,
361 1349 435 1405 qui
477 1357 671 1404 tempoia
714 1349 950 1406 voluptatis
994 1349 1239 1405 laborisque
1285 1350 1558 1407 dispertiunt,
1601 1369 1686 1395 ies-

117 1406 315 1474 publicas
352 1420 452 1447 suas
483 1406 770 1447 retinuerunt:
818 1420 1001 1469 quorum
1047 1406 1170 1446 alteri
1215 1421 1301 1447 uno
1332 1408 1520 1450 adventu
1551 1410 1683 1451 nostu
1701 1411 1752 1453 15

119 1461 334 1505 exercitus
368 1462 500 1505 deleti
527 1470 642 1514 sunt,
663 1462 785 1504 alteii
817 1461 952 1504 nostri
982 1461 1149 1519 imperii
1180 1463 1383 1520 praesidio
1410 1464 1684 1522 disciplinam

175 1639 193 1657 ⁸
193 1634 383 1687 justum.
440 1633 751 1676 ”multitudine
761 1634 1013 1687 juventutis
1028 1636 1284 1677 luoeu-rz'osae.

1343 1641 1359 1661 ‘³
1370 1638 1644 1680 consuetudo.

162 1807 215 1835 12.
260 1804 299 1835 In
325 1806 453 1846 equitum
487 1806 653 1854 centuriis]
721 1805 878 1836 Centuriae

119 1849 259 1890 equitum
273 1848 292 1878 εἶ
307 1847 444 1878 Romulo
459 1848 608 1878 institutae
628 1853 718 1885 sunt;
738 1859 808 1889 quae
823 1859 879 1889 ap-

922 1816 993 1842 one,
1009 1806 1317 1837 Lacedaemoniorum
1340 1807 1487 1839 videlicet
1501 1813 1534 1838 et
1555 1808 1687 1840 Creten-

922 1849 1014 1886 sium,
1024 1850 1078 1891 qui
1090 1861 1154 1880 non
1166 1848 1275 1880 melius
1291 1860 1383 1891 quam
1394 1850 1531 1882 Romani
1543 1851 1688 1893 Respub.

120 1891 262 1932 pessafin,
284 1897 375 1921 aucto
391 1889 501 1931 postea
524 1900 664 1926 numerO,
679 1902 698 1920 a
712 1891 880 1932 Tarquinio

122 1933 229 1964 Prisco
244 1944 370 1964 conseri
374 1939 425 1963 ata
437 1939 503 1970 est;
527 1933 716 1964 voluitautex
718 1944 737 1963 n
748 1939 782 1964 ut
798 1934 881 1965 mille

123 1976 254 2006 trecenti
269 1977 390 2016 equites
405 1977 436 2006 in
450 1977 545 2006 tribus
560 1975 706 2006 centuriis
722 1983 836 2007 essent.

167 2019 219 2050 15.
255 2018 342 2059 Virgo
369 2017 512 2058 Vestalis]
556 2018 701 2049 Vestales
724 2019 883 2049 habebant

123 2060 227 2091 locuni
251 2061 442 2099 distinctum,
458 2061 542 2091 unde
568 2060 658 2091 ludos
683 2060 881 2101 gladiatorios

122 2109 265 2145 spectare
282 2107 419 2145 possent.

165 2149 199 2179 3.
221 2146 448 2195 Magistratibus
474 2145 657 2175 mandandis.
661 2145 676 2185 ]
723 2145 881 2177 Mandare

123 2199 255 2220 nonores
271 2187 382 2220 dicitur
403 2187 538 2229 populus
554 2187 648 2218 Rom.
662 2199 732 2218 curu
747 2199 803 2219 suo
819 2189 882 2219 suf-

122 2232 221 2273 fragio
237 2231 329 2263 alicui
342 2231 550 2271 magistratum
566 2231 720 2261 concedit.

167 2278 198 2306 4.
223 2274 377 2305 Petilianis
388 2273 486 2304 causti.
488 2273 502 2313 ]
536 2272 679 2313 Reponit
693 2273 804 2305 Cicero
821 2274 882 2305 Ca-

122 2317 200 2354 toni,
227 2328 290 2348 non
319 2317 366 2348 fas
393 2327 459 2347 esse
482 2314 618 2356 aliquem
644 2317 684 2346 ad
710 2327 883 2348 cuminum

122 2369 245 2396 vocare,
262 2365 296 2391 ut
310 2360 387 2401 quid
403 2359 443 2390 ab
459 2368 496 2388 eo
519 2363 653 2399 petatur,
669 2359 693 2389 si
720 2359 808 2390 nefas
836 2365 885 2390 est

122 2403 182 2434 sibi
198 2403 444 2434 benevolentiam
466 2401 676 2441 voluptatibus
696 2402 883 2433 conciliare·
876 2425 884 2440 ,

122 2445 182 2476 hoc
195 2451 300 2476 autem
316 2455 372 2486 per
395 2443 610 2484 dialogismum
634 2450 744 2476 tractat
758 2445 798 2475 ad
821 2444 884 2476 Ca-

123 2493 230 2519 tonem
248 2488 452 2518 irridendum.

170 2533 201 2562 9.
223 2530 289 2561 Hm
289 2532 382 2562 rzbzlzs
404 2530 505 2560 oratio.
509 2527 524 2568 ]
569 2527 685 2565 Ironia,
701 2530 763 2571 qua
787 2530 881 2561 fidem

122 2578 186 2603 tam
202 2583 320 2615 aspera»,
334 2573 462 2604 Catonis
484 2571 617 2601 orationi
641 2572 775 2603 detrahit
789 2573 883 2604 simu-

124 2615 242 2647 latione
258 2616 394 2657 quadam
410 2614 639 2651 assentationis,
654 2625 690 2647 ac
706 2616 795 2657 quasi
809 2626 883 2647 con-

126 2658 212 2699 cepti
229 2658 328 2690 metsss
343 2664 376 2689 et
389 2657 530 2689 herroris.

171 2703 224 2731 10.
246 2699 372 2732 Sedeani
385 2701 483 2742 usus.]
527 2699 618 2731 Hanc
632 2700 727 2731 vitam
742 2711 883 2742 asperam

126 2743 262 2774 alienam
277 2743 294 2773 a
310 2744 442 2775 moribus
453 2743 604 2775 Romanis
619 2753 687 2774 esse
701 2743 881 2775 contendit·
874 2768 881 2781 ,

126 2786 286 2828 utiturque
310 2785 504 2818 dissimilium
531 2785 742 2828 exemplorum
765 2786 885 2820 collati-

923 1902 994 1923 suas
1009 1891 1240 1923 conservarunt.

969 1936 1022 1966 12.
1066 1936 1255 1966 Quotidianis
1278 1935 1395 1976 epulis]
1441 1935 1688 1974 Lacedaemonii.

925 1983 1036 2017 praeter
1050 1978 1248 2018 quotidianas
1264 1978 1385 2016 epulas,
1401 1979 1544 2009 convivia
1560 1980 1688 2021 publica

925 2020 1135 2056 celebrabant,
1150 2031 1220 2061 quae
1235 2020 1375 2050 Phiditia
1397 2021 1590 2057 dicebantur,
1614 2033 1687 2063 quae

925 2071 988 2092 non
1011 2063 1129 2093 fiebant
1149 2062 1297 2103 impensis
1319 2062 1462 2102 publiciS‚
1477 2065 1531 2094 sed
1556 2065 1596 2095 ad
1613 2075 1686 2106 quae

925 2114 1011 2134 suam
1031 2105 1162 2145 quisque
1184 2111 1303 2145 partem
1328 2105 1518 2136 conferebat.
1563 2107 1616 2137 De
1635 2107 1687 2138 his

925 2145 1061 2187 loquitur
1077 2147 1146 2178 Cic.
1156 2147 1248 2178 Tusc.
1263 2147 1382 2183 Quaest.
1394 2148 1424 2178 5.

969 2190 1019 2220 lb.
1042 2189 1080 2220 In
1094 2190 1189 2220 robore
1202 2190 1382 2220 accumbunt.
1385 2190 1400 2231 ]
1453 2191 1686 2223 Laced-aemonii

925 2241 988 2262 non
1022 2232 1054 2263 in
1082 2232 1215 2269 lectulis,
1238 2238 1272 2262 ut
1303 2243 1370 2263 mos
1400 2239 1466 2263 erat
1496 2233 1684 2275 reliquorum

926 2274 1117 2311 Graecorum,
1131 2276 1188 2306 sed
1216 2275 1248 2305 in
1275 2275 1353 2305 dura
1380 2275 1528 2317 quapiam
1555 2278 1685 2308 materia

926 2327 962 2347 ac
977 2317 1062 2358 ligno
1079 2318 1327 2356 accumbebant;
1348 2328 1405 2359 per
1419 2319 1510 2350 robur
1525 2320 1609 2350 euim
1624 2319 1683 2362 lig·

926 2370 999 2390 num
1014 2360 1171 2401 intelligit.

970 2405 1023 2434 13.
1045 2403 1183 2434 Gustavit
1195 2414 1325 2443 unquam
1338 2404 1472 2446 cubans]
1518 2405 1626 2437 Cretes
1642 2416 1684 2437 ne

927 2445 1076 2487 quidem
1069 2456 1100 2476 m
1115 2446 1214 2487 epulis
1229 2447 1432 2477 accubabant.

970 2492 1020 2519 15.
1067 2488 1168 2520 Nestoi
1195 2488 1356 2530 exercitas]
1403 2489 1571 2521 Cretenses
1599 2491 1617 2521 ἢ
1642 2491 1686 2528 Q.

925 2530 1058 2562 Metello
1083 2531 1156 2562 victi
1181 2538 1262 2567 sunt,
1278 2532 1331 2572 qui
1354 2532 1392 2562 iis
1417 2532 1501 2573 leges
1524 2533 1688 2574 imposuit,

927 2579 960 2604 et
975 2574 1013 2604 ab
1030 2573 1088 2604 hac
1102 2574 1230 2604 victoria
1246 2574 1386 2605 Creticus
1400 2575 1502 2605 dictus
1517 2582 1575 2606 est.

970 2618 1023 2647 16.
1045 2616 1237 2656 Disciplinam
1249 2627 1340 2647 suam.
1344 2617 1358 2658 ]
1404 2617 1601 2649 Cretenses
1585 2629 1603 2648 a
1620 2618 1686 2660 Ly·

925 2669 1020 2698 curgo
1035 2659 1231 2700 disciplinam
1247 2670 1332 2690 suam
1348 2665 1556 2700 acceperunt;
1573 2663 1685 2701 qua-in·

925 2712 1018 2742 quam
1049 2701 1231 2733 Plutarchus
1259 2702 1304 2732 ait
1332 2702 1509 2744 Lqurgum
1539 2713 1557 2736 e
1588 2703 1687 2737 Cret*

926 2754 996 2777 suas
1011 2744 1097 2788 leges
1112 2744 1271 2778 detulisse.
