1790 3090
82 163 165 210 136
735 164 786 196 IN
811 158 1069 198 CATILINAM
1092 165 1156 200 IV.

160 241 348 300 partium
368 240 565 298 quaedam
584 242 820 284 contentio.
879 243 1028 299 Atque
1047 241 1122 284 illo
1142 248 1334 300 tempore
1354 242 1484 299 hujus
1501 255 1605 285 avus
1622 242 1712 285 Len

162 299 259 352 tuli,
290 298 553 341 clarissimus
573 298 654 349 vir,
681 306 871 341 armatus
892 300 1138 341 Gracchum
1158 307 1225 342 est
1244 307 1512 355 persecutus,
1544 306 1587 341 et
1603 315 1729 364 grave

30 395 61 414 ao
163 363 257 398 tum
276 357 428 397 vulnus
443 354 625 411 accepit,
642 369 695 396 ne
713 356 816 412 quid
833 357 886 397 de
904 356 1072 398 summa
1094 357 1322 413 [dignitate
1337 356 1544 412 Reipub]
1563 371 1730 398 minue-

0 398 114 439 ΜΨ
164 419 303 455 retur:
325 412 409 463 hic,
428 412 482 452 ad
499 412 729 453 evertenda
741 412 1020 454 fundamenta
1036 413 1161 468 Reip.
1177 412 1327 455 Gallos
1349 413 1586 464 arcessivit,
1604 414 1733 454 servi-

92 478 148 519 25
167 470 228 512 tia
249 468 499 520 concitavit,
532 468 765 509 Catilinam
794 469 1004 518 evocavit,
1036 469 1232 510 attribuit
1251 484 1330 511 nos
1351 471 1629 511 trucidandos
1652 470 1736 511 Ce-

168 527 315 582 thego,
336 532 513 567 caeteros
544 525 660 567 cives
690 525 1010 567 interficiendos
1043 525 1248 577 Gabinio,
1280 526 1441 567 Urbem
1466 527 1736 568 inflamman-

169 584 269 624 dam
291 582 462 634 Cassio,
491 588 627 624 totam
660 582 828 624 Italiam
857 581 1110 623 vastandam
1130 581 1499 640 diripiendamque
1520 583 1734 626 Catilinae.

168 639 432 693 Vereamini,
462 654 634 691 censeo,
655 654 725 691 ne,
746 639 790 680 in
812 639 897 681 hoc
918 639 1077 680 scelere
1094 645 1183 680 tam
1203 639 1378 680 immani
1399 655 1450 681 ac
1471 641 1648 692 nefario,
1669 639 1735 680 ni-

168 691 438 752 misali'quid
459 696 606 738 severe
629 696 833 738 statuisse
863 695 1122 748 videamini3
1155 694 1252 737 cnm
1273 697 1408 738 multo
1429 698 1568 753 magis
1589 697 1646 738 sit
1664 711 1737 738 ve-

96 760 152 801 30
170 753 364 805 rendum,
394 767 448 794 ne
478 753 728 794 remissione
760 768 900 807 poenae
927 753 1121 795 crudeles
1149 752 1288 809 magis
1309 752 1354 793 in
1374 753 1571 809 patriam,
1601 752 1735 809 quam

169 824 224 851 ne
246 809 473 851 severitate
494 809 879 852 animadversionis
908 809 1037 882 rgmis
1058 810 1335 852 vehementes
1364 810 1408 850 in
1436 809 1738 852 acerbissimos

12 874 59 923 fg
169 867 334 915 hostes,
361 866 493 913 fuisse
526 867 763 908 videamur.
825 866 925 918 Sed,
954 854 1053 923 fiuae
1083 867 1282 918 exaudio,
1315 867 1366 907 P.
1386 866 1437 907 C.
1469 866 1738 933 dissimulare

0 922 165 986 &Chaa
203 937 259 963 on
275 937 473 978 possum;
489 924 708 978 jactantur
725 924 839 964 enim
854 939 999 975 voces,
1014 939 1109 979 quae
1125 923 1379 980 perveniunt
1394 924 1449 964 ad
1465 928 1588 965 aures
1607 938 1738 976 meas,

172 993 334 1030 eorum,
365 978 438 1034 qui
460 980 594 1020 vereri
615 980 812 1021 videntur
831 986 879 1021 ut
898 981 1081 1021 habeam
1102 980 1207 1021 satis
1227 980 1431 1036 praesidii,
1461 981 1518 1022 ad
1546 995 1610 1032 ea,
1643 995 1739 1037 quae

97 1043 155 1084 35
172 1050 249 1078 vos
266 1034 502 1077 statueritis
519 1035 727 1077 hodierno
749 1036 834 1084 die,
855 1036 1171 1092 btransigenda.
1204 1036 1363 1077 Omnia
1376 1037 1560 1092 provisa,
1577 1044 1740 1093 parata,

0 1107 113 1151 ‚erem
173 1099 218 1134 et
237 1092 474 1134 constituta
494 1099 608 1144 sunt,
640 1093 691 1133 P.
711 1091 762 1133 C.
785 1092 883 1146 c-Qm
903 1093 1000 1133 mea
1023 1093 1192 1133 summa
1213 1093 1316 1134 cura
1348 1100 1478 1148 atque
1499 1093 1740 1148 diligentia,

0 1155 265 1203 Vffiwgoesum
284 1149 417 1189 multo
432 1149 562 1190 etiam
576 1150 737 1205 majore
748 1149 897 1206 populi
915 1149 1116 1200 Romani,
1137 1149 1192 1190 ad
1209 1163 1422 1189 summum
1439 1149 1661 1205 imperium
1678 1165 1742 1191 re-

172 1206 411 1257 tinendum,
429 1211 472 1246 et
484 1206 539 1247 ad
556 1221 806 1248 communes
823 1207 1015 1247 fortunas
1031 1206 1360 1258 conservandas,
1373 1206 1606 1249 voluntate.
1639 1206 1744 1248 Om-

170 1277 250 1304 nes
271 1262 429 1304 adsunt
450 1263 641 1304 omnium
663 1263 861 1305 ordinum
881 1262 1091 1314 homines,
1125 1263 1315 1305 omnium
1336 1262 1524 1320 denique
1540 1268 1741 1305 aetatum:

99 1327 156 1369 40
175 1320 348 1375 plenum
369 1325 436 1362 est
454 1319 610 1373 forum,
641 1321 770 1376 plena
788 1320 951 1376 templa
972 1320 1086 1362 circa
1105 1320 1257 1369 forum,
1290 1319 1407 1376 pleni
1429 1335 1577 1362 omnes
1598 1320 1742 1362 aditus

173 1377 302 1433 hujus
323 1376 410 1418 loci
433 1391 485 1418 ac
505 1378 671 1434 templi.
703 1377 846 1419 Causa
865 1376 980 1418 enim
999 1385 1078 1427 est,
1094 1383 1195 1433 post
1211 1376 1374 1419 Urbem
1391 1377 1626 1429 conditam,
1647 1377 1742 1419 haec

173 1433 348 1477 inventa
363 1434 469 1488 sola,
489 1433 534 1477 in
551 1434 638 1492 qua
650 1448 801 1478 omnes
818 1434 1026 1477 sentirent
1038 1448 1171 1477 unum
1188 1439 1316 1492 atque
1332 1434 1462 1486 idem,
1482 1441 1636 1492 praeter
1650 1448 1740 1486 eos,

804 1579 821 1604 ¹³
829 1582 1110 1636 avsequenda.

175 1726 251 1757 dare
264 1726 451 1757 vestimenta
468 1725 614 1758 militibus
630 1727 695 1758 sine
709 1727 936 1769 stipendiorum

175 1769 394 1806 diminutione,
407 1770 467 1801 ὄις.
497 1770 555 1800 His
568 1770 780 1811 largitionibus
792 1772 938 1803 veniebat

175 1811 297 1844 tantum
307 1812 340 1842 in
355 1813 564 1854 suspicionem
578 1814 702 1854 imperii
720 1814 900 1846 affectandi.

980 1738 1046 1759 rum
1092 1739 1180 1759 suum
1218 1739 1329 1760 munus
1368 1729 1548 1760 attributum
1588 1735 1665 1767 erat,
1709 1735 1745 1762 ut
1775 1725 1777 1728 ¹

981 1771 1062 1812 saepe
1085 1771 1152 1811 jam
1179 1772 1211 1801 in
1237 1772 1302 1802 istis
1325 1773 1513 1804 orationibus
1535 1773 1653 1804 dictum
1677 1779 1745 1812 θεῖς

981 1820 1014 1845 at
1027 1814 1183 1856 Cetlleg0‚
1195 1820 1229 1845 ut
1239 1815 1422 1847 Ciceronem
1435 1821 1466 1847 et
1479 1821 1640 1848 senatores
1651 1818 1746 1848 inter-

219 1858 272 1886 21.
296 1855 436 1887 Partium
464 1857 593 1897 quaedam
625 1858 794 1899 contentia]
854 1858 937 1890 Con-

176 1899 349 1929 tendebant
363 1899 442 1929 inter
454 1910 487 1930 se
504 1899 624 1930 tantum
639 1901 773 1941 populus
797 1906 829 1931 et
847 1912 938 1932 sena-

176 1946 238 1977 tus.
253 1942 319 1972 sive
335 1942 467 1982 patricii.

220 1984 270 2016 Ib.
294 1984 397 2025 Hujus
420 1996 491 2016 avus
520 1985 670 2028 Lentuli]
716 1986 755 2017 ln
778 1986 832 2017 illa
855 1987 938 2019 sedi-

176 2028 274 2063 tione,
290 2029 381 2058 uthis
396 2029 498 2059 verbis
514 2029 719 2060 refertValer.
735 2030 823 2060 Max,
840 2031 891 2060 lib.
905 2032 935 2061 5.

175 2080 248 2111 cap.
264 2072 295 2101 3.
325 2071 364 2101 Ρ.
379 2071 532 2108 Lentulus,
549 2071 637 2111 hujus
654 2072 792 2102 seditiosi
815 2073 939 2103 Lentuli

177 2123 265 2149 avus,
286 2113 461 2144 clarissimus
479 2120 507 2145 et
532 2117 744 2146 amantissimus
762 2115 881 2155 Reibztp.
898 2117 939 2146 ci-

177 2158 231 2192 vis,
246 2157 278 2186 in
293 2157 434 2188 Aventino
451 2158 484 2190 C.
499 2157 626 2188 Gracchi
639 2157 765 2199 nefarios
778 2165 899 2189 conatus
912 2166 940 2190 et

177 2201 265 2230 aciem
284 2198 338 2239 pici
358 2211 393 2231 ac
408 2200 489 2242 forti
507 2201 622 2243 pugnat,
640 2203 754 2243 magnis
775 2204 940 2234 vulneribus

176 2243 305 2282 exceptis,
327 2243 458 2284 fugavit.

221 2288 275 2317 24.
332 2285 392 2317 Hic
435 2288 474 2317 nd
516 2288 666 2317 evenenda
707 2287 937 2332 fundamenta]

177 2328 422 2370 Argumentatur
428 2329 495 2370 jam
512 2328 531 2359 εὶ
545 2330 655 2360 minori
669 2331 708 2360 ad
722 2331 839 2372 majus;
855 2343 939 2371 nam,

178 2372 205 2402 si
220 2376 318 2402 morte
340 2373 453 2414 dignus
473 2377 600 2414 propter
617 2374 825 2414 suspicionem
842 2375 939 2406 Grac-

178 2414 423 2455 chusjudicatus
439 2421 498 2455 est,
513 2421 567 2445 aut
581 2416 655 2456 quia
676 2417 760 2447 visus
776 2416 876 2447 solum
892 2425 939 2449 est

179 2457 316 2488 minuere
332 2459 515 2499 dignitatem
531 2459 663 2499 populi;
687 2459 820 2500 graviori
843 2467 939 2492 morte

179 2501 292 2541 dignus
303 2499 440 2540 judicari
453 2503 561 2537 debet,
575 2502 630 2543 qui
645 2502 847 2534 fundamenta
863 2504 938 2535 Rei-

178 2544 255 2584 pub.
276 2549 416 2576 evertere
440 2545 558 2575 voluit:
582 2546 667 2586 quod
683 2547 794 2587 probat
807 2547 938 2588 amplifi—

178 2587 300 2620 catione
315 2599 371 2628 per
385 2588 644 2621 distributionem.

222 2629 273 2661 Ib.
304 2631 404 2661 Gallos
426 2631 596 2672 arcessivit]
642 2631 827 2672 Allobroges
857 2639 939 2670 sunt,

178 2682 257 2713 quos
269 2674 394 2705 nomine
405 2673 566 2705 Gallorum
577 2674 730 2715 exprimit,
741 2676 778 2705 ad
791 2675 938 2707 invidiam

177 2716 419 2789 (ffnciliandam,
442 2717 515 2759 quia
531 2717 615 2749 Galli
635 2717 830 2749 infensissimi
853 2725 939 2750 erant

214 2769 342 2792 omanis.

220 2804 276 2837 25.
306 2804 451 2837 Acti-ibuit
477 2802 553 2846 noa]
613 2802 737 2848 Cuique
763 2804 938 2848 conjurato-

981 1858 1098 1889 ficeret.

1024 1903 1077 1932 28.
1125 1901 1295 1938 Vere-amini,
1331 1903 1452 1943 censeo]
1509 1902 1633 1941 Ironia;
1680 1914 1742 1934 non

981 1944 1063 1974 enim
1086 1944 1291 1975 dubitandum
1316 1951 1364 1976 est
1385 1947 1426 1976 de
1449 1950 1549 1977 morte
1571 1946 1647 1987 ipsis
1661 1946 1743 1977 infe.

981 1986 1088 2017 reuda.
1492 2002 1501 2008 ·

1024 2032 1078 2060 32.
1115 2030 1180 2067 Sed,
1212 2042 1274 2071 quae
1302 2031 1452 2073 exaudio]
1524 2031 1742 2073 Occupatione

983 2073 1090 2108 utitur,
1114 2079 1148 2103 ut
1164 2084 1216 2104 eos
1231 2074 1412 2115 praeveniat,
1437 2074 1491 2116 qui
1507 2074 1579 2105 satis
1595 2085 1657 2105 non
1675 2086 1742 2106 esse

983 2116 1119 2156 praesidii
1136 2116 1280 2148 Ciceroni
1302 2117 1406 2149 dicere
1432 2117 1606 2159 potuissent
1624 2119 1665 2148 ad
1689 2129 1743 2149 eos

983 2163 1082 2190 morte
1101 2159 1293 2201 afficiendos,
1318 2159 1343 2191 si
1365 2161 1410 2192 ita
1433 2161 1473 2191 de
1496 2161 1533 2191 iis
1548 2166 1673 2192 senatus
1689 2162 1746 2193 de-

983 2208 1136 2234 cerneret.

1025 2247 1078 2277 40.
1102 2246 1228 2277 Plenum
1241 2252 1280 2277 est
1284 2245 1420 2289 forum]
1470 2246 1654 2278 Habebatur
1675 2249 1742 2279 haec

982 2289 1080 2319 oratio
1095 2289 1127 2320 in
1143 2290 1210 2320 foro
1226 2288 1385 2328 Romano,
1408 2290 1495 2330 quod
1519 2296 1585 2321 erat
1598 2290 1630 2320 in
1647 2290 1744 2332 Capi-

983 2331 1069 2368 tolio,
1082 2334 1167 2374 quod
1183 2333 1319 2364 omnium
1334 2332 1556 2364 nobilissimum
1571 2333 1640 2363 fuit.

1026 2376 1079 2406 41.
1103 2376 1203 2415 Hujus
1225 2378 1278 2406 loci
1296 2387 1329 2407 ac
1343 2375 1467 2417 templi]
1511 2376 1606 2407 Varia
1626 2376 1744 2417 templa

980 2417 1107 2449 suerunt
1127 2420 1209 2450 circa
1231 2420 1341 2456 sorum,
1370 2429 1425 2460 per
1439 2428 1509 2460 quae
1524 2419 1556 2448 in
1568 2418 1662 2450 causa
1677 2420 1742 2450 Mi-

981 2460 1060 2492 lonis
1076 2462 1220 2503 praesidia
1236 2462 1404 2503 Pompeius
1416 2461 1585 2501 disposuit,
1599 2462 1648 2493 vel
1664 2467 1742 2493 tem-

982 2503 1066 2542 plum
1083 2506 1137 2541 ait,
1161 2505 1233 2547 quia
1247 2505 1280 2536 in
1294 2505 1364 2536 loco
1379 2515 1464 2536 sacro
1479 2515 1603 2546 semper
1617 2511 1743 2537 senatus

981 2547 1164 2579 habebatur.

1026 2591 1079 2621 42.
1103 2591 1142 2621 In
1176 2591 1233 2632 qud
1261 2601 1353 2622 omnes
1386 2592 1551 2634 sentirent]
1611 2591 1650 2622 In
1675 2591 1742 2623 aliis

982 2634 1231 2665 contentionibus
1255 2645 1325 2665 suas
1350 2635 1481 2676 quisque
1509 2639 1611 2676 partes
1632 2645 1744 2675 seque-

982 2676 1088 2716 batur3
1117 2682 1163 2714 ut,
1184 2677 1217 2708 in
1242 2677 1424 2709 tumultibus
1448 2678 1600 2714 civilibus,
1622 2678 1742 2708 nobiles

983 2720 1091 2764 Syllae,
1108 2720 1568 2762 plebeiiMai-io,adhaerebant;
1585 2725 1628 2758 at,
1640 2721 1673 2751 in
1682 2719 1742 2751 hfic

982 2764 1088 2804 causa,
1102 2775 1195 2795 nemo
1208 2769 1321 2805 praeter
1335 2764 1513 2808 conjuratos
1524 2774 1642 2808 paucos
1654 2763 1740 2797 Cati-

981 2807 1052 2842 liuae
1067 2812 1100 2841 et
1108 2807 1243 2841 Lentulo
1257 2807 1346 2841 favit.
