1858 3095
673 152 764 188 PRO
795 151 1010 188 MURENA.

71 239 162 285 tuo,
183 246 259 291 pro
279 246 347 275 me
367 231 464 296 ipso
484 243 624 288 pauca
642 230 811 281 dicam3
842 243 929 271 non
951 228 1038 285 quo
1059 228 1163 270 mihi
1190 227 1331 285 potior
1349 226 1437 269 hoc
1457 228 1634 284 quidem

71 290 328 347 intempore
363 296 421 332 eit
454 287 585 330 officii
619 287 718 338 mei,
741 286 873 343 quam
894 286 1075 342 hujusce
1103 286 1269 336 salutis,
1302 285 1526 336 defensio3
1558 287 1636 328 sed

71 354 134 399 ut,
170 362 265 390 meo
298 347 413 388 sacto
442 345 566 386 vobis
602 344 797 401 probato,
831 344 990 398 majore
1023 343 1278 385 auctoritate
1313 342 1366 383 ab
1398 341 1527 398 hujus
1560 342 1638 383 ho-

73 419 191 457 nore,
219 404 349 454 fama,
378 402 644 457 fortunisque
685 400 899 451 omnibus,
932 400 1203 441 inimicorum
1242 399 1429 454 impetus
1469 399 1640 454 propul-
1658 401 1714 441 25

75 476 167 504 sare
200 460 377 518 possim.
437 457 495 499 Et
520 458 701 515 primum
734 457 799 499 M.
818 457 992 508 Catoni,
1012 457 1144 498 vitam
1179 456 1235 497 ad
1271 462 1431 496 certam
1462 455 1641 497 rationis

74 532 266 560 normam
286 515 502 572 dirigenti,
523 523 566 557 et
587 513 921 571 diligentissime¹
939 513 1219 571 perpendenti
1241 518 1458 553 momenta
1479 511 1644 554 officio-

76 590 169 617 rum
200 572 408 624 omnium,
430 572 484 614 de
517 572 661 614 officio
693 586 790 612 meo
833 571 1118 627 respondebo,

1179 569 1325 623 Negat
1359 567 1494 609 fuisse
1525 575 1644 610 erec-

77 638 168 674 tum
199 630 326 681 Cato,
364 643 446 680 me,
484 636 528 670 et
563 628 785 671 consulem
815 635 859 668 et
890 627 998 683 legis
1030 625 1215 667 ambitus
1247 626 1442 676 latorem,
1479 630 1522 666 et
1557 632 1645 666 tam

78 686 228 729 severe
262 692 386 742 gesto
425 686 665 734 consulatu,
686 698 862 726 causam
884 683 930 725 L.
956 682 1148 724 Murenae
1173 681 1410 737 attingere3
1440 682 1564 737 cujus
1584 696 1646 723 re-

74 743 302 800 prehensio
334 758 401 785 me
431 743 706 785 vehementer
737 747 894 791 movet,
917 754 1003 781 non
1038 739 1177 780 solum
1209 745 1258 779 ut
1290 738 1430 789 vobis,
1459 738 1646 794 judiceS,

76 800 235 856 quibus
265 799 451 842 maxime
483 799 637 850 debeo,
668 796 814 839 verum
845 796 975 838 etiam
1005 802 1052 837 ut
1082 795 1166 852 ipsi
1199 794 1371 845 Catoni,
1393 794 1647 851 gravissimo

77 864 206 914 atque
226 856 498 912 integerrimo
518 857 625 906 viro,
647 855 857 896 rationem
886 852 990 895 facti
1021 852 1105 893 mei
1137 852 1327 908 probem.
1388 854 1428 893 A
1449 866 1536 908 quo
1556 858 1649 893 tan-

78 913 192 966 dem,
215 912 282 955 M.
303 913 430 964 Cato,
452 919 519 954 est
551 911 716 967 aequius
752 910 976 954 consulem
1011 909 1200 960 defendi,
1236 907 1367 965 quam
1390 907 1415 949 a
1438 908 1649 950 consule?

79 970 189 1019 Quis
209 969 315 1012 mihi
335 970 380 1012 in
399 970 570 1026 Repub.
601 974 746 1025 potest
778 974 853 1009 aut
881 967 1010 1009 debet
1038 980 1132 1007 esse
1155 965 1441 1021 conjunctior,
1464 964 1593 1022 quam
1612 965 1649 1007 is
1667 966 1722 1007 35

80 1027 151 1069 cui
174 1027 366 1083 Respub.
390 1026 416 1068 a
436 1041 505 1068 me
529 1027 657 1080 [uno]
685 1025 866 1066 traditur
886 1023 1154 1075 sustinenda,
1174 1022 1343 1078 magnis
1363 1022 1468 1064 meis
1500 1022 1651 1064 labori-

81 1084 163 1125 bus
185 1091 229 1126 et
258 1083 460 1140 periculis
495 1082 765 1124 sustentata?
826 1080 954 1130 Quod
990 1080 1042 1131 si,
1071 1080 1114 1120 in
1148 1079 1202 1121 iis
1238 1080 1364 1120 rebus
1405 1079 1652 1135 repetendis

85 1155 182 1196 quae
215 1139 405 1196 mancipi
439 1147 553 1190 sunt,
576 1139 611 1179 is
647 1139 888 1194 periculum
914 1137 1069 1193 judicii
1101 1142 1303 1193 praestare
1333 1135 1478 1184 debet,
1499 1136 1574 1191 qui
1607 1151 1653 1177 se

83 1211 198 1238 nexu
228 1197 462 1253 obligavit3
491 1195 687 1252 profecto
721 1196 849 1237 etiam
879 1194 1051 1244 rectius,
1082 1193 1126 1234 in
1150 1192 1317 1249 judicio
1354 1193 1544 1234 consulis
1580 1193 1655 1234 de-

86 1253 262 1310 signati,
289 1253 325 1294 is
359 1252 635 1310 potissimum
667 1253 836 1302 consul,
859 1251 932 1306 qni
965 1250 1184 1292 consulem
1218 1249 1464 1299 declaravit,
1486 1248 1657 1291 fauctor
1673 1251 1729 1293 40

86 1310 284 1352 beneficii
322 1309 472 1366 populi
503 1309 631 1351 Rom.
663 1308 950 1364 defensorque
989 1306 1182 1363 periculi,
1214 1320 1308 1347 esse
1340 1305 1530 1348 debebit.
1590 1307 1658 1350 Ac

485 1481 697 1534 vastum.

132 1670 186 1700 26.
225 1667 273 1699 Μ.
300 1666 432 1708 Catoni]
489 1666 541 1697 Sic
571 1670 603 1697 et
631 1666 852 1708 philosophum

92 1711 258 1748 Catonem,
272 1716 304 1742 et
330 1711 485 1746 Stoicum,
501 1710 666 1751 significat.
710 1709 754 1740 Ut
781 1710 854 1739 Sto-

89 1754 171 1791 i'cus,
199 1754 304 1785 omnia
335 1754 374 1784 ad
409 1758 526 1785 certam
560 1753 686 1784 rationis
714 1763 853 1783 normam

89 1797 266 1839 dirigebat;
307 1802 356 1828 est
394 1801 496 1827 autem
532 1795 659 1837 insignis
695 1795 852 1826 translatio

92 1840 319 1882 proverbialem
355 1839 483 1880 figuram
516 1839 740 1880 complectens,
771 1838 857 1879 quali

93 1890 126 1914 et
141 1883 245 1915 Graeci
267 1883 313 1914 uti
333 1883 446 1919 solent,
463 1882 532 1913 curn
556 1883 723 1913 maximam
752 1892 857 1912 curam

95 1932 128 1957 et
157 1926 388 1967 exquisitiorem
414 1925 588 1967 significare
612 1925 732 1957 volunt.
775 1924 859 1956 Nor-

95 1979 147 2000 ma
167 1969 248 2000 enim
274 1973 332 2006 est,
348 1979 440 2010 quam
467 1973 587 1999 veteres
614 1968 724 1999 Kame<
739 1968 857 2004 dixere,

96 2022 167 2053 quae
189 2011 350 2042 constituit
372 2017 492 2043 rectum
515 2011 675 2052 angulum.
719 2010 766 2040 Ut
789 2010 859 2051 phi-

94 2055 254 2096 losophus,
270 2054 373 2085 omnia
398 2054 566 2086 officiorum
585 2064 701 2094 genera
716 2059 748 2084 et
764 2054 861 2084 veluti

97 2098 264 2139 particulas
288 2098 515 2138 perpendebat,
537 2107 579 2126 ne
598 2097 675 2138 quid
700 2096 861 2131 insidiose,

99 2140 253 2176 simulate,
267 2147 321 2170 aut
334 2139 498 2175 fallaciter,
513 2139 677 2170 diceretur.

143 2186 196 2215 29.
218 2183 305 2225 Legis
327 2182 452 2213 ambitfis
471 2182 616 2221 latorem]
664 2181 810 2212 Ambitus
830 2185 863 2211 et

100 2226 228 2257 ambitio
243 2225 390 2256 differunt
404 2226 475 2261 hoc,
491 2225 575 2266 quod
592 2225 674 2265 prior
689 2223 859 2265 appellatio

98 2270 138 2300 sit
149 2269 293 2306 criminis,
310 2269 463 2309 posterior
479 2268 670 2308 cupiditatis.
714 2266 860 2297 Ambitus

99 2317 202 2344 autem
217 2312 476 2347 committebatur,
489 2310 560 2342 cum
575 2309 708 2351 benigne
722 2311 791 2350 quis·
807 2320 863 2350 per

99 2355 194 2386 tribus
207 2354 389 2397 appellabat
400 2354 548 2395 populum
562 2359 593 2384 et
604 2353 750 2394 suffragia
762 2363 864 2384 corro-

102 2399 206 2440 gabat.
252 2398 283 2429 V
285 2397 382 2434 erum,
398 2396 470 2428 cum
496 2396 673 2437 profusione
698 2401 729 2426 et
744 2395 863 2434 largiti-

101 2441 212 2472 onibus
235 2441 453 2481 corrumpebat
478 2440 642 2480 populum,
663 2445 696 2470 et
718 2438 864 2479 suffragia

101 2484 246 2515 mercede
255 2484 464 2524 comparabat,
472 2493 541 2513 reus
550 2481 683 2514 ambitus
692 2482 864 2517 dicebatur,

104 2531 137 2558 et
151 2527 221 2568 lege
235 2526 299 2557 lata
324 2526 521 2567 puniebatur.
567 2525 680 2556 Refert
694 2525 757 2555 Dio
772 2524 864 2566 hujus

104 2569 183 2611 legis
206 2574 363 2601 auctorem
386 2574 418 2600 et
437 2579 595 2600 suasorem
611 2568 794 2600 Ciceronem
817 2568 865 2598 su-

104 2623 177 2643 isse.

149 2657 202 2686 30.
246 2654 343 2686 Seuer&
366 2655 471 2697 gesta]
532 2654 735 2686 Consulatum
763 2653 866 2684 severe

108 2698 214 2739 gessit,
229 2698 385 2739 praecipue
400 2698 433 2729 in
449 2699 630 2737 Catilinam,
646 2704 679 2729 et
693 2698 770 2728 alios
786 2697 868 2738 ejus-

108 2743 181 2771 dem
201 2740 422 2780 conjurationis
444 2743 545 2775 socios
572 2747 605 2774 et
618 2741 800 2784 participes,
816 2739 870 2781 qui

107 2789 206 2816 morte
221 2783 343 2815 multati
361 2790 444 2816 sunt.

1094 1476 1106 1500 f
1125 1478 1261 1519 test-is,

937 1667 994 1697 32,
1026 1663 1088 1705 Ipsi
1104 1664 1236 1705 Catoni]
1280 1663 1406 1696 Laudat
1431 1664 1598 1700 Catonem,
1622 1673 1663 1694 ne

897 1708 994 1738 virum
1023 1713 1118 1738 tantae
1153 1707 1272 1738 virtutis
1307 1709 1391 1750 apud
1423 1708 1518 1739 Rom.
1541 1707 1663 1747 sibique

898 1752 1044 1788 amicum,
1057 1751 1169 1781 laedere
1182 1751 1338 1788 videatur,
1352 1750 1441 1792 cujus
1453 1750 1583 1782 consilio
1595 1750 1663 1790 ipse

897 1795 1004 1825 consul
1020 1794 1178 1835 Rempub.
1192 1794 1471 1830 administravit,et
1486 1804 1579 1834 quem
1595 1792 1665 1823 reli-

900 1837 964 1877 qua
977 1837 1043 1868 vita
1055 1847 1178 1878 semper
1192 1837 1379 1876 observavit,
1390 1843 1426 1867 ut
1440 1841 1528 1868 notat
1541 1837 1573 1867 in
1592 1836 1664 1867 Cat.

902 1880 1021 1911 Plutar.

946 1926 1000 1955 33.
1022 1924 1047 1953 Α
1063 1934 1117 1964 quo
1132 1923 1276 1964 tandem]
1321 1923 1425 1954 Affert
1447 1923 1581 1954 rationes
1597 1920 1666 1963 qui-

900 1967 957 1998 bus
972 1966 1101 1997 honeste
1123 1966 1278 1997 adductus
1302 1972 1349 1997 est
1372 1966 1410 1997 ad
1428 1966 1594 1997 Murenam
1610 1966 1667 1995 de·

901 2010 1107 2041 rendendum.

946 2055 1000 2084 36.
1021 2054 1047 2083 A
1063 2063 1108 2083 me
1128 2051 1215 2091 unm]
1266 2050 1343 2082 Suas
1360 2052 1444 2082 vices
1467 2050 1591 2092 imperii
1614 2050 1668 2080 ha-

904 2096 1022 2126 bebant
1041 2095 1182 2125 consules
1203 2095 1235 2124 in
1256 2095 1407 2133 comitiis3
1429 2095 1466 2125 iis
1481 2094 1574 2134 igitur
1589 2103 1668 2133 prae-

906 2144 972 2169 erat
987 2138 1109 2174 Cicero,
1124 2136 1195 2168 esim
1211 2136 1346 2167 Murena
1363 2137 1471 2169 consul
1487 2136 1668 2178 designatus

906 2188 964 2212 est.

947 2226 999 2254 38.
1025 2222 1097 2257 Quae
1111 2221 1236 2262 mancipi
1251 2222 1344 2262 sunt]
1392 2221 1510 2253 Omnes
1533 2232 1582 2252 res
1597 2232 1667 2263 quae

905 2267 1073 2297 abalienari
1098 2272 1240 2306 possunt,
1255 2267 1288 2295 id
1315 2271 1372 2302 est,
1389 2276 1458 2306 quae
1475 2265 1493 2295 ὲ
1508 2270 1612 2296 nostro
1627 2265 1667 2294 ad

905 2310 1029 2340 alterius
1053 2309 1179 2340 transire
1212 2308 1384 2339 dominium
1419 2314 1562 2348 possunt,
1581 2318 1669 2338 man-

905 2353 969 2394 cipi
981 2353 1072 2383 dictae
1085 2357 1169 2390 sunt;
1186 2358 1233 2383 est
1245 2357 1348 2382 autem
1359 2351 1542 2382 vocabulum
1552 2351 1668 2382 factum

907 2396 923 2426 a
939 2395 1041 2426 mamis
1052 2397 1193 2435 capcione,
1203 2406 1243 2426 ne
1259 2396 1335 2437 quid
1346 2395 1385 2432 is,
1398 2395 1452 2436 qui
1463 2395 1550 2431 emit,
1562 2394 1670 2425 damni

905 2439 1053 2481 patiatur.

950 2482 1000 2512 Ib.
1026 2482 1086 2517 Qui
1113 2492 1140 2512 se
1165 2491 1238 2512 nexu.
1261 2480 1424 2523 obligavit]
1471 2480 1511 2511 Id
1535 2485 1593 2517 est,
1615 2481 1670 2521 qui

906 2525 1060 2563 vendidit,
1074 2524 1194 2555 efficere
1209 2525 1317 2561 debet,
1332 2530 1366 2555 ut
1378 2524 1515 2555 venditio
1535 2530 1601 2554 rata
1613 2524 1668 2560 sit;

907 2578 1005 2599 nexus
1020 2573 1124 2598 autem
1147 2568 1325 2598 sollennitas
1348 2569 1491 2608 quaedam
1503 2567 1580 2607 juris
1600 2566 1669 2601 fuit,

910 2617 955 2647 ut,
971 2611 1117 2641 adhibitis
1131 2611 1268 2652 quinque
1282 2611 1421 2647 testibus,
1434 2616 1466 2641 et
1478 2609 1668 2649 libripende‚

910 2655 1015 2690 homo,
1041 2664 1095 2684 seu
1122 2664 1181 2689 res,
1209 2654 1238 2684 ei
1262 2654 1386 2684 daretur
1412 2652 1587 2693 mancipi03
1609 2653 1669 2682 hoc

912 2703 971 2732 est,
982 2697 1129 2737 potestati
1139 2696 1220 2728 illius
1231 2698 1412 2731 traderetur,
1421 2695 1475 2736 qui
1483 2705 1572 2727 suurn
1582 2701 1670 2736 emp-

912 2740 997 2772 tione
1013 2750 1114 2772 coram
1128 2740 1167 2771 iis
1179 2740 1309 2771 testibus
1322 2738 1456 2770 fecisset.

1626 150 1708 197 145

1663 683 1719 724 30
