1790 3090
62 189 129 236 9²2.
722 187 775 223 m
800 186 1059 222 οΑΤΠᾸΝΑΜ
1082 187 1115 221 1.

135 264 355 320 didissem,
371 268 463 324 jam
484 265 587 308 mihi
609 267 776 308 consuli
797 266 882 309 hoc
910 266 1004 322 ipso
1034 266 1079 307 in
1109 265 1287 322 templo,
1302 261 1400 321 jure
1421 262 1601 322 optimo,
1623 275 1692 308 se-

68 327 117 368 15
135 333 263 368 natus
283 326 370 368 vim
391 333 435 366 et
454 335 606 364 manus
627 324 872 366 intulisset:
905 324 958 365 de
979 330 1021 364 te
1042 328 1198 375 autem,
1218 323 1418 373 Catilina,
1437 322 1536 363 cum
1552 323 1694 379 quies-

134 390 252 435 cunt,
274 384 483 440 probant:
516 380 614 422 cum
635 381 867 436 patiuntur,
885 381 1146 422 decernunt:
1180 380 1277 422 cum
1294 385 1455 430 tacent,
1473 380 1688 431 clamant3

133 455 272 497 neque
294 439 338 480 hi
361 438 511 489 solum,
534 452 716 494 quorum
733 438 811 478 tibi
833 438 1067 478 auctoritas
1089 445 1156 478 est
1174 437 1374 479 videlicet
1394 451 1506 487 cara,
1522 437 1610 478 ‘vita
1630 437 1693 478 vi-

131 497 324 547 lissima3
345 495 422 537 sed
438 495 567 536 etiam
586 494 646 534 illi
666 494 833 549 equites
855 493 1055 543 Romani,
1078 494 1371 535 honestissimi
1392 501 1521 550 atque
1542 493 1694 549 optimi

132 553 225 605 viri,
240 552 470 608 caeterique
490 550 714 593 fortissimi
729 550 860 601 cives,
875 550 948 605 qui
962 549 1244 592 circumstant
1259 557 1479 592 senatum:
1512 563 1695 607 quorum

61 614 116 654 20
134 617 179 651 tu
201 617 245 651 et
264 609 548 666 frequentiam
561 608 719 658 videre,
739 614 783 647 et
804 606 949 648 studia
969 607 1224 662 perspicere,
1243 614 1286 648 et
1302 622 1431 649 voces
1449 608 1576 664 paulo
1594 605 1695 648 ante

134 667 350 717 exaudire,
371 665 551 722 potuisti
569 682 578 705 :
611 678 792 720 quorum
813 678 894 720 ego
914 663 987 705 vix
1009 664 1086 704 abs
1106 670 1147 705 te
1162 664 1330 720 jamdiu
1356 679 1507 705 manus
1529 679 1580 705 ac
1610 664 1698 705 tela

134 724 359 775 contineo;
389 723 564 764 eosdem
586 721 714 762 facile
731 721 957 770 adducam,
975 727 1022 762 ut
1039 727 1095 772 te,
1112 721 1222 773 haec,
1240 735 1336 777 quae
1350 721 1608 777 jampridem
1623 736 1697 762 va-

134 788 246 822 stare
263 781 428 831 studes,
441 779 771 835 relinquentem,
789 793 925 834 usque
942 778 997 818 ad
1014 785 1159 834 portas
1177 784 1504 834 prosequantur.
1535 778 1698 826 Quam-

28 879 32 893 ]
133 837 265 894 quam
287 837 392 894 quid
411 836 596 893 loquor?
628 843 671 877 te
692 842 738 876 ut
759 836 846 876 ulla
865 850 931 876 res
950 834 1151 891 frangat?
1184 842 1231 876 tu
1258 841 1306 876 ut
1327 848 1519 890 unquam
1539 840 1582 875 te
1603 848 1697 875 cor-

60 897 115 939 25
134 895 281 951 rigas?
313 901 361 935 tu
394 900 442 935 ut
473 895 607 934 ullam
628 893 776 948 fugam
797 892 1058 933 emeditere?
1090 898 1138 933 tu
1167 892 1300 933 ullum
1330 898 1379 933 ut
1409 890 1606 933 exsilium
1627 904 1701 932 co-

134 951 276 1007 gites?
306 951 470 992 utinam
490 950 569 991 tibi
590 950 716 991 istam
737 956 926 990 mentem
948 948 1008 989 dii
1029 949 1291 990 immortales
1322 948 1493 989 darent!
1524 947 1697 989 tametsi

132 1008 276 1059 video,
299 1008 350 1059 si,
371 1006 469 1048 mea
488 1021 595 1048 voce
616 1006 879 1062 perterritus,
900 1006 959 1046 ire
980 1005 1025 1046 in
1043 1005 1243 1047 exsilium
1256 1005 1445 1046 animum
1461 1004 1697 1056 induxeris,

134 1072 297 1121 quanta
316 1071 551 1120 tempestas
573 1062 746 1103 invidiae
767 1062 908 1113 nobis,
930 1062 966 1103 si
990 1062 1131 1103 minus
1152 1062 1197 1102 in
1216 1077 1404 1118 praesens
1426 1068 1610 1117 tempus,
1633 1076 1697 1102 re-

135 1121 251 1163 centi
272 1120 482 1163 memoria
513 1121 722 1161 scelerum
741 1126 926 1169 tuorum,
949 1125 994 1159 at
1013 1118 1057 1158 in
1078 1118 1413 1173 dposteritatem,
1434 1118 1696 1173 impendeat.

59 1182 117 1223 30
135 1178 246 1219 eSed
267 1185 334 1219 est
353 1177 459 1218 mihi
489 1176 615 1227 tanti,
638 1174 869 1216 dummodo
890 1175 975 1215 ista
1007 1188 1104 1215 mea
1133 1174 1299 1230 privata
1318 1175 1376 1215 sit
1393 1174 1631 1225 calamitas,
1654 1180 1699 1216 et

137 1236 163 1277 ἒι
184 1234 373 1291 Reipub.
393 1233 596 1290 periculis
619 1233 884 1288 sejungatur.
917 1230 1004 1272 Sed
1022 1236 1069 1271 tu
1085 1236 1133 1272 ut
1147 1231 1265 1272 vitiis
1282 1231 1367 1272 tuis
1384 1245 1697 1283 commoveam,

133 1298 184 1334 ut
201 1292 348 1348 legum
368 1304 521 1347 poenas
543 1289 838 1346 pertimescas,
859 1294 908 1329 ut
927 1288 1190 1344 temporibus
1216 1287 1403 1345 Reipub.
1423 1287 1590 1340 scedas,
1611 1302 1700 1330 non

136 1355 202 1391 est
221 1348 557 1406 postulandum3
588 1361 728 1403 neque
749 1345 862 1386 enim
893 1344 929 1385 is
953 1360 1014 1396 es,
1038 1344 1242 1398 Catilina,
1262 1352 1311 1386 ut
1339 1351 1382 1386 te
1412 1351 1487 1386 aut
1515 1345 1655 1401 pudor
1674 1347 1700 1386 a

135 1406 416 1463 turpitudine,
437 1411 513 1446 aut
543 1411 683 1445 metus
715 1402 740 1443 a
771 1402 978 1458 periculo,
1001 1409 1075 1443 aut
1102 1401 1211 1443 ratio
1243 1401 1270 1444 a
1299 1402 1454 1452 furore,
1475 1401 1701 1444 revocarit.

62 1466 117 1508 35
138 1464 443 1514 Quamobrem,
474 1467 523 1502 ut
553 1459 668 1517 saepe
698 1461 790 1516 jam
826 1458 930 1510 dixi,
961 1459 1262 1516 proficiscere:
1295 1474 1362 1512 ac,
1394 1459 1431 1500 si
1463 1458 1583 1510 mihi,
1619 1458 1702 1499 ini-

135 1521 250 1563 mico
287 1522 351 1575 (ut
381 1518 612 1577 praedicas)
647 1523 738 1569 tuo,
767 1516 953 1558 conflare
989 1516 1053 1557 vis
1089 1516 1312 1569 invidiam,
1339 1515 1460 1557 recta
1492 1530 1620 1572 perge
1655 1515 1702 1557 in

139 1578 361 1620 exsilium:
393 1577 466 1617 vix
506 1575 641 1616 feram
679 1581 925 1615 gsermones
965 1572 1204 1624 hominum,
1245 1573 1283 1614 si
1331 1572 1377 1614 id
1415 1571 1569 1614 feceris
1588 1589 1598 1614 ε
1629 1572 1703 1614 vix

140 1636 329 1677 '‘molem
349 1633 474 1675 istius
493 1631 680 1683 invidiae,
702 1631 739 1672 si
769 1629 815 1670 in
846 1628 1047 1671 exsilium
1076 1629 1175 1671 ieris
1199 1630 1326 1686 jussu
1346 1628 1554 1682 consulis,
1573 1629 1704 1671 susti-

139 1692 268 1734 nebo.
339 1691 417 1732 Sin
447 1696 590 1732 autem
621 1687 776 1730 servire
797 1702 905 1729 meae
924 1686 1041 1728 laudi
1072 1693 1116 1729 et
1145 1686 1296 1744 gloriae
1325 1686 1476 1737 mavis,
1498 1687 1701 1743 egredere

64 1752 123 1794 40
141 1764 240 1792 cum
275 1747 544 1805 iimportuna
578 1746 880 1787 sceleratorum
920 1759 1079 1786 manu:
1111 1743 1259 1786 confer
1291 1750 1334 1786 te
1366 1744 1422 1786 ad
1457 1743 1703 1796 Manlium3

140 1805 314 1849 concita
341 1804 534 1862 perditos
556 1803 670 1845 cives
689 1820 701 1854 ;
731 1816 904 1844 secerne
926 1808 968 1843 te
992 1800 1018 1844 a
1034 1800 1186 1854 bonis3
1216 1800 1326 1844 infer
1343 1800 1493 1858 patriae
1508 1799 1700 1852 bellum;

139 1864 310 1906 exsulta
339 1861 473 1919 impio
502 1860 753 1913 latrocini03
783 1867 833 1902 ut
863 1858 890 1901 a
919 1874 988 1901 me
1018 1873 1107 1903 non
1136 1859 1299 1916 ejectus
1331 1859 1388 1902 ad
1417 1858 1593 1912 alienos,
1623 1858 1703 1901 sed

139 1981 328 2033 ccogites.
395 1977 466 2020 din
476 1978 705 2033 futurum.
766 1976 867 2017 esed
887 1977 1001 2016 tanti
1011 1976 1134 2031 facio
1156 1988 1263 2015 eam.
1323 1973 1626 2016 faeoommodes
1645 1978 1697 2016 te.

559 2035 760 2089 gsamam.
849 2032 868 2056 ¹¹
880 2046 1002 2073 onus.
1092 2030 1286 2073 ierudeli.

184 2152 237 2182 15.
263 2149 337 2181 curm
372 2149 545 2191 quiescunt]
607 2147 794 2179 Distributio
833 2146 897 2177 ele·
941 2151 1074 2187 pestate,
1089 2156 1125 2178 ac
1142 2146 1173 2177 vi
1188 2151 1349 2178 ventorum
1371 2146 1548 2189 ingruente,
1563 2146 1701 2178 obruun-

140 2205 228 2235 gans,
240 2194 294 2225 ubi
305 2193 445 2225 tribuitur
461 2193 629 2234 unicuique
640 2192 725 2234 quod
739 2191 896 2233 proprium
941 2195 999 2220 tur.

140 2244 198 2269 est.
986 2233 1037 2266 Ib.
1061 2232 1099 2264 In
1118 2244 1239 2273 praesens
1260 2231 1398 2274 tempus]
1439 2232 1479 2264 Id
1495 2237 1553 2270 est,
1567 2232 1600 2263 in
1620 2242 1702 2274 prae-

184 2282 237 2313 17.
264 2281 400 2312 Videlicet
437 2280 534 2321 cara.]
590 2278 716 2310 Ironia:
748 2289 820 2309 nam
857 2279 897 2309 de
942 2277 1022 2307 senti
1037 2282 1199 2318 tempore:
1223 2288 1307 2314 nam,
1322 2283 1357 2308 ut
1371 2276 1491 2307 notavit
1512 2275 1701 2312 Priscianus,

140 2330 237 2355 morte
252 2335 358 2355 eorum
374 2324 573 2364 cogitaverat.
939 2319 993 2350 lib.
1011 2323 1063 2350 18.
1078 2320 1182 2351 Latini
1203 2321 1454 2361 praepositionem
1476 2321 1509 2350 in
1525 2318 1700 2350 accusativo

183 2371 235 2398 ΞΟ.
263 2367 371 2408 Voces]
418 2366 540 2404 Quibus
575 2366 722 2397 favebant
753 2365 898 2397 Ciceroni
943 2363 1024 2404 saept}
1041 2363 1227 2405 adjungunt,
1242 2364 1311 2394 loco
1327 2363 1469 2396 ablativi.

139 2417 246 2441 contra
263 2411 442 2442 Catilinam.
985 2406 1035 2438 Ib.
1058 2407 1178 2438 Recenti
1202 2407 1337 2438 memoria
1362 2405 1523 2445 scelerum]
1570 2404 1611 2435 Id
1642 2409 1701 2441 est,

183 2455 235 2484 92.
261 2454 331 2488 Quae
336 2454 517 2494 jampridem
532 2458 643 2483 vastare
653 2452 773 2491 studes.]
800 2451 897 2481 Reru-
941 2447 1011 2479 cuin
1035 2451 1138 2481 adhuc
1159 2451 1216 2481 erit
1239 2461 1346 2481 recens
1365 2450 1517 2481 scelerum
1539 2449 1702 2484 memoria,

140 2497 297 2537 publicam
313 2503 346 2528 et
361 2502 458 2527 totam
473 2497 597 2528 Italiam
611 2501 732 2527 vastare
747 2495 897 2537 cupiebat
941 2502 1011 2533 quae
1027 2493 1046 2522 a.
1060 2492 1197 2524 Catilina
1214 2498 1334 2534 patrata
1345 2499 1428 2525 sunt.

141 2539 288 2571 Catilina.
988 2539 1042 2568 30.
1068 2536 1121 2567 Est
1142 2537 1214 2566 mihi
1236 2537 1341 2577 tanti]
1384 2537 1423 2568 Id
1448 2540 1507 2572 est,
1521 2534 1600 2566 tanti
1620 2533 1701 2565 Rei-

183 2586 237 2614 26.
260 2583 349 2614 Istam
372 2583 519 2624 mentem]
566 2582 611 2613 Ut
634 2582 730 2613 eundi
756 2581 788 2612 in
815 2581 894 2611 exsi-
936 2581 1011 2623 pub.
1035 2580 1186 2610 interesse
1213 2580 1294 2610 duco
1323 2583 1355 2610 te
1378 2590 1416 2610 ex
1441 2579 1525 2611 Urbe
1542 2578 1637 2614 exire,
1653 2583 1699 2613 ut.

140 2627 216 2657 lium
245 2633 379 2657 mentem
413 2626 580 2656 immittant
610 2626 664 2661 dii,
696 2625 807 2657 Cicero
838 2633 893 2664 ap·
938 2626 1012 2655 dum
1043 2623 1075 2653 id
1107 2623 1172 2660 fiat,
1205 2633 1268 2654 non
1296 2633 1436 2654 recusem
1466 2632 1589 2653 ornnem
1618 2620 1700 2652 invi-

141 2675 299 2711 precatur3
330 2669 553 2700 arbitrabantur
582 2670 738 2699 enimvero
769 2668 813 2698 illi
839 2678 894 2698 ve·
940 2669 1034 2699 diam.

139 2718 221 2744 teres
236 2713 373 2744 omnium
386 2712 582 2744 consiliorum
599 2718 740 2743 auctores
753 2711 828 2742 deos
842 2721 895 2741 ex·
982 2713 1035 2743 33.
1064 2709 1104 2741 Ut
1120 2716 1146 2740 te
1160 2716 1213 2741 aut
1232 2710 1340 2751 pudor,
1363 2708 1440 2750 δια]
1485 2708 1613 2750 Figura,
1627 2716 1698 2749 quae

140 2757 258 2788 sistere.
945 2754 1106 2796 adjunctio
1123 2754 1244 2785 dicitur.

184 2802 238 2831 28.
260 2798 417 2839 Tempestas
428 2797 570 2840 invidiae]
614 2797 805 2829 Translatio:
828 2807 901 2828 nain
989 2800 1041 2829 42.
1063 2796 1257 2837 Latrocinia]
1296 2795 1432 2833 Bellum,
1447 2799 1555 2829 contra
1569 2793 1704 2838 patriam

138 2842 258 2879 invidia
271 2842 383 2887 saepifis
398 2843 553 2889 honiin'es,
567 2851 631 2877 non
646 2840 735 2878 sectis
760 2851 798 2876 ac
821 2846 901 2874 tem·
945 2846 1135 2886 susceptum,
1148 2840 1341 2885 latrocinium
1355 2844 1458 2887 vocat.
