1790 3090
65 148 98 177 X
618 132 667 164 M.
689 130 840 164 TULLII
870 131 1115 166 crcERoNJs

498 220 669 251 ANNUS
704 223 852 251 uums
888 223 1121 253 conTAE
1153 209 1250 253 677.

156 279 266 322 Coss.
291 280 371 323 Cn.
397 281 583 331 Octavio,
609 281 655 324 C.
678 283 898 326 Scribonio
918 285 1122 335 Curione,
1143 290 1246 327 ante
1266 284 1487 327 Christum
1507 286 1577 327 75.

523 339 739 380 Ciceronis
765 342 1009 394 trigesimus
1023 345 1206 396 primus.

64 429 71 432 >
125 409 340 453 Reversus
357 410 381 453 ὲ
403 410 584 463 Graeeia,
608 410 705 453 cum
727 426 885 454 annum
904 413 949 453 in
969 413 1110 455 causis
1132 413 1363 470 posuisset,
1394 429 1446 456 ac
1476 413 1661 456 maxime

61 483 144 524 vpro
167 468 328 510 Roscio
351 468 564 510 Comoedo
586 467 781 520 dixisset,
803 470 1076 518 Quaesturam
1096 470 1223 527 petiit
1253 471 1371 524 (cum
1392 471 1525 521 Cotta
1546 471 1664 512 Con-

67 525 254 566 sulatum
271 528 451 582 peteret)
474 540 604 582 quam
625 525 823 567 omnibus
842 525 1056 584 suffragiis
1073 536 1331 570 consecutus
1350 535 1429 570 est.
1490 529 1540 569 In
1562 527 1663 569 His-

67 582 196 638 pania
210 582 411 623 adversus
434 582 667 623 Sertorium
687 583 892 624 acerrima
912 583 983 625 illa
1013 585 1164 641 proelia
1191 591 1234 627 et
1268 586 1468 637 maxima,
1508 585 1662 627 Sucro-

65 653 198 681 nense
215 646 259 681 et
279 638 506 690 Dunense,
529 639 760 681 commissa
781 646 893 682 sunt.

494 741 663 770 ANNus
697 743 846 770 cums
882 744 1114 773 coNDITAE
1137 732 1235 774 678.

182 803 295 846 Coss.
329 803 378 845 L.
405 804 591 852 Octavio,
631 803 677 845 Ο.
696 804 873 845 Aurelio
906 803 1044 855 Cottci,
1076 811 1178 847 ante
1217 804 1437 848 Christum
1477 806 1547 848 74.

506 861 722 901 Ciceronis
743 863 988 913 trigesimus
1005 863 1233 903 secundus.

122 934 322 982 Quaestor
333 933 488 975 Cicero
506 933 754 990 designatus
773 933 981 983 Siciliam,
999 933 1100 976 Sex,
1113 933 1329 976 Peducaeo
1352 934 1555 985 Praetore,
1574 949 1661 976 sor-

62 991 169 1033 titus
186 997 266 1032 est.
326 989 436 1031 Cum
457 996 601 1031 autem
622 991 708 1031 duo
726 991 974 1038 Quaestores
991 998 1136 1032 essent
1155 991 1199 1032 in
1220 991 1272 1032 ea
1292 991 1526 1047 provincia,
1550 991 1660 1047 Lily-

62 1048 258 1089 baetanus
280 1048 400 1098 alter,
420 1047 527 1088 alter
557 1046 868 1103 Syracusanus,
899 1048 1014 1103 prior
1033 1048 1172 1089 factus
1208 1054 1287 1089 est.
1347 1048 1521 1097 Verum,
1544 1047 1656 1097 cum,

60 1104 105 1145 in
126 1104 377 1145 difficultate
389 1118 583 1153 annonae,
599 1118 781 1158 magnus
798 1105 997 1145 frumenti
1009 1118 1209 1145 numerus
1226 1104 1410 1146 Romam
1425 1103 1659 1145 mittendus

61 1168 188 1210 esset,
208 1160 378 1201 Siculos
399 1159 520 1200 initio
541 1159 745 1200 offendit:
777 1166 822 1200 at
837 1160 1074 1215 postquam
1094 1167 1305 1201 noverunt
1318 1163 1447 1216 quam
1466 1160 1659 1216 negotia-

59 1217 222 1258 toribus
261 1216 413 1268 comis,
443 1216 755 1257 mercatoribus
783 1216 944 1272 justus,
977 1216 1265 1273 municipibus
1289 1217 1492 1269 liberalis,
1525 1216 1656 1258 sociis

59 1273 294 1324 abstinens,
315 1279 358 1314 et
378 1273 423 1314 in
444 1272 560 1314 omni
581 1272 721 1314 officio
758 1272 1114 1329 diligentissimus
1150 1280 1278 1325 esset,
1299 1275 1481 1329 majores
1499 1273 1563 1313 illi
1583 1273 1658 1313 ho-

57 1345 183 1372 nores
204 1329 335 1387 quam
365 1329 442 1370 ulli
464 1328 644 1371 Praetori
670 1329 960 1371 reddiderunt.
1020 1328 1086 1370 Eo
1126 1335 1319 1386 tempore
1347 1330 1470 1371 multi
1491 1330 1658 1371 adoles-

58 1393 206 1429 centes
229 1386 413 1428 Romani
434 1385 602 1428 nobiles
642 1385 741 1427 cum
775 1386 890 1442 apud
911 1385 1147 1427 Praetorem
1165 1386 1505 1443 intemperantiae
1523 1393 1567 1428 et
1587 1401 1658 1427 ne-

58 1445 211 1501 glectae
246 1443 465 1500 diciplinae
495 1442 692 1484 militaris
713 1450 860 1484 essent
878 1443 1087 1496 accusati,
1108 1443 1266 1501 magna
1285 1458 1359 1486 eos
1381 1444 1658 1486 commenda-

55 1501 174 1543 tione
195 1499 349 1543 Cicero
372 1499 579 1550 defendit,
609 1506 652 1541 et
673 1500 954 1542 conservavit.

477 1596 647 1624 ANNUS
683 1596 826 1624 URBIS
864 1595 1097 1624 coND1TAE
1121 1582 1220 1625 679.

84 1658 198 1701 Coss.
222 1658 272 1699 L.
296 1658 464 1699 Licinio
484 1657 682 1706 Lucullo,
714 1657 779 1698 M.
803 1657 980 1699 Aurelio
1005 1655 1144 1706 Cottci,
1177 1661 1279 1699 ante
1303 1656 1524 1700 Christum
1546 1657 1616 1699 73.

515 1713 729 1755 Ciceronis
748 1716 996 1767 trigesimus
1010 1717 1178 1756 tertius.

114 1787 266 1829 Cicero
282 1786 410 1828 rediit
444 1785 468 1828 ὲ
487 1784 639 1827 Sicilia
659 1800 710 1827 ac
731 1786 947 1829 decedens
963 1787 1116 1828 habuit
1137 1786 1374 1829 orationem
1390 1787 1580 1845 Lilybaei,
1611 1786 1655 1828 in

53 1843 139 1901 qua
167 1859 292 1886 omne
313 1858 449 1899 genus
487 1842 618 1884 officii
656 1842 811 1885 Siculis
845 1844 1044 1900 promisit
1081 1859 1126 1886 se
1164 1844 1468 1900 praestiturum.
1547 1844 1656 1886 Tum

53 1901 277 1943 videbatur
308 1900 490 1942 facultas
510 1899 586 1940 illa
605 1914 683 1941 sua
703 1900 878 1942 dicendi
913 1916 1008 1943 esse
1043 1901 1248 1958 perfecta,
1288 1907 1332 1942 et
1365 1901 1655 1944 maturitatem

53 1958 285 2015 quamdam
305 1971 426 1998 suam
446 1957 618 1998 habere.
678 1957 909 2010 Antonius,
930 1958 1005 2015 qui
1037 1964 1159 2014 pater
1177 1958 1260 1999 fuit
1281 1958 1348 2000 M.
1369 1958 1550 2000 Antonii
1565 1958 1655 1999 Tri-

53 2014 219 2066 umviri‚
251 2029 294 2056 re
311 2013 424 2055 male
442 2013 568 2070 gesta
583 2020 734 2056 contra
754 2013 999 2067 Cretenses,
1029 2016 1178 2057 morbo
1194 2015 1331 2072 periit.

478 2118 647 2145 ANNUS
683 2118 831 2145 URBIS
868 2117 1102 2145 conTAE
1136 2103 1235 2144 680.

115 2178 229 2221 Coss.
253 2179 311 2220 M
311 2209 319 2218 .
365 2178 567 2219 Terentio
603 2179 788 2219 Varrone
823 2178 1022 2226 Lucullo,
1072 2176 1114 2217 C.
1142 2175 1288 2217 Cassio
1317 2176 1438 2226 Varo,
1479 2182 1582 2218 aute

320 2235 538 2276 Christum
559 2234 628 2275 72.
693 2232 912 2276 Ciceronis
933 2236 1178 2287 trigesimus
1194 2238 1395 2286 quartus.

109 2308 156 2360 L.
178 2307 395 2360 Lucullus,
426 2307 501 2364 qui
522 2321 634 2348 anno
656 2305 863 2362 superiori
885 2305 1049 2347 Consul
1070 2311 1220 2347 contra
1232 2303 1534 2346 Mithridatem
1554 2320 1652 2362 pro-

51 2365 190 2408 fectus
211 2371 315 2418 erat,
334 2365 390 2406 ad
405 2364 608 2421 Cyzicum
623 2364 772 2405 urbem
789 2362 1022 2404 exercitum
1036 2362 1127 2418 ejus
1144 2362 1254 2403 ferro
1276 2367 1318 2403 et
1338 2361 1450 2403 farne
1467 2361 1650 2405 delevit:

49 2423 211 2465 bellum
242 2436 413 2479 quoque
449 2420 476 2462 a
515 2419 840 2478 gladiatoribus,
880 2419 991 2461 duce
1033 2418 1256 2475 Spartaco,
1288 2418 1522 2461 excitatum
1557 2426 1648 2472 est3

51 2479 169 2536 quod
190 2478 342 2521 Cicero
360 2478 510 2521 servile
530 2483 670 2519 vocat.

478 2573 647 2601 ANNUS
683 2572 831 2600 umus
866 2571 1098 2600 coNDITAE
1132 2558 1230 2600 681.

54 2632 170 2676 Coss.
209 2635 260 2675 L.
303 2634 437 2675 Gellio
458 2633 690 2688 Poplicolc‘t,
726 2632 802 2673 Cu.
842 2631 1039 2675 Cornelio
1059 2633 1245 2674 Lentulo
1284 2631 1503 2684 Clodiano,
1544 2638 1647 2675 ante

309 2688 531 2732 Christum
550 2690 621 2730 71.
682 2688 898 2732 Ciceronis
919 2691 1163 2743 trigesimus
1183 2691 1377 2744 quintus.

106 2763 206 2808 Hoc
218 2763 538 2807 annoLueullus
552 2762 853 2807 Mithridatem
865 2761 910 2806 in
922 2761 1113 2807 Pontum
1122 2766 1375 2821 persecutus
1388 2766 1469 2818 est,
1485 2768 1530 2807 et
1545 2775 1644 2806 eum
