1858 3095
618 169 669 201 m
693 168 945 207 caecarum.
968 146 1224 209 mva‘no'.

132 244 392 303 unaquaque
408 258 467 296 re,
488 243 698 286 beneficio
719 243 892 286 senatus
914 244 1147 301 populique
1168 243 1368 295 Romani,
1392 243 1502 299 juris
1523 244 1655 286 habui
1673 263 1685 296 3

130 301 175 344 id
198 302 302 344 mihi
324 311 384 355 tu,
408 299 458 342 C.
476 298 645 353 Verres,
665 300 875 357 eripuisti,
897 308 1026 357 atque
1047 301 1287 343 abstulisti:
1310 314 1395 357 quo
1418 300 1588 342 nomine
1607 301 1684 342 abs

130 365 174 401 te
191 358 432 402 sestertium
452 357 609 399 millies
631 372 683 399 ex
704 358 799 414 lege
826 364 988 414 repeto.
1024 357 1069 400 Si
1090 359 1287 400 universa
1305 363 1372 410 (ut
1387 357 1496 408 dixi)
1517 357 1684 413 provin·
1694 360 1749 400 20

131 415 197 458 cia
217 414 333 471 loqui
366 422 526 470 posset,
558 410 642 456 hac
675 429 778 456 voce
810 421 1010 456 uteretur.
1070 415 1285 463 Quoniam
1316 414 1360 454 id
1393 428 1477 454 non
1503 420 1683 469 poterat,

129 472 279 513 harum
310 485 448 512 rerum
483 478 684 522 actorem,
717 486 844 528 quem
884 471 1086 512 idoneum
1122 487 1215 513 esse
1256 470 1459 512 arbitrata
1480 477 1559 520 est,
1592 469 1685 525 ipsa

130 528 306 584 delegit.
366 527 415 567 In
448 527 694 583 hujusmodi
730 543 772 569 re
806 527 1034 584 quisquam
1054 535 1141 568 tam
1177 527 1406 583 impudens
1438 526 1684 581 reperietur,

160 584 203 626 ui
225 583 279 625 ad
295 583 478 625 alienam
505 598 692 636 causam,
723 584 871 625 invitis
892 584 944 624 iis
979 598 1160 640 quorum
1194 583 1417 639 negotium
1454 589 1531 630 est,
1562 597 1685 622 acce-

130 599 229 682 dere
251 646 325 681 aut
344 640 528 696 aspirare
547 640 732 682 audeat?
764 640 810 681 Si
834 640 927 691 tibi,
950 640 1004 688 Q.
1023 640 1185 690 Caecili,
1207 641 1291 681 hoc
1306 639 1443 681 Siculi
1464 638 1656 679 dicerent
1673 640 1751 688 325

127 696 188 738 Te
207 710 296 738 non
314 697 512 739 novimus
530 714 539 739 :
570 697 786 739 nescimus
808 696 882 753 qui
904 696 962 738 sis
981 713 990 738 :
1022 711 1242 752 nunquam
1261 702 1303 738 te
1335 694 1461 737 antea
1479 694 1685 736 vidimus:

127 753 220 795 sine
240 768 318 795 nos
340 768 414 810 per
434 769 531 796 eum
549 762 718 796 nostras
735 754 925 795 fortunas
946 753 1191 802 defendere,
1211 754 1332 809 cujus
1353 753 1459 793 fides
1477 759 1543 793 est
1563 752 1686 792 nobis

128 810 333 867 cognita;
378 825 537 852 non-ne
577 811 622 852 id
658 811 861 860 dicerent,
911 810 1028 866 quod
1064 809 1199 851 cuivis
1240 809 1419 866 probare
1451 808 1686 849 deberent?

128 865 258 909 Nunc
278 865 362 908 hoc
383 867 562 909 dicunt:
594 874 820 924 utrumque
841 882 887 908 se
919 867 1068 909 11655οε
1102 867 1281 908 alterum
1302 881 1348 907 se
1370 880 1522 922 cupere
1541 864 1687 906 defen-

129 937 269 966 sorem
290 938 385 966 esse
417 923 682 966 fortunarum
701 939 873 966 suarum
891 939 902 975 3

932 923 1114 965 alterum
1151 923 1278 980 plane
1304 923 1431 964 nolle.
1491 921 1578 962 Cur
1612 924 1753 966 no-3O

128 979 224 1032 lint,
254 980 423 1022 etiamsi
443 988 627 1033 taceant,
649 981 754 1023 satis
776 981 952 1033 dicunt3
982 980 1128 1022 verum
1148 995 1234 1022 non
1254 986 1427 1022 tacent:
1459 985 1602 1020 tamen
1619 978 1688 1019 his

129 1036 399 1079 invitissimis
415 1044 457 1079 te
475 1037 627 1080 offeres
641 1039 658 1079 'f
688 1045 832 1080 tamen
849 1038 892 1079 in
908 1037 1050 1079 alien-21
1067 1037 1201 1079 causa
1221 1037 1425 1094 loquere?
1457 1043 1599 1077 tamen
1614 1050 1688 1077 eos

130 1093 352 1146 defendes,
383 1095 457 1151 qui
478 1110 523 1137 se
540 1096 593 1137 ab
612 1095 809 1137 omnibus
832 1096 1023 1136 desertos
1043 1094 1197 1151 potius,
1231 1093 1360 1150 quam
1381 1093 1458 1134 abs
1479 1099 1522 1134 te
1545 1092 1690 1134 defen-

132 1164 220 1202 sos,
251 1165 345 1193 esse
373 1151 565 1192 malunt?
595 1159 736 1193 tamen
770 1151 837 1193 his
866 1166 1037 1208 operam
1069 1158 1189 1192 tuam
1228 1150 1498 1207 pollicebere,
1531 1149 1604 1206 qui
1646 1156 1689 1190 te

130 1221 270 1264 neque
293 1208 401 1249 velle
422 1208 502 1249 sua
524 1208 670 1260 causa,
699 1223 794 1260 nec,
827 1223 862 1249 51
885 1222 1048 1264 cupias,
1078 1222 1224 1263 posse,
1255 1206 1541 1249 arbitrantur?

1603 1205 1691 1247 Cur
1701 1211 1756 1252 35

133 1277 279 1305 eorum
301 1278 421 1319 spem
457 1263 657 1321 exiguam
689 1265 948 1321 reliquarum
984 1264 1262 1315 fortunarum,
1295 1277 1423 1320 quam
1454 1263 1616 1304 habent
1646 1262 1691 1303 in

131 1319 242 1375 legis
276 1326 319 1361 et
346 1319 500 1375 judicii
537 1321 765 1362 severitate
786 1320 988 1376 positam,
1018 1320 1061 1360 vi
1096 1327 1350 1375 extorquere
1390 1319 1586 1361 conaris?
1617 1332 1694 1360 cur

132 1381 177 1417 te
218 1375 472 1432 interponis,
517 1375 789 1418 invitissimis
827 1376 896 1427 iis,
928 1375 1085 1432 quibus
1115 1375 1303 1417 maxime
1342 1376 1411 1417 lex
1447 1372 1717 1416 consultum'

134 1446 230 1474 esse
249 1432 371 1474 vult?
402 1446 490 1484 cur,
519 1433 573 1474 de
594 1433 750 1491 quibus
772 1432 816 1474 in
855 1431 1079 1489 provincia
1109 1445 1197 1473 non
1227 1431 1388 1488 optime
1421 1445 1467 1472 es
1501 1431 1692 1482 meritus,

134 1503 208 1531 eos
230 1502 345 1532 nunc
364 1489 494 1547 plane
513 1489 697 1533 fortunis
731 1489 932 1532 omnibus
954 1488 1122 1532 conaris
1144 1488 1366 1531 evertere?
1397 1502 1472 1530 cur
1504 1487 1572 1529 his
1606 1502 1694 1530 non
1706 1497 1764 1537 40

180 1662 232 1692 18.
255 1659 397 1702 Beneficio
423 1661 565 1703 senatuis]
627 1661 768 1693 Devictis
795 1661 896 1693 natio-

135 1703 225 1734 nibus
239 1704 288 1734 vel
309 1715 398 1735 novae
425 1705 509 1746 leges
531 1706 771 1747 imponebantur
791 1705 811 1735 a
831 1707 896 1735 vic-

134 1745 264 1784 toribus,
286 1747 337 1778 vel
364 1749 499 1789 antiquae
529 1748 795 1790 permittebantur.
841 1747 897 1779 Se-

135 1794 226 1820 natus
247 1795 352 1820 nutem
368 1791 548 1832 permiserat
571 1791 682 1823 Siculis
697 1797 733 1822 ut
747 1791 808 1822 suis
829 1796 897 1821 ute-

135 1837 250 1866 rentur.

180 1878 234 1907 20.
256 1875 422 1908 Sestertium
447 1877 578 1918 millies]
647 1877 815 1909 Concisum
844 1887 898 1918 ge.

136 1928 195 1949 11115
236 1920 395 1957 orationis,
433 1920 535 1962 inquit
571 1919 802 1956 Hotomannus,
846 1931 899 1960 quo

135 1966 240 1992 veteres
280 1963 384 1994 millies
416 1970 534 1994 centena
562 1964 655 1994 millia
688 1963 898 2004 significabant,

138 2002 172 2034 id
213 2009 271 2042 est,
304 2006 384 2037 duos
421 2006 574 2037 milliones
610 2011 643 2037 et
675 2005 901 2046 quinquaginta

139 2048 307 2084 sestertios,
330 2049 385 2090 qui
399 2049 536 2080 efficiunt
555 2051 697 2085 25⁰,000
713 2049 806 2079 libras
822 2048 898 2079 Gal·

138 2087 225 2120 licas.
270 2090 321 2120 Ad
348 2091 474 2131 plenam
509 2092 717 2122 sestertiorum
746 2091 900 2132 cognitio-

139 2140 224 2168 nem,
239 2133 382 2172 quaedam‘
406 2134 584 2164 annotanda
610 2137 700 2164 sunt:
727 2137 758 2165 1.
774 2133 815 2163 de
831 2144 901 2174 pre-

140 2174 205 2212 tio;
226 2185 299 2205 nam
328 2176 484 2206 sestertius
512 2176 596 2217 apud
624 2176 784 2206 Romanos
811 2186 900 2205 num·

140 2227 209 2248 mus
245 2224 322 2254 erat,
357 2219 412 2258 qui
445 2219 523 2249 duos
560 2229 642 2250 asses
676 2224 709 2250 et
744 2218 901 2249 semissem

140 2259 274 2291 valebat.
319 2263 349 2292 2.
379 2261 617 2293 Observandum
643 2267 702 2298 est,
726 2260 811 2302 quod
841 2272 904 2292 ses-

139 2302 242 2340 tertia,
259 2303 293 2333 in
314 2314 441 2335 numero
465 2304 576 2346 plurali
598 2310 706 2335 neutro
729 2303 902 2340 enuntiata,

142 2345 284 2377 millenos
312 2347 468 2378 sestertios
493 2347 715 2378 continebant:
740 2348 825 2388 quod
856 2352 903 2377 ta-

143 2398 217 2420 men
241 2390 280 2420 ab
302 2390 444 2421 omnibus
470 2391 646 2422 auctoribus
674 2400 737 2420 non
766 2389 902 2420 admitti-

142 2436 203 2463 tur.
257 2434 290 2463 3.
305 2432 414 2471 Quod,
443 2431 514 2464 cum
549 2434 701 2474 reperitur
736 2432 796 2463 ista
829 2437 903 2463 nota

144 2473 228 2510 H-S,
265 2485 334 2505 earn
358 2476 398 2506 de
429 2476 562 2506 nummis
599 2475 720 2507 tantum
756 2475 903 2506 sestertiis

143 2516 286 2557 intelligi.
341 2520 370 2548 4.
395 2517 503 2555 Quod,
529 2523 564 2548 ut
585 2518 604 2549 a
634 2517 766 2550 nummis
793 2524 904 2549 sester—

145 2559 197 2590 tiis
222 2561 264 2590 ad
291 2562 432 2591 sestertia
455 2562 646 2592 transeundo
671 2571 813 2592 numerus
838 2560 907 2591 mil-

146 2600 202 2633 lies
225 2603 458 2644 multiplicatur,
481 2604 538 2640 ita,
561 2603 632 2635 cum
655 2605 694 2635 ad
725 2615 794 2634 earn
820 2603 906 2635 locu-

147 2644 262 2676 tionem
278 2654 405 2676 ventum
428 2651 486 2684 est,
501 2657 571 2688 quae
598 2658 653 2688 per
679 2647 827 2678 adverbia
849 2657 906 2677 nu-

148 2688 275 2719 meralia
297 2690 466 2726 nuntiatur,
494 2695 636 2721 crescunt
665 2690 806 2721 sestertia
844 2689 908 2720 sin·

148 2729 222 2770 gula
245 2732 485 2773 conduplicata:
524 2743 555 2764 v.
582 2742 613 2773 g.
641 2733 666 2764 si
693 2738 817 2764 eentum
846 2742 910 2763 505-

148 2773 241 2804 tertia
264 2774 380 2811 dicam,
391 2775 523 2816 intelligi
545 2775 661 2807 debere
684 2781 819 2807 centena
842 2774 913 2805 mil-

149 2815 192 2847 lia
235 2815 430 2850 sestertifim:
468 2818 522 2856 sic,
554 2818 608 2850 ubi
644 2818 764 2851 centies
801 2822 913 2851 sester-

939 1660 1016 1692 tiflm
1032 1660 1157 1697 dicitur,
1173 1659 1380 1701 intelligenda
1400 1664 1471 1691 sunt
1487 1660 1604 1691 centies
1623 1669 1698 1691 cen-

938 1710 1013 1735 tena
1032 1704 1184 1740 sestertia,
1207 1704 1271 1734 sive
1293 1702 1411 1734 centies
1438 1709 1570 1733 centena
1601 1702 1700 1734 millia

939 1747 1122 1779 sestertium.
1166 1746 1244 1777 Haec
1270 1746 1430 1777 annotavit
1455 1745 1639 1782 Balduinus,
1666 1746 1699 1776 in

941 1790 1064 1821 comm.
1094 1789 1173 1820 Inst.
1197 1790 1237 1820 de
1269 1789 1409 1821 Success.
1430 1789 1546 1819 Libert.
1577 1794 1609 1819 et
1635 1787 1700 1819 Cu-

934 1832 1036 1874 jacius
1059 1833 1114 1863 lib.
1140 1836 1191 1864 10.
1240 1832 1371 1863 Observ.
1395 1833 1448 1863 37.
1495 1831 1603 1862 Plures
1626 1841 1701 1862 auc-

940 1882 1022 1907 tores
1043 1876 1198 1907 sestertios
1221 1876 1261 1906 ad
1285 1881 1419 1906 nostram
1443 1880 1599 1905 monetam
1623 1874 1702 1906 Gal.

942 1919 1034 1950 licam
1057 1928 1202 1950 revocare
1225 1918 1329 1949 conati
1353 1924 1443 1949 sunt:
1466 1918 1614 1959 imprimis
1635 1917 1702 1948 Bu-

943 1963 1041 1998 daeus,
1069 1961 1276 1997 Abrahamus,
1303 1960 1464 1997 Petavius,
1490 1960 1549 1991 &c.
1572 1971 1703 2002 quorum

943 2006 1081 2036 omnium
1107 2016 1171 2035 non
1207 2014 1270 2034 una
1296 2009 1344 2035 est
1370 2003 1545 2040 aestimatio,
1566 2004 1640 2045 quia
1662 2003 1703 2033 ab

944 2059 1050 2079 eorum
1066 2047 1256 2088 temporibus
1279 2047 1399 2087 argenti
1421 2047 1554 2088 pretium
1578 2052 1702 2077 auctum

943 2096 1001 2121 est.
1057 2090 1204 2121 Omnium
1235 2089 1474 2124 recentissimus,
1501 2089 1595 2119 Pater
1621 2088 1703 2118 Har·

943 2134 1066 2169 duinus,
1081 2132 1244 2163 Societatis
1258 2131 1279 2162 J
1281 2142 1348 2170 esu,
1364 2131 1537 2162 sestertium
1560 2142 1597 2162 ex
1623 2140 1704 2170 pon-

943 2176 1017 2206 dere
1040 2175 1225 2212 aestimavit3
1249 2175 1421 2215 probatque
1442 2173 1475 2203 in
1504 2173 1705 2205 Commenta·

944 2218 1009 2254 riis,
1024 2228 1101 2259 quos
1123 2217 1346 2248 eruditissimos
1369 2217 1402 2247 in
1426 2216 1561 2247 Plinium
1584 2216 1709 2257 scripsit

947 2261 1068 2291 duobus
1095 2261 1205 2291 nostris
1220 2259 1350 2291 Gallicis
1365 2259 1483 2290 assibus
1498 2259 1682 2302 aequivalere
1694 2270 1704 2289 z

946 2305 1029 2334 bunc
1055 2303 1181 2334 consule
1202 2303 1236 2333 in
1258 2303 1311 2334 lib.
1337 2305 1390 2334 33.
1416 2313 1489 2344 cap.
1512 2305 1544 2334 3.
1569 2313 1625 2334 nos
1641 2301 1711 2342 ejus

946 2347 1160 2388 supputationi
1176 2345 1410 2386 acquiescimus.

991 2393 1043 2421 24.
1067 2389 1205 2420 Accedere
1227 2394 1281 2418 aut
1304 2388 1459 2429 aspirare]
1503 2386 1651 2428 Aspirare
1668 2388 1709 2419 td

946 2442 1009 2462 rem
1047 2432 1171 2468 dicitur,
1198 2431 1253 2472 qui
1290 2436 1352 2461 tam
1375 2430 1473 2472 prope
1509 2431 1643 2467 accedit,
1674 2435 1709 2460 ut

946 2475 1078 2506 halitum
1090 2475 1122 2504 in
1135 2485 1204 2505 eam
1219 2474 1383 2504 immittere
1400 2473 1508 2515 possit.

990 2519 1044 2549 35.
1072 2517 1146 2548 Velle
1174 2517 1227 2548 sud
1255 2516 1370 2559 causti]
1416 2517 1454 2547 In
1479 2517 1634 2558 plerisque
1656 2526 1710 2546 co-

949 2560 1069 2591 dicibus
1091 2560 1214 2601 legitur,
1228 2570 1344 2590 causam
1363 2570 1456 2596 suam,
1480 2559 1713 2595 subaudiendo,

949 2603 1096 2644 inquiunt
1131 2605 1315 2644 interpretes
1362 2602 1513 2638 nonnulli,
1550 2601 1715 2642 deffendere,

951 2647 1015 2676 Sed
1045 2646 1121 2676 nihil
1145 2647 1327 2677 mutandum
1356 2646 1487 2676 videtur.
1536 2643 1613 2674 Veue
1635 2646 1715 2674 enim

951 2688 1004 2719 sud
1027 2689 1125 2726 causd,
1152 2690 1283 2730 perinde
1311 2694 1368 2724 est,
1395 2698 1431 2718 ac
1459 2687 1546 2717 alteri
1572 2688 1715 2724 studere,

953 2731 1003 2762 vel
1032 2732 1151 2764 favere.
1195 2732 1247 2762 Sic
1276 2732 1342 2772 ipse
1373 2730 1439 2761 Cic.
1467 2729 1570 2771 Epist.
1614 2733 1645 2761 1.
1671 2731 1716 2760 ad

955 2774 1047 2807 Lent.
1091 2775 1182 2817 Regis
1207 2775 1306 2812 οειιεά,
1328 2774 1352 2804 si
1377 2774 1428 2814 qui
1449 2774 1518 2812 sint,
1534 2774 1586 2814 qui
1612 2773 1720 2810 velint,

954 2817 1014 2850 &e-
