1790 3090
87 159 172 204 412
784 163 1044 198 PerPPmA
1068 163 1116 196 11.

160 255 364 300 ponerem
393 241 583 284 audaciae
601 246 698 292 tuae,
720 256 848 298 quam
878 259 1017 301 neque
1039 244 1270 287 auctoritas
1299 244 1427 302 hujus
1449 245 1625 299 ordinis,
1644 260 1719 290 ne.

161 315 245 356 que
259 299 517 342 existimatio
531 299 676 354 populi
693 298 891 353 Romani,
906 317 1044 358 neque
1058 303 1176 358 leges
1192 303 1290 344 ullae
1306 310 1485 359 possent
1499 303 1718 347 coercere?

158 356 463 398 Verumtamen
475 356 579 412 quid
598 362 701 407 erat,
716 357 828 412 quod
846 373 911 399 me
926 373 1112 414 rogares,
1130 359 1166 400 si
1183 366 1270 401 erat
1283 360 1333 411 is,
1348 361 1399 401 de
1415 375 1500 416 quo
1518 361 1716 417 rogabas,

160 413 343 455 Caesaris
364 413 458 469 lege
480 412 703 454 reductus?
737 414 812 454 sed
833 415 1035 456 videlicet
1056 417 1072 440 ¹¹
1082 431 1217 458 meam
1240 417 1421 473 gratiam
1435 417 1572 459 voluit
1593 432 1714 470 esse3

85 470 201 512 90111
222 485 307 528 quo
327 484 381 511 ne
402 469 536 526 ipsius
558 469 733 527 quidem
754 471 841 511 ulla
860 478 1029 527 poterat
1049 488 1158 526 esse,
1181 474 1276 529 lege
1298 474 1402 516 lata.

747 607 766 631 ¹¹
776 608 820 649 id
840 608 984 651 debere
1002 611 1120 651 milei.

515 778 900 807 REFUTATIONIS
934 779 1169 808 SECUNDA
1204 780 1345 810 PARS.

563 903 847 944 Consulatum
867 904 1099 945 crudeliter
1113 906 1305 958 gessisse.

207 1023 292 1066 ΙΙΙ.
325 1023 426 1076 Sed,
449 1024 549 1066 cum
571 1025 689 1075 mihi,
708 1025 860 1066 Patres
878 1024 1139 1080 Conscripti,
1161 1031 1205 1067 et
1223 1040 1300 1081 pro
1320 1040 1388 1067 me
1407 1024 1584 1081 aliquid,
1602 1030 1647 1067 et
1666 1024 1713 1067 in

150 1080 214 1122 Μ.
237 1082 474 1123 Antonium
503 1082 638 1122 multa
658 1082 842 1123 dicenda
873 1082 983 1131 sint3
1014 1083 1195 1123 alterum
1225 1089 1325 1138 peto
1359 1082 1384 1122 a
1404 1082 1541 1132 vobis,
1563 1088 1612 1123 ut
1642 1097 1710 1124 me

147 1153 225 1194 pro
245 1153 312 1180 me
334 1138 550 1180 dicentem
569 1138 782 1194 benigne3
816 1140 995 1180 alterum
1015 1139 1109 1195 ipse
1130 1139 1327 1187 efficiam,
1343 1146 1406 1190 ut,
1423 1145 1572 1180 contra
1591 1138 1713 1183 illum

148 1195 247 1236 cum
269 1195 427 1247 dicam,
447 1197 610 1237 attente
633 1195 829 1236 audiatis.
893 1195 1030 1236 Simul
1059 1195 1164 1236 illud
1196 1210 1285 1247 oro,
1307 1196 1342 1237 si
1373 1210 1526 1247 meam,
1548 1194 1646 1237 cum
1665 1195 1713 1241 in

102 1257 129 1297 5
148 1252 264 1293 omni
286 1251 392 1304 vita,
413 1259 505 1294 tum
534 1253 578 1293 in
599 1252 800 1303 dicendo,
824 1252 1161 1294 moderationem
1189 1253 1532 1309 modestiamque
1548 1251 1712 1309 cogno-

145 1308 240 1361 stis,
271 1324 324 1351 ne
354 1324 422 1351 me
453 1309 598 1361 hodie,
621 1309 717 1350 cum
746 1309 834 1361 isti,
854 1315 903 1350 ut
932 1309 1197 1365 provocavit,
1227 1310 1504 1366 respondero,
1524 1309 1710 1352 oblitum

144 1380 239 1407 esse
260 1366 421 1422 putetis
442 1367 539 1408 mei.
600 1366 700 1407 Non
721 1367 915 1408 tractabo
937 1372 986 1407 ut
1006 1366 1251 1408 consulem:
1282 1382 1336 1409 ne
1352 1366 1424 1408 ille
1445 1366 1620 1423 quidem
1640 1380 1709 1408 me

142 1428 191 1464 ut
222 1423 515 1465 consularem:
547 1423 628 1465 etsi
658 1423 726 1464 ille
757 1423 874 1464 nullo
905 1423 1035 1464 modo
1067 1424 1233 1475 consul,
1253 1424 1321 1465 vel
1350 1424 1466 1479 quod
1496 1423 1557 1465 ita
1585 1422 1706 1475 vivit,

141 1479 208 1521 vel
230 1479 347 1536 quod
366 1480 426 1521 ita
445 1480 753 1536 rempublicam
774 1480 897 1536 gerit,
919 1480 988 1521 vel
1008 1479 1124 1536 quod
1145 1480 1205 1521 ita
1225 1480 1366 1521 factus
1397 1486 1463 1521 est
1491 1479 1706 1535 [consul];

69 1540 122 1582 10
141 1550 223 1592 ego
255 1535 348 1577 sine
379 1537 470 1578 ulla
501 1536 792 1578 controversia
822 1537 1074 1578 consularis.
1135 1536 1196 1577 Ut
1224 1536 1355 1593 igitur
1392 1536 1705 1593 intelligeretis,

139 1594 313 1649 qualem
341 1593 435 1649 ipse
466 1609 511 1635 se
535 1594 763 1635 ‘consulem
795 1594 1076 1649 profiteretur,
1109 1593 1271 1649 objecit
1299 1593 1405 1634 mihi
1436 1594 1706 1635 consulatum

137 1664 307 1701 meum3
339 1650 412 1706 qui
434 1651 700 1701 consulatus,
721 1651 875 1692 averbo
897 1665 1033 1701 meus,
1055 1650 1104 1691 P.
1129 1650 1179 1692 C.
1200 1665 1243 1692 re
1263 1658 1403 1692 vester
1423 1650 1518 1692 fuit.
1585 1649 1703 1698 Quid

136 1705 252 1747 enim
272 1706 493 1758 constitui,
514 1707 616 1763 quid
639 1707 767 1764 gessi,
789 1707 892 1763 quid
913 1707 997 1763 egi,
1013 1707 1097 1748 nisi
1114 1722 1166 1748 ex
1187 1707 1313 1763 hujus
1330 1707 1490 1750 ordinis
1507 1706 1703 1758 consilio,

134 1763 405 1815 auctoritate,
432 1763 672 1805 sententia?
731 1763 838 1806 Haec
867 1771 928 1816 tu,
950 1766 1078 1805 homo
1112 1763 1298 1819 sapiens,
1328 1778 1416 1805 non
1448 1763 1588 1805 solum
1618 1763 1703 1805 elo-

64 1825 118 1867 15
136 1834 286 1876 quens,
316 1820 431 1876 apud
460 1835 549 1872 eos,
572 1835 752 1876 quorum
784 1821 966 1862 consilio
1000 1820 1294 1876 sapientiaque
1325 1827 1450 1877 gesta
1484 1827 1598 1869 sunt,
1625 1835 1703 1862 au-

135 1891 208 1918 sus
238 1892 284 1918 es
314 1877 577 1932 vituperare?
649 1878 756 1926 Quis
793 1884 935 1918 autem
972 1892 1127 1918 meum.
1153 1877 1435 1927 consulatum,
1467 1883 1622 1932 praeter
1656 1883 1700 1919 te

134 1940 179 1975 et
219 1933 268 1974 P.
312 1931 529 1984 Clodium,
572 1933 644 1990 qui
688 1934 957 1990 vituperaret,
994 1933 1193 1974 inventus
1239 1932 1334 1974 est?
1375 1934 1496 1989 cujus
1528 1933 1703 1989 quidem

132 1996 176 2031 te
209 1990 359 2040 fatum,
394 1991 521 2032 sicuti
557 1990 607 2032 C.
638 1990 884 2042 Curionem,
915 1991 1104 2040 bmanet3
1146 1990 1351 2046 quoniam
1389 1989 1436 2030 id
1466 1989 1584 2031 domi
1613 1996 1700 2031 tuae

133 2054 212 2097 est,
252 2047 369 2103 quod
407 2047 490 2088 fuit
536 2047 703 2087 illorum
742 2047 910 2104 utrique
951 2047 1095 2087 fatale.
1172 2046 1273 2087 Non
1321 2047 1465 2102 placet
1503 2046 1569 2088 M.
1609 2046 1701 2089 An-

57 2109 113 2151 20
133 2103 252 2146 tonio
292 2105 542 2146 consulatus
578 2119 723 2145 meus:
771 2111 815 2145 at
854 2104 1017 2160 placuit
1057 2102 1105 2144 P.
1143 2102 1335 2155 Servilio,
1370 2107 1438 2157 (ut
1476 2117 1575 2145 eum
1612 2102 1699 2160 pri-

416 2221 622 2261 momine.
1054 2216 1300 2273 bz’mpendet
1319 2218 1410 2260 tibi.

177 2345 230 2375 14.
253 2342 345 2374 Homo
359 2342 495 2383 sapiens]
540 2342 656 2373 Itonia.
941 2341 1121 2382 Bagradam
1149 2342 1277 2374 fiuvium
1303 2353 1374 2374 cum
1411 2341 1474 2374 suis
1509 2341 1695 2374 trucidatum

175 2389 230 2418 17.
255 2386 395 2418 Publium
420 2386 580 2426 Clodium]
626 2385 688 2415 Hic
715 2384 886 2416 infensissi-
941 2396 1019 2416 esse.

132 2432 202 2460 'mus
216 2429 275 2459 fuit
292 2429 446 2465 Ciceroni,
462 2433 496 2458 nt
512 2439 549 2459 ex
573 2428 712 2469 pluribus
735 2428 802 2469 ejus
818 2438 885 2458 ora·
983 2430 1035 2459 19.
1063 2427 1313 2470 Utriquefatale]
1358 2428 1509 2470 Loquitur
1520 2427 1561 2458 de
1573 2427 1695 2464 Fulvia,

133 2473 268 2502 tionibus
283 2472 429 2512 colligere
452 2472 542 2510 licet3
566 2477 598 2501 et
621 2482 690 2501 eum
716 2472 885 2506 damnavit,
940 2481 1010 2511 quae
1032 2476 1093 2502 tres
1117 2472 1205 2502 duxit
1226 2472 1368 2512 nuptias:
1393 2476 1462 2502 cum
1487 2471 1615 2511 Clodio,
1639 2471 1694 2512 qui

132 2514 217 2556 qu6d
244 2515 325 2546 cives
350 2515 556 2550 indemnatos,
579 2519 612 2544 ut
634 2514 769 2549 dicebat,
791 2525 884 2544 neca·
939 2513 958 2542 ἐ
982 2515 1105 2544 Milone
1128 2515 1245 2545 occisus
1270 2520 1337 2552 est;
1365 2525 1434 2545 cum
1462 2514 1608 2550 Curione,
1637 2514 1693 2555 qui

132 2559 239 2595 visset,
255 2569 308 2589 eos
323 2557 481 2593 videlicet,
495 2558 548 2598 qui
564 2557 752 2588 Catilinariae
775 2556 884 2598 conju·
938 2557 1032 2596 periit
1047 2557 1078 2586 in
1102 2557 1203 2598 Libya
1225 2558 1405 2588 interfectus
1428 2557 1447 2587 ὲ
1470 2557 1691 2597 Pompeianis3

131 2601 257 2632 rationis
274 2601 347 2631 socii
364 2600 461 2630 fuere.
934 2599 1001 2639 jam.
1013 2600 1150 2639 denique
1163 2611 1233 2631 cum
1252 2600 1402 2638 Antonio,
1413 2600 1463 2631 cui
1474 2600 1574 2631 simile
1593 2600 1692 2631 fatum

175 2647 227 2675 18.
243 2644 336 2674 Sicuti
345 2643 377 2674 C.
387 2642 566 2683 Curionem]
590 2642 696 2672 Docet
708 2641 883 2683 Appianus,
939 2643 1057 2673 afferet.

132 2687 311 2724 Curionem,
335 2685 406 2718 cum
427 2687 504 2716 duas
533 2686 670 2727 legiones
695 2687 823 2716 duceret
851 2686 884 2715 in
982 2689 1033 2716 ΞΟ.
1058 2685 1179 2716 Placuit
1206 2686 1242 2716 P.
1269 2686 1414 2726 Servilia]
1463 2685 1609 2717 Servilius
1639 2684 1692 2716 ille

129 2729 263 2771 Libyam
308 2735 415 2761 contra
443 2730 558 2761 Varum
596 2729 650 2770 qui
684 2729 702 2758 a
746 2729 883 2770 partibus
937 2728 1061 2759 Isauros
1074 2729 1193 2759 domuit
1204 2729 1236 2759 iu
1247 2729 1478 2768 Cilic1313unde
1490 2728 1620 2760 Isaurici
1633 2738 1690 2759 no-

129 2773 275 2813 Pompeii
301 2773 402 2804 stabat
430 2778 463 2803 et
485 2777 591 2803 contra
619 2771 735 2802 Jubam
764 2772 884 2802 Mauri·
938 2782 1010 2802 men
1025 2772 1147 2802 sortitus
1163 2777 1228 2803 est:
1245 2778 1277 2803 et
1290 2772 1428 2803 extrema
1439 2777 1597 2804 senectute
1610 2782 1691 2804 mor-

126 2816 220 2849 taniae
241 2825 358 2859 regem,
381 2815 436 2859 qui
459 2826 492 2848 se
513 2815 598 2847 Varo
621 2814 816 2857 adjunxerat,
842 2815 883 2848 ad
937 2820 1008 2849 tuus
1023 2815 1215 2855 est,Caesare
1230 2815 1372 2859 quintum
1393 2821 1427 2849 et
1445 2815 1586 2850 Antonio
1600 2814 1691 2848 Coss·
