1790 3090
102 195 161 252 96
762 193 816 240 nv
838 193 1098 238 emunim
1119 195 1150 232 15

173 273 318 316 verum
339 273 470 317 etiam
490 271 620 330 stirps
637 286 690 315 ac
710 287 856 316 semen
874 273 1084 315 malorum
1104 272 1309 316 omnium.
1366 271 1541 317 Etenim
1551 274 1737 332 jamdiu,

107 334 163 375 50
176 330 227 372 Ρ.
245 332 295 374 C.
312 331 357 373 in
372 331 436 373 his
455 330 657 386 periculis
679 330 988 387 conjurationis
1010 329 1265 388 insidiisque
1280 345 1519 373 versamur:
1553 334 1630 374 sed
1645 338 1738 386 (ne-

175 388 268 438 scio
286 404 371 445 quo
387 387 534 444 pacto)
555 387 745 428 omnium
758 389 968 429 scelerum
984 403 1034 429 ac
1048 389 1201 430 veteris
1218 388 1372 430 furoris
1390 396 1433 431 et
1446 389 1638 431 audaciae
1650 405 1737 432 ma-

175 445 327 486 turitas
342 446 385 485 in
402 444 536 486 nostri
552 444 799 486 consulatfis
817 452 987 500 tempus
1009 444 1162 500 erupit.
1212 444 1342 494 Quod
1356 446 1393 487 si
1409 461 1462 488 ex
1474 452 1596 488 tanto
1609 447 1738 488 latro-

175 502 290 543 cinio
322 501 403 542 iste
436 516 545 542 unus
578 501 764 550 tolletur,
794 501 1033 542 videbimur
1063 500 1245 542 fortasse
1275 502 1331 543 ad
1360 503 1486 544 breve
1516 503 1736 559 quoddam

173 567 342 614 tempus
365 558 469 599 cura
489 566 532 598 et
552 564 670 598 metu
691 572 784 599 esse
806 557 1004 599 relevati:
1036 557 1272 612 periculum
1290 565 1434 601 autem
1454 560 1673 610 residebit,
1693 565 1738 601 et

106 620 162 660 55
175 615 255 657 erit
275 615 489 657 inclusum
507 613 677 670 penitus
693 614 736 655 in
757 614 875 656 venis
896 620 1026 670 atque
1047 613 1093 654 in
1111 613 1348 656 visceribus
1364 616 1627 672 reipublicae.
1677 616 1738 659 Ut

173 671 288 728 saepe
309 672 505 714 homines
528 671 629 727 aegri
646 672 795 713 morbo
816 671 948 728 gravi,
967 669 1087 711 ecum
1103 677 1211 712 aestu
1227 671 1419 728 febrique
1434 674 1666 728 jactantur,
1697 672 1736 721 si

172 744 329 785 aquam
350 728 537 785 gelidam
557 728 757 778 biberint,
789 728 926 784 primo
948 727 1142 769 frelevari
1168 727 1388 780 videntur3
1419 730 1574 771 deinde
1595 731 1733 773 multo

170 785 342 841 gravius
370 784 748 841 vehementiusque
776 785 1082 836 gafflictantur3
1114 784 1178 826 sic
1198 785 1271 828 hic
1291 786 1478 837 morbus,
1510 787 1584 849 qui
1605 793 1672 835 est
1690 787 1735 828 in

161 842 406 899 republica,
427 843 638 894 relevatus
658 841 783 884 istius
804 841 951 899 poena,
973 841 1280 895 vehementius,
1301 842 1410 885 vivis
1432 842 1649 900 ¹¹i·eliquis‚
1669 843 1734 893 in-

105 901 409 956 GOgravesoet.

203 1031 570 1086 eaestuantefebri.
658 1030 975 1073 feonvalesoere.
1064 1036 1318 1086 gaegovtant.
1408 1031 1690 1086 heonjur-atis.

164 1157 234 1188 bras
249 1155 300 1188 hic
314 1157 510 1199 metaphoras
529 1157 630 1193 affert,
653 1156 757 1198 qualia
772 1160 843 1186 sunt
853 1154 925 1191 ista,
968 1154 1131 1187 consulatu
1146 1154 1224 1191 dicit
1236 1155 1386 1196 erupisse.

163 1200 271 1241 pestis,
291 1200 394 1241 stirps,
408 1211 513 1231 semen
530 1200 678 1232 malorum
694 1200 842 1234 omnium,
865 1199 924 1230 ὅτε.
1012 1200 1065 1229 5⁶2.
1091 1198 1135 1228 Ex
1154 1205 1238 1229 tanto
1267 1199 1446 1240 latrocinia]
1491 1198 1555 1230 Per
1576 1198 1733 1231 latrocini-

207 1244 262 1274 51.
308 1243 412 1274 Veteris
423 1244 570 1286 furoris]
613 1243 685 1274 Jain
700 1242 855 1273 aduobus
870 1252 925 1272 an·
969 1252 1034 1278 um,
1063 1241 1292 1283 conjuratorum
1320 1247 1353 1274 et
1377 1243 1594 1275 sceleratorum
1620 1242 1732 1275 'civium

163 1284 211 1317 uis
233 1291 418 1328 conceptam
439 1289 520 1318 hanc
546 1286 792 1328 conjurationem
814 1285 847 1316 in
869 1296 925 1316 suo
970 1285 1090 1316 turbam
1104 1285 1262 1327 intelligit.

803 1498 1081 1532 PERORATIO.

220 1611 301 1655 VI.
323 1611 481 1666 Quare,
499 1611 550 1654 P.
565 1611 615 1654 C.
633 1610 840 1654 secedant
854 1610 1060 1667 improbi;
1082 1615 1309 1653 secernant
1324 1624 1370 1652 se
1386 1607 1413 1651 a
1427 1609 1576 1663 bonis;
1596 1624 1729 1654 unum

162 1669 207 1712 in
226 1670 372 1712 locum
394 1675 732 1727 congregentur:
764 1683 886 1711 muro
908 1668 1095 1725 denique
1123 1668 1203 1721 (id,
1224 1668 1342 1724 quod
1363 1666 1478 1724 saepe
1503 1669 1596 1724 jam
1618 1667 1728 1722 dixi)

163 1734 441 1769 secernantur
455 1726 482 1768 a
501 1725 626 1768 nobis
642 1743 651 1768 :
684 1726 886 1769 desinant
900 1725 1094 1767 insidiari
1107 1725 1223 1767 domi
1241 1740 1329 1767 suae
1345 1725 1527 1776 consuli,
1546 1725 1728 1768 circum-

159 1790 275 1826 stare
295 1784 483 1826 tribunal
502 1782 694 1840 praetoris
714 1783 881 1835 urbani,
905 1782 1104 1825 obsidere
1125 1796 1224 1824 cum
1245 1782 1402 1839 gladiis
1424 1782 1600 1832 curiam,
1620 1783 1725 1824 mal-²

124 1842 298 1887 5leolos
330 1848 373 1882 et
402 1841 519 1883 faces
550 1841 605 1882 ad
635 1841 950 1882 incendendam
977 1840 1124 1881 urbem
1158 1854 1428 1895 comparare:
1461 1840 1519 1881 sit
1538 1839 1725 1896 denique

162 1898 418 1954 inscriptum
446 1898 490 1938 in
510 1898 648 1939 fronte
676 1897 1016 1954 uniuscujusque
1046 1896 1169 1948 civis,
1211 1897 1328 1954 quod
1356 1897 1409 1938 de
1440 1896 1612 1953 Repub.
1629 1911 1726 1938 sen-

162 1955 256 1997 tiat.
335 1954 550 1997 Polliceor
584 1954 707 1996 vobis
745 1955 844 2003 hoc,
884 1954 935 1995 P.
958 1953 1008 1995 C.
1040 1961 1204 1995 tantam
1233 1954 1278 1993 in
1307 1953 1434 1994 nobis
1467 1953 1591 1995 Coss.
1631 1954 1722 1996 fore

162 2012 444 2068 diligentiam,
476 2017 640 2053 tantam
670 2012 714 2052 in
742 2010 866 2052 vobis
889 2010 1205 2062 auctoritatem,
1236 2016 1401 2063 tantam
1430 2010 1475 2053 in
1505 2010 1723 2066 equitibus

161 2068 290 2110 Rom.
309 2069 525 2120 virtutem,
555 2075 721 2110 tantam
740 2068 786 2109 in
806 2068 1006 2109 omnibus
1036 2067 1162 2109 bonis
1192 2067 1539 2120 consensionem,
1569 2074 1619 2109 ut
1639 2068 1724 2109 Ca-

98 2125 295 2172 lOtilinae
327 2126 593 2182 profectione
626 2125 771 2167 omnia
801 2125 1033 2182 patefacta,
1064 2124 1293 2176 illustrata,
1324 2138 1542 2181 oppressa,
1581 2124 1724 2166 vindi-

159 2190 271 2235 cata,
295 2198 389 2224 esse
410 2183 610 2226 videatis.
669 2181 802 2224 Hisce
821 2182 1036 2233 omnibus,
1060 2180 1262 2233 Catilina,
1285 2196 1384 2222 cum
1405 2182 1573 2224 summa
1592 2181 1721 2239 Reip.

159 2241 312 2292 salute,
345 2247 388 2282 et
407 2255 504 2282 cum
524 2240 599 2282 tua
620 2246 740 2295 peste
761 2254 812 2281 ac
838 2239 1043 2296 pernicie,
1074 2253 1259 2294 cumque
1289 2253 1435 2281 eorum
1469 2239 1616 2290 exitio,
1647 2239 1720 2295 qui

160 2312 205 2338 se
225 2294 379 2339 tecum¹
401 2297 517 2339 omni
549 2298 711 2338 scelere
745 2296 1062 2353 parricidioque
1087 2296 1337 2352 junxerunt,
1368 2295 1642 2352 proficiscere
1663 2296 1718 2337 ad

158 2352 337 2410 impium
358 2355 520 2396 bellum
541 2369 592 2395 ac
612 2354 834 2396 nefarium.
893 2353 1001 2394 Turn
1021 2360 1081 2404 tu,
1113 2351 1294 2409 Jupiter,
1326 2352 1400 2409 qui
1423 2352 1591 2404 iisdem,
1623 2352 1719 2409 qui-

95 2410 237 2457 152bus
268 2412 363 2453 haec
392 2412 509 2464 urbs,
549 2410 754 2467 auspiciis
783 2414 808 2452 a
837 2411 1024 2452 Romulo
1056 2425 1102 2452 es
1133 2410 1409 2461 constitutus,
1451 2425 1579 2466 quem
1620 2409 1718 2451 Sta-

156 2473 293 2510 torem
330 2469 458 2525 hujus
494 2468 612 2510 urbis
653 2474 781 2525 atque
817 2467 985 2525 imperii
1022 2466 1121 2509 vere
1158 2467 1458 2522 nominamus,
1503 2467 1633 2519 hunc,
1673 2474 1719 2510 et

197 2598 228 2626 4.
274 2594 410 2626 Praetorz's
422 2595 556 2636 urbani]
610 2595 646 2627 L.
663 2593 807 2626 Valerius
822 2593 912 2625 Flac·
951 2593 1103 2625 frontibus
1114 2591 1276 2634 cujusque,
1291 2592 1367 2635 quid
1379 2592 1493 2624 sentiat
1501 2604 1512 2631 ,·
1533 2592 1619 2624 frons
1634 2592 1717 2624 enim

150 2649 208 2670 ,cus
223 2644 296 2669 tunc
307 2644 494 2680 eratpraetor
503 2639 646 2675 urbanus,
661 2648 717 2679 pro
727 2648 789 2679 quo
801 2637 911 2668 Cicero
953 2639 997 2669 sic
1013 2638 1097 2668 dicta
1111 2642 1169 2674 est,
1192 2636 1277 2678 quod
1292 2647 1356 2678 prae
1370 2647 1403 2667 se
1417 2637 1495 2668 ferat
1509 2636 1607 2667 animi*
1618 2636 1716 2668 affec·

151 2682 317 2723 peroravit.
953 2683 1066 2714 tiones.

197 2725 245 2756 Ib.
276 2724 453 2765 Malleolos]
496 2724 641 2756 Malleoli
667 2730 739 2756 sunt
758 2724 913 2766 jaculares
1000 2728 1052 2757 15.
1092 2725 1184 2761 Quem
1197 2725 1339 2756 Statorem
1350 2724 1438 2763 hujus
1447 2721 1555 2764 urbis]
1591 2722 1717 2766 Jupiter

149 2768 239 2809 ignes
263 2770 302 2799 ad
325 2769 539 2800 incendendas
563 2768 697 2799 hostium
725 2769 913 2801 munitiones
957 2769 1071 2806 Stator,
1084 2780 1141 2810 per
1156 2779 1251 2810 quem
1267 2773 1328 2801 stat
1339 2769 1406 2800 haec
1417 2768 1488 2800 urbs
1496 2767 1714 2810 etimperium.

153 2812 335 2854 comparati,
356 2816 460 2853 sparto
476 2817 508 2843 et
521 2812 592 2854 pice
603 2812 741 2855 conflati.
957 2814 1040 2846 Vide
1051 2812 1205 2856 superium
1707 2833 1711 2836 -

196 2857 227 2886 5.
270 2855 448 2896 Inscriptum
475 2857 508 2888 in
522 2855 657 2898 frome]
699 2856 853 2889 Videatur
880 2857 911 2888 in
