1790 3090
131 144 216 187 216
839 147 930 179 PRO
955 147 1114 180 COELro.

204 218 382 260 ledictio
405 225 546 260 autem
576 216 684 258 nihil
709 218 842 260 habet
872 219 1099 276 propositi,
1129 223 1282 275 praeter
1302 220 1630 273 contumeliam3
1661 234 1757 277 quae

206 275 241 317 si
261 274 520 332 petulantius
554 274 756 330 jactatur,
788 276 1043 324 convicium,
1075 276 1111 317 si
1132 275 1327 329 facetius,
1358 277 1592 327 urbanitas,
1622 276 1759 318 nomi-

204 340 342 374 natur.
403 332 545 380 Quam
583 330 758 387 quidem
789 339 952 387 partem
979 332 1283 385 accusationis,
1315 333 1545 374 admiratus
1577 348 1685 384 sum,
1716 338 1759 374 et

132 382 188 423 45
206 387 385 430 moleste
402 387 494 437 tuli,
510 387 780 442 potissimiun
790 403 883 430 esse
897 391 1093 431 Atratino
1107 390 1272 430 datam:
1287 404 1425 446 neque
1439 390 1552 431 enim
1561 390 1757 440 decebat,

206 459 345 496 neque
366 451 468 485 aetas
491 444 561 484 illa
582 444 843 500 postulabat,
859 460 998 501 neque
1030 446 1091 496 (id
1113 446 1229 501 quod
1243 446 1576 488 animadvertere
1592 452 1758 502 potera-

206 501 282 553 tis)
304 501 442 557 pudor
468 500 708 556 patiebatur
742 501 894 556 optimi
930 502 1234 552 adolescentis,
1265 501 1308 542 in
1330 504 1405 544 tali
1427 503 1547 544 illum
1568 502 1759 543 oratione

205 557 379 599 versari.
438 556 604 598 Vellem
653 558 806 613 aliquis
838 572 890 598 ex
919 558 1041 599 vobis
1087 558 1396 600 robustioribus
1436 560 1551 601 hunc
1584 557 1759 600 maledi-

208 614 333 655 cendi
364 615 508 655 locum
538 614 821 670 suscepisset:
853 614 1072 670 aliquanto
1091 613 1265 655 liberius
1298 622 1341 656 et
1362 615 1528 668 fortius,
1560 622 1603 656 et
1622 615 1759 670 magis

134 665 190 706 50
208 685 324 713 more
356 678 516 719 nostro,
543 670 820 712 refutaremus
839 671 967 712 istam
986 671 1272 712 maledicendi
1293 671 1525 714 licentiam.
1585 671 1761 721 Tecum,

208 727 419 780 Atratine‚
450 742 574 782 agam
606 726 754 776 levius,
787 727 903 784 quod
925 734 968 769 et
1001 728 1138 784 pudor
1165 736 1262 769 tuus
1286 728 1558 770 emoderatur
1577 727 1760 769 orationi

206 799 338 837 meae;
369 791 412 825 et
441 799 598 835 meum,
620 799 721 840 erga
741 790 784 825 te
805 792 1108 840 parentemque
1130 791 1264 836 tuum,
1285 785 1541 827 beneficium
1560 784 1669 826 tueri
1689 785 1760 825 de-

207 841 305 882 beo.
365 841 477 882 Illud
507 847 650 881 tamen
682 848 723 881 te
745 855 838 882 esse
861 841 1126 882 admonitum
1147 842 1264 883 volo:
1307 841 1506 897 primum,
1529 841 1668 897 qualis
1699 855 1761 891 es,

207 898 338 938 talem
358 903 401 937 te
424 911 517 938 esse
538 896 779 948 existimes3
809 904 871 949 ut,
902 898 1107 953 quantum
1144 897 1168 938 -ἒι
1187 913 1325 939 rerum
1347 898 1610 954 turpitudine
1642 897 1760 948 abes,

134 947 189 987 55
207 953 376 994 tantum
396 959 438 994 te
462 952 488 993 a
506 953 728 993 verborum
749 953 943 995 libertate
964 955 1184 1009 sejungas:
1217 954 1369 995 deinde
1388 962 1435 995 ut
1455 970 1505 996 ea
1524 954 1567 995 in
1582 954 1761 995 alterum

206 1023 261 1050 ne
282 1009 416 1059 dicas,
449 1024 544 1065 quae
561 1008 659 1049 cum
680 1009 757 1049 tibi
779 1009 886 1050 falso
906 1024 1110 1065 responsa
1131 1010 1232 1061 sint,
1264 1011 1505 1052 erubescas.
1565 1010 1674 1058 Quis
1696 1016 1762 1051 est

207 1066 335 1114 enim,
349 1065 418 1107 cui
439 1066 507 1107 via
519 1065 603 1106 ista
617 1079 704 1105 non
720 1073 865 1121 pateat
876 1067 892 1106 ’ἶ
924 1066 996 1121 qui
1012 1066 1083 1107 isti
1097 1066 1214 1107 aetati
1230 1068 1377 1121 [atque
1392 1067 1520 1108 etiarn
1537 1065 1760 1122 dignitati]

206 1137 293 1163 non
314 1121 468 1178 possit,
491 1120 619 1177 quam
638 1122 743 1162 velit
762 1123 1018 1177 petulanter,
1031 1122 1160 1163 etiam
1174 1122 1210 1163 si
1228 1122 1318 1164 sine
1336 1123 1425 1164 ulla
1446 1122 1704 1179 suspicione,
1718 1129 1762 1163 at

206 1193 293 1220 non
315 1178 408 1219 sine
429 1185 698 1234 argumento,
716 1179 997 1221 maledicere?
1030 1179 1116 1220 Sed
1137 1178 1337 1220 fistarum
1353 1179 1535 1235 partium
1551 1179 1679 1235 culpa
1699 1185 1765 1220 est

134 1231 189 1272 60
207 1250 354 1278 eorum
375 1235 448 1292 qui
479 1243 521 1276 te
547 1248 673 1291 agere
693 1236 942 1286 voluerunt3
974 1237 1067 1278 laus
1087 1236 1264 1292 pudoris
1280 1235 1344 1277 tui
1365 1235 1481 1292 quod
1508 1250 1560 1277 ea
1585 1243 1628 1277 te
1655 1234 1763 1276 invi-

203 1298 297 1334 tum
332 1291 474 1333 dicere
496 1291 776 1344 videbamus3
806 1292 980 1348 ingenii,
1013 1292 1130 1349 quod
1163 1291 1310 1334 ornate
1341 1292 1565 1349 politeque
1599 1291 1763 1334 dixisti.

204 1348 365 1390 Verum
385 1349 441 1390 ad
461 1356 477 1380 g
490 1348 618 1390 istam
639 1363 810 1390 omnem
832 1349 1070 1391 orationem
1104 1349 1245 1391 brevis
1266 1356 1334 1391 est
1363 1349 1574 1391 defensio.
1635 1348 1762 1399 Nam,

203 1406 348 1462 quoad
363 1412 466 1447 aetas
493 1405 557 1447 M.
579 1404 705 1446 Coelii
734 1407 833 1447 dare
857 1406 997 1462 potuit
1018 1406 1090 1448 isti
1112 1405 1349 1462 suspicioni
1373 1406 1530 1458 locum,
1561 1404 1657 1456 fuit,
1676 1405 1762 1460 pri-

203 1461 320 1503 mum
340 1462 475 1518 ipsius
510 1463 688 1518 pudore,
710 1462 863 1504 deinde
885 1463 1013 1504 etiam
1034 1463 1168 1518 patris
1190 1462 1416 1518 diligentia
1432 1462 1762 1518 disciplinaque,

131 1513 186 1554 65
204 1519 394 1570 munita3
426 1518 500 1574 qui
523 1526 570 1559 ut
589 1519 690 1559 huic
706 1519 872 1560 virilem
891 1526 1038 1575 togam
1061 1519 1347 1559 dedit—nihil
1372 1519 1527 1570 dicam,
1558 1518 1643 1559 hoc
1663 1518 1762 1559 loco

204 1575 257 1617 de
279 1590 370 1616 me:
392 1581 558 1616 tantum
579 1575 649 1624 sit,
675 1583 881 1631 quantum
900 1590 977 1617 vos
996 1575 1395 1617 existimatis—hoc
1425 1575 1582 1626 dicam,
1603 1574 1719 1615 hunc
1739 1575 1763 1613 a

201 1638 322 1687 patre
345 1630 550 1673 continuo
571 1632 625 1672 ad
662 1647 729 1673 me
753 1647 847 1674 esse
869 1632 1117 1673 deductum.
1179 1632 1318 1673 Nemo
1350 1633 1465 1672 hunc
1494 1631 1558 1672 M.
1573 1630 1762 1672 Coelium

202 1688 248 1728 in
269 1688 343 1729 illo
365 1688 503 1728 aetatis
520 1688 623 1729 flore
638 1688 759 1740 vidit,
780 1689 863 1729 nisi
881 1695 954 1730 aut
968 1704 1067 1730 cum
1088 1694 1223 1743 patre,
1245 1696 1318 1729 aut
1334 1703 1518 1740 mecum,
1540 1695 1614 1728 aut
1631 1687 1676 1727 in
1696 1687 1760 1728 M.

204 1744 349 1785 Crassi
370 1743 615 1785 castissima
636 1745 779 1796 domo,
802 1745 898 1786 cum
914 1745 1076 1786 artibus
1092 1745 1409 1786 honestissimis
1426 1744 1675 1786 erudiretur.

260 1800 342 1842 ΙΙΙ.
360 1800 487 1853 Nam,
506 1801 621 1856 quod
641 1800 841 1843 Catilinae
854 1801 1119 1843 familiaritas
1134 1802 1304 1857 objecta
1318 1801 1457 1843 Coelio
1474 1807 1552 1852 est,
1566 1798 1696 1856 longe
1705 1799 1758 1840 ab

200 2034 215 2051 Ε
229 2031 423 2083 reprimit
443 2031 692 2072 orationem.
723 2028 868 2071 ‘istim
888 2031 1163 2085 defensionis.
1194 2032 1323 2071 &istas
1342 2043 1485 2071 onmes·
1504 2029 1762 2082 objectiones.

244 2258 297 2286 47.
322 2256 359 2287 In
373 2257 429 2287 tali
441 2259 569 2288 oratione
584 2257 714 2297 versari]
765 2257 839 2288 Non
864 2258 956 2289 debe-

200 2299 255 2329 bat
270 2300 465 2336 adolescens,
480 2300 579 2340 qualis
595 2307 643 2330 est
659 2300 958 2337 Atratinus‚versari

202 2342 234 2371 in
247 2342 284 2371 ea
295 2342 445 2378 oratione,
462 2343 492 2372 in
506 2343 567 2383 quii
583 2343 683 2383 agitur
695 2344 735 2374 de
751 2343 960 2384 impudicitia·

244 2387 296 2415 48.
331 2384 375 2414 Ea:
387 2385 710 2428 vobisrobustioribus.]
752 2386 958 2416 Robustiores

201 2434 292 2457 vocat
306 2433 510 2464 accusatores,
523 2429 575 2469 qui
587 2428 689 2468 aliqua
707 2428 850 2468 suntjam
865 2434 957 2458 aetate

200 2471 352 2510 provecti,
367 2471 473 2510 quales
489 2476 559 2501 sunt
573 2471 750 2501 Herennius
767 2477 799 2500 et
814 2471 943 2501 Balbus.

243 2514 295 2542 52.
338 2512 513 2555 Beneficium
540 2514 645 2554 tueri]
692 2513 764 2544 Hoc
795 2514 849 2551 ait,
885 2514 958 2554 quia

199 2553 368 2596 aliquando
390 2556 574 2586 defenderat
592 2556 702 2586 Polam
721 2561 899 2586 accusatum
916 2557 956 2586 de

199 2597 325 2628 ambitu.

241 2642 295 2671 53.
332 2640 434 2674 Qualis
461 2652 498 2677 es,
536 2642 622 2671 talem
651 2647 678 2671 te
705 2651 759 2671 esse
787 2641 952 2682 existimes-J

196 2682 312 2713 Monet
326 2689 360 2713 ut
374 2683 451 2713 nihil
477 2683 533 2714 sua
564 2683 689 2721 virtute,
716 2684 827 2720 forma,
851 2691 953 2721 rotate,

196 2725 357 2765 indignum
373 2726 478 2762 faciat,
492 2731 544 2756 aut
558 2726 718 2767 loquatur3
743 2737 900 2768 quemque
910 2728 954 2759 ita

196 2774 300 2800 monet
316 2769 426 2806 amice,
442 2775 474 2800 ut
490 2769 584 2800 etiam
600 2768 738 2800 modesti¹
757 2776 875 2812 carpat.

1046 2260 1097 2288 65.
1138 2258 1260 2289 Wrzlem
1290 2257 1413 2298 togam]
1472 2254 1581 2287 Positssz
1610 2255 1760 2296 praetexffi

1002 2305 1034 2330 et
1061 2299 1156 2339 bulla,
1183 2300 1300 2330 virilem
1323 2309 1426 2341 togam
1444 2300 1607 2331 sumebant
1623 2297 1760 2328 Romani

1002 2353 1083 2373 anno
1100 2343 1198 2373 aetatis
1212 2343 1334 2374 decimo
1347 2343 1492 2384 septimo,
1507 2347 1540 2372 ut
1555 2352 1592 2372 ex
1608 2341 1758 2371 Suetonio

1001 2386 1075 2416 licet
1089 2386 1256 2426 conjicere.

1046 2430 1099 2459 67.
1136 2430 1184 2459 Ad
1199 2440 1241 2459 me
1256 2427 1442 2467 deductum]
1485 2425 1658 2466 Assurnpta
1682 2425 1760 2456 virili

1003 2472 1199 2511 toga,statim
1212 2471 1436 2506 adolescentes,
1451 2469 1539 2499 bonis
1549 2469 1686 2498 moribus
1701 2469 1760 2498 im·

1003 2514 1131 2550 buendi,
1148 2514 1240 2544 alicui
1256 2514 1339 2544 claro
1352 2513 1416 2543 viro
1433 2512 1452 2542 εἰ
1467 2512 1645 2552 parentibus
1657 2512 1759 2541 trade-

1002 2557 1121 2587 bantur.
1173 2557 1223 2586 Sic
1240 2557 1350 2587 Cicero
1373 2555 1544 2585 deductum
1562 2565 1594 2584 se
1615 2555 1655 2584 ad
1673 2554 1757 2584 Scae—

998 2599 1099 2629 volam
1116 2600 1172 2635 ait,
1185 2599 1237 2629 lib.
1255 2600 1294 2629 de
1310 2596 1469 2628 Amicitia.

1040 2645 1073 2674 1.
1118 2641 1252 2672 Catilina>
1267 2639 1493 2682 familiaritas]
1538 2638 1659 2680 Purgat
1681 2638 1754 2669 Coe-

995 2684 1081 2720 lium,
1096 2694 1231 2726 eumque
1242 2683 1384 2715 Catilinae
1394 2683 1576 2714 familiarem
1588 2692 1651 2712 non
1660 2682 1753 2713 fuisse

996 2728 1143 2759 ostendit.
