1858 3095
694 149 786 183 PRO
811 150 1023 183 MURENA.

91 237 227 266 annos
248 223 378 266 etiam
408 236 522 265 nunc
542 227 727 265 statuere
757 237 842 264 non
873 223 1078 279 potuisse,
1099 222 1239 264 utrum
1263 223 1371 265 diem
1393 227 1567 266 tertium
1589 239 1645 268 an

85 283 389 334 perendinum,
401 282 593 332 judic-em
624 294 674 320 an
707 282 933 328 arbitrum,
955 294 1042 321 rem
1072 295 1124 320 an
1152 284 1281 329 litem,
1304 280 1389 321 dici
1416 288 1645 336 oporteret.

95 336 262 392 ltaque,
294 344 342 378 ut
372 335 477 386 dixi,
513 335 702 390 dignitas
739 336 782 375 in
814 335 899 376 ista
932 335 1114 376 scientia
1146 337 1384 377 consularis
1424 351 1644 393 nunquam

92 393 188 444 fuit,
208 408 303 449 quae
325 399 415 433 tota
436 405 488 432 ex
515 393 640 432 rebus
668 391 781 433 fictis
802 392 1202 454 commenticiisque
1228 400 1466 445 constaret3
1498 394 1646 460 gratiae
1673 391 1719 432 [5

94 451 192 489 vcro
222 449 356 490 multo
389 447 519 488 etiam
550 448 701 489 minus.

761 447 889 496 Quod
921 463 1034 489 enim
1066 449 1264 489 omnibus
1296 456 1430 504 patet,
1455 457 1498 491 et
1523 449 1647 505 aeque

95 511 336 561 promptum
368 512 434 545 est
465 503 568 544 mihi
601 512 645 545 et
684 504 923 545 adversario
960 518 1070 554 meo,
1104 505 1146 544 id
1187 519 1282 545 esse
1322 512 1489 559 gratum
1528 506 1647 547 nullo

95 569 223 623 pacto
250 566 404 614 potest.

465 559 617 616 Itaque
645 575 731 601 non
762 560 891 601 modo
916 560 1114 601 beneficii
1138 538 1380 600 collocanbdi
1409 575 1542 615 spem,
1571 563 1648 602 sed

95 616 224 657 etiam
246 615 352 657 illud
373 617 487 678 quod
509 618 742 672 aliquando
763 616 858 666 fuit,
882 615 1003 657 Licet
1022 619 1253 666 consulere,
1269 617 1360 671 jam
1387 617 1649 672 perdidistis.

96 672 276 727 Sapiens
298 672 530 713 existimari
553 687 678 713 nemo
688 679 847 768 lpotest
866 671 910 711 in
931 687 983 712 ea
1004 671 1247 726 prudentia,
1264 687 1361 727 quae
1378 687 1513 728 neque
1531 680 1650 714 extra
1666 673 1722 714 20

96 727 277 768 Romam
306 743 501 800 usquam,
523 743 661 784 neque

95 783 256 838 peritus
289 783 385 825 ideo
416 785 562 825 habeii
595 798 680 824 non
712 790 870 839 potest,

732 742 840 768 omae
871 728 994 768 rebus
1015 727 1234 789 bprolatis,
1255 728 1491 790 quidquam
1511 730 1649 770 valet:

893 783 1084 838 quod,1n
1107 798 1158 824 eo
1179 785 1293 838 quod
1325 786 1468 826 sciunt
1486 800 1650 836 omnes,

95 840 212 880 nullo
231 841 362 881 modo
384 848 567 896 possunt
587 840 696 881 inter
716 855 761 880 se
783 840 1051 902 discrepare
1083 839 1270 881 difficilis
1301 850 1444 881 autem
1466 856 1530 883 res
1553 841 1651 883 ideo

96 909 183 936 non
203 904 388 951 putatur,
409 897 529 959 qubd
547 904 590 937 et
610 910 835 959 perpaucis
858 903 901 936 et
929 894 1104 936 minime
1124 896 1340 937 cobscuris
1361 897 1495 939 literis
1515 898 1652 939 conti·

96 959 233 993 netur.

298 952 465 1008 Itaque,
497 967 533 993 Sl
563 952 682 1001 mihi,
713 951 876 993 homini
908 952 1180 993 vehementer
1209 961 1438 1008 occupato,
1468 954 1652 995 dstoma·
1668 955 1725 996 25

95 1008 221 1049 chum
237 1008 618 1060 moverltis,tr1duo
628 1023 695 1050 ine
702 1009 1059 1064 Jurisconsultum
1070 1010 1457 1064 [esse]profitebor.
1480 1010 1654 1052 Etenim

99 1079 194 1120 quae
216 1065 268 1105 de
291 1065 451 1120 scripto
472 1072 669 1133 aguntur,
690 1065 851 1120 scripta
872 1072 972 1105 sunt
999 1079 1165 1106 omnia:
1197 1079 1334 1121 neque
1366 1073 1508 1107 tamen
1529 1067 1655 1123 quid-

96 1135 227 1176 quam
246 1127 334 1162 tam
354 1121 536 1177 anguste
558 1122 762 1177 scriptum
783 1128 862 1172 est,
884 1136 968 1177 quo
989 1135 1069 1176 ego
1090 1135 1175 1161 non
1203 1136 1379 1184 possnn,
1402 1126 1498 1171 Qm‘z
1529 1126 1580 1165 de
1607 1139 1655 1165 re

98 1181 263 1230 agetur,
276 1177 452 1219 addere
485 1192 581 1233 quae
602 1153 885 1219 consuluntur
905 1184 1063 1228 autem,
1080 1177 1256 1218 minimo
1277 1177 1466 1233 periculo
1480 1194 1656 1236 respon-

100 1233 267 1274 dentur.
299 1233 344 1273 Si
361 1234 546 1296 id,quod
560 1241 742 1289 oportet,
751 1233 1040 1289 responderis,
1062 1234 1174 1274 idem
1187 1233 1356 1275 vldeaie
1368 1236 1654 1291 respondisse,
1672 1236 1730 1276 30

102 1290 219 1344 quod
241 1289 435 1340 Servius3
457 1305 523 1330 sin
544 1290 681 1340 aliter,
699 1290 827 1330 etiam
845 1297 1164 1330 controversum
1179 1290 1253 1344 jus
1274 1305 1398 1332 nosse
1416 1299 1460 1332 et
1473 1299 1656 1334 tractare

100 1345 285 1386 videare.

332 1345 616 1401 Quapropter,
624 1360 711 1386 non
728 1345 865 1386 solum
883 1345 956 1385 illa
973 1345 1109 1413 gloria
1123 1345 1317 1386 militaris
1330 1347 1483 1388 vestris
1499 1348 1660 1390 formu-

100 1400 153 1442 lis
168 1408 294 1456 atque
310 1401 551 1442 actionibus
555 1402 866 1471 anteponenda
878 1408 967 1452 est3
1001 1400 1279 1442 verumetiam
1294 1402 1465 1444 dicendi
1480 1418 1661 1446 consue-

102 1457 208 1498 tudo
228 1456 357 1511 longe
376 1464 420 1498 et
439 1457 618 1499 multum
639 1458 710 1500 isti
727 1465 876 1499 vestrae
897 1457 1196 1499 exercitationi
1217 1459 1295 1499 ad
1316 1458 1522 1501 honorem
1543 1468 1661 1502 ante-

105 1514 248 1556 cellet.

307 1514 460 1570 Itaque
481 1514 586 1555 mihi
607 1515 806 1556 videntur
824 1513 1013 1570 plerique
1028 1513 1152 1555 initio
1173 1515 1310 1556 multo
1332 1515 1416 1558 hoc
1433 1516 1660 1570 maluisse3
1676 1516 1736 1559 35

158 1656 413 1701 ¹’munerum
433 1658 700 1700 urbanorum
714 1659 936 1700 vacatione
950 1660 1158 1709 concessa,
1172 1661 1238 1700 vel
1242 1661 1419 1712 justitio
1431 1662 1605 1704 indicto.

355 1717 604 1770 ‘praeceptis
614 1718 869 1769 perspicuis.

1016 1713 1314 1758 dir-ritaveritis
1330 1731 1404 1758 me.

557 1773 802 1826 ‘prce-stabit
816 1773 874 1814 ad
891 1774 1206 1824 magistratum.

153 1912 206 1940 11.
230 1909 288 1940 Per
301 1913 343 1939 tot
356 1909 474 1950 annos]
525 1910 586 1942 Cn.
603 1910 759 1941 Flavius
746 1922 799 1959 Jus
822 1911 865 1942 ci-

111 1951 173 1981 vile
195 1957 268 1982 ante
288 1952 373 1982 bella
396 1952 526 1989 Punica,
541 1954 661 1995 aliquot
684 1955 772 1984 annis
794 1960 866 1985 ante

113 1994 249 2036 Pyr-'rbi
242 2005 275 2024 in
290 1994 413 2024 Italiam
429 1996 608 2032 adventum,
625 1997 832 2037 pervulgavit.

159 2037 208 2066 12.
231 2036 281 2066 Αη
285 2038 528 2086 perendinum]
577 2038 771 2069 Perendinus
800 2040 868 2069 dies

114 2079 239 2114 dicitur,
261 2089 331 2109 curn
352 2078 451 2128 jtudex
475 2080 592 2114 statuit,
615 2086 670 2110 aut
694 2092 762 2112 cum
787 2081 868 2111 inter

114 2126 219 2162 partes
244 2122 400 2157 convenit,
424 2126 457 2152 ut
481 2132 572 2152 omne
599 2123 660 2153 litis
684 2123 870 2154 instrumen-

116 2169 258 2199 tum‚aut
272 2169 341 2194 acta
353 2164 506 2205 utrimque
519 2165 731 2205 proferantur'
724 2173 803 2196 intra
818 2166 871 2195 tri·

116 2208 233 2244 duum3
255 2212 328 2237 tnnc
344 2206 380 2236 lis
395 2211 428 2236 et
447 2217 494 2237 res
509 2208 780 2248 comperendinari
794 2209 872 2238 dici-

116 2254 177 2286 tur,
201 2249 288 2290 quasi
314 2248 414 2289 judex
444 2254 516 2290 post
545 2250 667 2281 tertium
697 2252 793 2286 diem,
820 2255 873 2281 aut

116 2293 211 2323 etiarn
225 2292 278 2321 die
294 2291 383 2322 tertio
398 2293 582 2323 sententiam
599 2293 714 2324 laturus
729 2294 778 2324 sit.

161 2337 212 2365 13.
236 2334 367 2365 Judicem
396 2345 436 2364 an
462 2335 633 2376 arbitrum]
700 2336 874 2367 Discrimen

117 2376 282 2408 intercedit
302 2378 448 2408 arbitrum
473 2377 556 2408 inter
580 2384 612 2409 et
621 2380 765 2418 Judzcem
787 2378 872 2420 quod

119 2429 177 2460 per
189 2419 331 2461 jndicem
347 2425 400 2450 aut
422 2425 491 2451 tota
512 2431 606 2452 causa
621 2422 808 2458 obtineatur,
823 2427 877 2452 aut

123 2463 298 2493 amittatur:
323 2473 380 2503 per
416 2463 561 2493 arbitrum
590 2463 739 2500 ve16,ut
773 2475 877 2506 neque

122 2504 210 2542 nihil,
221 2515 322 2546 neque
335 2510 454 2535 tantum
465 2511 613 2547 quantum
626 2507 811 2548 postulatur,
823 2510 878 2538 ob-

122 2547 267 2579 tineatur.

165 2591 218 2621 19.
243 2589 324 2621 Licet
359 2591 531 2632 consulere]
588 2591 761 2624 consulere
794 2591 880 2628 licet,

125 2631 283 2669 dicebant,
310 2631 360 2663 vel
391 2633 444 2674 qui
468 2634 706 2674 jurisconsultos
734 2634 882 2665 volebant

126 2675 308 2712 consulere3
329 2675 380 2705 vel
403 2676 463 2717 ipsi
483 2676 698 2717 jurisconsulti
721 2677 880 2713 dicebant,

126 2727 197 2747 cum
212 2717 466 2749 consulebantur·
491 2721 652 2753 consulere
669 2726 774 2754 autem
794 2720 882 2757 licet,

124 2759 237 2802 nempe
252 2760 335 2791 libros
350 2759 516 2794 Fastorum.

952 1912 1004 1941 2⁷.
1028 1910 1098 1945 Quae
1123 1911 1159 1941 de
1189 1911 1295 1950 scripto
1327 1911 1487 1953 aguntum]
1530 1911 1594 1953 Agi
1622 1912 1664 1943 de

909 1953 1035 1993 scripto,
1060 1958 1113 1985 aut
1138 1964 1191 1994 per
1215 1954 1374 1993 scriptum,
1397 1954 1481 1983 idem
1508 1961 1565 1984 est.
1609 1955 1666 1985 Bi-

908 1996 1023 2036 partita
1039 1995 1127 2036 porro
1142 1996 1482 2036 estjurisconsultoruin
1496 1997 1644 2037 professio
1657 2008 1665 2026 :

910 2049 981 2068 nain
1009 2045 1062 2068 aut
1092 2039 1229 2069 actiones
1255 2044 1288 2068 et
1312 2039 1453 2069 formulas
1477 2038 1666 2079 judiciorum

910 2081 1046 2115 tradunt,
1063 2091 1133 2120 quae
1149 2091 1254 2111 ornnes
1269 2085 1342 2110 sunt
1356 2082 1544 2121 perscriptae,
1554 2087 1586 2112 et
1600 2092 1668 2112 ver-

911 2128 1017 2152 santur
1031 2123 1062 2152 in
1078 2123 1260 2153 tractatione
1282 2123 1381 2162 aperti
1404 2128 1436 2153 et
1456 2124 1563 2154 usitati
1577 2122 1669 2164 juris,

912 2164 1027 2204 legum,
1035 2166 1265 2202 etedictorum;
1279 2171 1332 2195 aut
1341 2165 1670 2206 deJurerespondent

914 2208 998 2248 quod
1010 2213 1055 2238 est
1065 2218 1143 2248 opus
1160 2207 1333 2248 prudentiae
1349 2213 1381 2238 ct
1397 2208 1628 2248 intelligentiae'
1621 2220 1669 2250 lp-

916 2261 1029 2285 sorum,
1044 2260 1114 2280 cum
1138 2250 1178 2281 de
1194 2251 1355 2281 voluntate
1377 2255 1410 2281 et
1431 2251 1560 2281 scientia
1582 2251 1672 2293 legis,

917 2297 971 2323 aut
994 2292 1118 2323 «mnino
1143 2294 1184 2324 de
1203 2293 1282 2333 juris
1307 2294 1437 2329 ratione,
1459 2294 1618 2325 dubitatur
1639 2301 1673 2326 et

917 2336 1073 2376 quaeritur.

961 2381 1013 2408 28.
1036 2376 1168 2419 Anguste}
1180 2378 1319 2418 scriptum
1333 2378 1401 2418 est.]
1445 2377 1588 2420 Anguste
1601 2380 1673 2411 scri-

918 2420 991 2452 bere
1015 2426 1062 2451 est
1083 2420 1238 2451 versiculis
1260 2420 1419 2461 proximis,
1434 2427 1466 2451 ct
1487 2422 1575 2462 quasi
1597 2434 1673 2454 con.

920 2463 1031 2494 strictis
1052 2463 1310 2504 compressisque,
1324 2470 1356 2494 et
1378 2474 1441 2494 non
1464 2464 1534 2495 latis
1556 2470 1588 2495 et
1610 2477 1675 2496 ain·

921 2506 980 2546 plis
1002 2506 1148 2542 scribere,
1171 2505 1232 2548 quo
1257 2505 1326 2547 plus
1351 2506 1463 2537 laboris
1485 2507 1675 2549 insumptum

920 2549 1074 2583 videatur.
1088 2549 1218 2589 plusque
1234 2549 1376 2589 pecuniae
1389 2548 1561 2590 colligatur

966 2593 1021 2624 31.
1053 2591 1297 2632 Controversiam]
1363 2591 1421 2625 Jus
1448 2597 1676 2623 controversum

923 2634 1046 2669 dicitur,
1056 2635 1096 2664 de
1108 2644 1171 2675 quo
1181 2633 1327 2664 videlicet
1340 2633 1419 2664 inter
1431 2639 1593 2676 utramque
1607 2645 1677 2677 par-

923 2682 984 2706 tein
1000 2677 1245 2708 controvertitur.

924 2761 943 2793 fi
967 2719 1144 2752 35.Mu1e0
1165 2720 1216 2750 hoc
1230 2718 1388 2761 maluisse-J
1433 2718 1479 2750 Ut
1493 2718 1676 2763 eloquentes

947 2768 1045 2794 erent

1634 150 1715 195 159
