1858 3095
634 164 725 197 PRO
753 162 945 202 ARCHIA,
968 162 1125 198 POETA.

102 240 343 292 laudantur,
378 239 454 282 sed
492 239 621 281 etiam
657 241 804 297 populi
834 239 962 281 Rom.
982 254 1140 280 nomen
1171 241 1355 281 ornatur.

1416 238 1466 279 In
1498 240 1656 282 coelum

103 297 229 352 hujus
260 310 440 353 proavus
463 296 574 339 Cato
604 297 790 338 tollitur:
822 311 1003 353 magnus
1034 296 1170 337 honos
1203 295 1348 352 populi
1377 293 1502 336 Rom.
1529 296 1655 338 rebus

104 354 378 410 adjungitur3
410 367 557 394 omnes
603 353 788 410 denique
819 353 881 394 illi
915 353 1110 403 Maximi,
1145 353 1354 404 Marcelli,
1387 351 1537 402 Fulvii,
1570 367 1655 393 non

104 409 198 450 sine
219 409 433 451 communi
456 409 646 451 omnium
676 410 869 451 nostrum
890 410 1016 450 laude
1049 409 1317 450 decorantur.
1377 407 1492 471 Ergo
1523 408 1655 459 illum,

105 466 179 522 qui
209 466 302 508 haec
333 466 506 517 fecerat,
526 466 718 508 Rudium
749 467 982 517 hominem,
1004 467 1185 521 majores
1212 464 1346 505 nostri
1367 465 1410 505 in
1439 465 1657 506 clvitatem
1675 465 1729 504 50

105 528 380 578 receperunt:
412 537 492 564 nos
521 523 636 564 hunc
670 523 1016 573 Heracleensem,
1040 522 1186 562 multis
1217 521 1463 562 civitatibus
1494 521 1659 576 expetit

105 584 212 629 tum,
232 579 275 619 in
296 577 380 619 hae
400 587 543 621 autem
563 580 730 636 legibus
753 580 1049 628 constitutum,
1072 579 1125 618 de
1147 577 1292 617 nostra
1320 577 1493 619 civitate
1515 577 1659 632 ejicie-

106 648 200 675 mus
212 634 230 674 ’ἲ
260 633 387 687 Nam,
409 636 442 676 si
465 636 561 692 quis
579 637 785 677 minorem
806 635 950 698 gloriae
969 635 1152 675 fructum
1174 640 1298 688 putat
1317 648 1367 674 ex
1388 633 1551 674 Graecis
1573 648 1660 675 ver-

105 690 224 731 sibus
243 691 435 788 gercipi,
471 692 603 748 quam
638 706 690 734 ex
731 691 909 742 Latinis,
944 691 1218 731 vehementer
1252 696 1388 738 errat3
1434 689 1659 746 propterea

104 747 222 802 quod

286 762 396 789 raeca
414 750 614 805 leguntur
633 749 677 788 in
698 747 896 789 omnibus
931 745 1019 788 fere
1052 747 1267 801 gentibus,
1291 746 1440 787 Latina
1460 747 1548 787 suis
1568 747 1661 787 fini-
1678 747 1733 786 55

105 803 200 854 bus,
241 803 409 845 exieruis
439 803 560 856 sane,
599 804 886 845 continentur.

966 802 1121 853 Quare,
1152 803 1187 843 si
1220 817 1286 843 res
1316 802 1398 853 hae,
1429 817 1535 858 quas
1566 817 1662 859 ges-

104 859 253 910 simus,
274 840 389 901 ortbis
416 866 536 902 terrae
567 860 813 917 regionibus
849 860 1132 910 definiuntur3
1163 873 1317 915 cupere
1337 859 1557 910 debemus,
1577 859 1662 916 quo

107 916 287 969 [minas]
307 930 508 958 manuum
541 924 780 959 nostrarum
814 917 900 958 tola
927 915 1212 971 pervenerint,
1233 916 1382 956 eodem
1404 916 1579 972 gloriam
1601 917 1663 957 fa-

106 986 305 1028 mamque
340 981 587 1030 penetrare:
619 974 734 1030 quod
769 973 865 1015 cum
897 972 1002 1028 ipsis
1038 973 1222 1028 populis,
1244 972 1296 1012 de
1324 987 1505 1028 quorum
1536 974 1663 1014 rebus

107 1028 320 1081 scribitur,
338 1030 432 1071 haec
453 1031 595 1087 ampla
615 1037 740 1082 sunt;
771 1037 863 1071 tum
884 1029 935 1069 iis
959 1029 1090 1080 certe,
1103 1029 1175 1084 qui
1193 1030 1246 1069 de
1263 1029 1350 1069 vita
1370 1029 1513 1084 gloriae
1531 1030 1664 1070 causa
1682 1029 1736 1070 60

109 1085 331 1138 dimicant,
351 1087 437 1128 hoc
457 1087 692 1129 maximum
713 1094 757 1128 et
776 1086 1059 1143 periculorum
1094 1086 1419 1127 incitamentum
1439 1093 1519 1136 est,
1542 1093 1585 1127 et
1605 1086 1664 1127 la-

108 1142 274 1183 borum.

166 1198 245 1240 VI.
305 1199 450 1248 Quam
487 1201 647 1243 multos
702 1200 932 1257 scriptores
984 1213 1121 1240 rerum
1161 1213 1332 1240 suarum
1372 1213 1552 1256 magnus
1593 1200 1665 1242 ille

153 1598 208 1629 4⁷.
230 1596 331 1637 Hujus
348 1597 501 1639 proavum]
545 1596 736 1639 Designatur
759 1597 871 1640 aliquis

111 1640 189 1671 fone
204 1651 242 1671 ex
256 1641 295 1671 iis
308 1641 362 1682 qui
377 1641 448 1672 huic
469 1651 570 1671 causae
595 1642 724 1672 aderant
747 1648 800 1672 aut
816 1652 872 1682 pa-

113 1683 194 1714 troni
219 1689 274 1714 aut
297 1682 434 1724 judices.
500 1683 563 1715 Hic
596 1689 699 1714 autem
722 1689 770 1714 est
792 1684 872 1716 Cato

115 1726 224 1768 major,
239 1726 271 1756 in
296 1736 358 1767 quo
379 1726 484 1757 Livius
509 1727 551 1758 ait
573 1733 692 1757 tantam
716 1727 776 1758 vim
804 1727 872 1758 ani-

116 1769 157 1799 mi
187 1768 370 1810 ingeniique
401 1769 509 1806 fnisse,
530 1774 566 1801 ut
587 1770 672 1800 nulla
698 1780 745 1800 ars
767 1780 872 1812 neque

115 1811 235 1852 privata
261 1822 364 1853 neque
384 1812 512 1853 publica
536 1813 581 1842 rei
604 1813 751 1854 gerendae
773 1814 803 1844 ei
817 1815 874 1844 de-

115 1853 218 1886 fuerit.
271 1853 312 1885 In
340 1855 588 1886 bello'summus
615 1856 784 1897 imperator
805 1855 875 1892 suit,

117 1898 148 1927 in
164 1907 243 1938 pace
261 1896 340 1938 juris
362 1898 574 1938 peritissimus,
588 1899 621 1929 in
635 1898 734 1930 causis
749 1899 874 1930 orandis

118 1940 401 1980 eloquentissimus.

161 1984 216 2013 48.
237 1981 291 2013 Illi
305 1982 525 2024 Maximi,&c.]
570 1982 721 2024 Loquitur
747 1985 788 2015 de
814 1984 874 2014 illis

119 2024 185 2065 qni,
200 2024 283 2055 bello
298 2024 419 2056 Punico
432 2026 583 2064 secundo,
597 2025 875 2067 victoriisinsignes

118 2066 217 2104 fuere,
233 2077 374 2108 quosque
388 2068 451 2099 suis
472 2068 656 2099 carminibus
671 2069 795 2100 mirifice
811 2069 876 2099 En-

121 2110 190 2140 nius
206 2111 386 2142 celebravit.
428 2110 473 2140 Hi
486 2111 572 2141 fuere
585 2112 753 2151 praesertim
765 2112 805 2147 Q.
818 2111 878 2142 Fa-

121 2153 190 2183 bius
214 2153 382 2189 Maximus,
395 2153 449 2194 qui
470 2154 632 2184 cunctando
651 2155 779 2184 restituit
797 2165 878 2191 rem,-

124 2196 176 2226 M.
192 2195 345 2226 Claudius
358 2195 541 2232 Marcellus,
564 2197 619 2237 qui
634 2197 741 2227 docuit
756 2196 878 2227 Hanni-

121 2238 224 2269 balem
240 2239 322 2269 vinci
339 2249 450 2280 posse;
476 2239 517 2275 Q.
529 2238 655 2269 Fulvius
670 2239 811 2277 Flaccus,
823 2241 878 2282 qui

123 2280 266 2322 Capuam
278 2281 387 2312 illustri
400 2281 528 2313 victoria
542 2281 670 2321 recepit.

164 2326 218 2355 50.
256 2323 388 2355 Rudium
400 2324 565 2366 hominem]
609 2324 723 2355 Rudiae
735 2324 825 2365 porro
838 2324 877 2354 si-

121 2371 162 2396 tae
177 2372 249 2398 sunt
267 2366 299 2397 in
324 2367 470 2398 Calabria
487 2367 518 2397 in
543 2366 723 2403 Salentinis,
738 2367 845 2397 civitas
860 2367 879 2396 εἶ

123 2408 241 2441 Graecis
267 2410 405 2446 condita,
420 2410 515 2440 Ennii
536 2410 654 2449 patria3
679 2410 753 2452 quia
775 2415 879 2440 antem

122 2452 175 2484 hic
203 2452 432 2491 praeclarissima
457 2453 570 2484 ducum
593 2453 716 2484 illorum
741 2452 881 2483 facinora

124 2495 262 2526 versibus
281 2495 342 2527 suis
365 2496 600 2537 conscripserat,
619 2496 752 2526 donatus
772 2501 820 2526 est
834 2495 879 2526 ci-

123 2537 236 2568 vitate:
260 2548 299 2569 an
323 2538 417 2580 igitur
442 2549 499 2581 par
521 2544 569 2570 est
597 2537 668 2579 ejici
690 2537 795 2569 Roma
819 2538 878 2569 Ar-

124 2579 249 2612 chiam?
271 2580 330 2612 &c-

168 2621 218 2653 lb.
232 2621 270 2654 In
280 2625 426 2654 civitatem
435 2623 626 2664 receperunt]
652 2623 770 2654 Ennius
785 2624 882 2654 dona-

125 2668 175 2694 rus
190 2670 238 2696 est
263 2665 391 2697 civitate
416 2666 562 2698 Romana
577 2666 595 2696 a
611 2666 675 2697 filio
695 2666 746 2697 M.
766 2666 881 2702 Fulvii,

124 2716 229 2748 quem,
243 2713 351 2740 contra
363 2709 488 2742 AEtolos
509 2709 626 2741 bellum
646 2715 819 2751 gerentem,
833 2719 883 2740 se-

124 2754 217 2781 cutus
229 2753 307 2781 emt.

169 2790 221 2825 ⁵1.
244 2788 532 2828 manebam
543 2791 736 2836 arctim.)
781 2792 887 2836 Supe-

915 1595 976 1629 rius
989 1597 1122 1628 vidimus
1144 1596 1162 1628 a
1174 1594 1338 1638 Rheginis,
1355 1596 1569 1636 Locrensibus,
1583 1598 1671 1631 Nea-

914 1642 1072 1683 politanis,
1089 1641 1150 1672 &c.
1177 1641 1303 1672 civitate
1323 1642 1472 1672 donatum
1498 1642 1590 1673 fuisse
1610 1643 1671 1674 Ar·

916 1685 1028 1721 chiam,
1045 1684 1062 1714 εἴ
1078 1684 1188 1724 quibus
1202 1685 1319 1715 summe
1335 1686 1489 1725 expetitus
1501 1686 1612 1716 suerat.

958 1729 1010 1758 53.
1035 1726 1124 1763 A'am,
1149 1729 1172 1758 si
1194 1729 1258 1767 quis
1278 1728 1441 1768 minorem-J
1496 1727 1672 1768 Occupatio

916 1776 964 1800 est
980 1770 1042 1810 quii
1058 1771 1151 1801 (locet
1171 1780 1225 1800 eos
1248 1781 1360 1807 errare,
1375 1772 1429 1812 qui
1452 1771 1600 1802 minorem
1615 1782 1672 1812 pu-

916 1814 1026 1843 tabant
1068 1823 1106 1843 ex
1142 1812 1320 1844 Graecorum
1358 1813 1451 1854 quam
1491 1813 1672 1844 Latinorum

918 1855 1038 1897 scriptis
1054 1855 1182 1896 gloriam
1202 1855 1319 1897 colligi,
1335 1855 1472 1898 ideoque
1488 1856 1613 1887 minoris
1627 1857 1671 1887 fa-

917 1898 1064 1929 ciendum
1080 1897 1240 1938 Archiam,
1255 1899 1309 1940 qui
1323 1899 1433 1930 Graece
1448 1900 1579 1940 scripsit.

961 1943 1013 1972 55.
1071 1940 1227 1982 Leguntur
1269 1943 1302 1971 in
1341 1943 1472 1973 omnibus
1512 1942 1672 1984 gentibus]

919 1983 1029 2015 Graeca
1060 1983 1165 2024 lingua
1198 1985 1314 2025 ubique
1336 1991 1402 2015 erat
1422 1986 1454 2015 in
1477 1996 1556 2023 usu;
1592 1985 1674 2015 certe

918 2026 1078 2057 Diodorus
1088 2026 1221 2063 Siculus,
1231 2033 1262 2057 et
1272 2026 1416 2058 Caesarin
1428 2027 1676 2066 Commentariis,

919 2068 1076 2104 ducenta}
1100 2069 1201 2099 Gallis
1222 2069 1296 2110 ipsis
1319 2069 1458 2100 auditam
1482 2071 1588 2108 fuisse,
1604 2068 1675 2100 cum

921 2111 1032 2142 Latina
1045 2111 1105 2141 illis
1120 2112 1222 2142 adhuc
1243 2116 1326 2142 esset
1341 2112 1458 2154 ignota.
1503 2113 1580 2151 Sed,
1595 2122 1677 2143 cres-

920 2160 1010 2185 cente
1026 2154 1058 2184 in
1074 2154 1141 2184 dies
1154 2153 1284 2195 imperio
1300 2153 1456 2191 Romanu,
1468 2155 1521 2185 illa
1537 2156 1677 2191 tandem,

921 2196 1022 2238 inquit
1037 2196 1167 2232 Plinius,
1178 2208 1239 2227 una
1247 2203 1420 2228 cunctarum
1432 2200 1566 2240 gentium
1577 2200 1610 2229 in
1621 2204 1678 2229 toto

921 2239 985 2270 orbe
997 2238 1187 2280 patriafacta
1200 2245 1250 2270 est.

965 2285 1018 2313 57.
1044 2282 1108 2317 Qus)
1118 2282 1214 2312 mimis
1224 2283 1393 2323 manuum]
1420 2283 1554 2314 Videtur
1568 2283 1678 2314 tollen-

920 2326 961 2355 da
985 2335 1052 2356 esse
1079 2326 1146 2356 haec
1175 2325 1326 2366 particula
1354 2325 1545 2366 min21s‚quae
1575 2327 1679 2358 sensui

921 2368 1026 2399 officit.
1085 2367 1136 2398 Sic
1164 2368 1268 2408 itaque
1292 2374 1521 2409 argumentatur
1544 2368 1676 2401 Cicero:

921 2410 991 2441 cum
1007 2415 1128 2442 constet
1143 2411 1285 2442 Graecam
1309 2411 1444 2452 linguam
1460 2410 1557 2452 magis
1572 2418 1678 2453 patere

923 2453 1016 2495 quarn
1047 2453 1200 2490 Latinam,
1229 2459 1395 2495 nostraque
1430 2465 1513 2485 arma
1533 2455 1677 2497 factaque

922 2502 1090 2538 pervagata
1113 2496 1173 2527 sint
1195 2507 1251 2537 per
1279 2497 1455 2528 universum
1481 2498 1598 2534 orbem,
1621 2509 1678 2538 op-

923 2545 988 2570 tare
1003 2539 1166 2576 debemus,
1182 2539 1243 2580 qud
1262 2550 1408 2570 manuum
1432 2545 1601 2570 nostrarum
1618 2540 1678 2570 tela

924 2588 1140 2625 pervenerunt,
1155 2582 1266 2614 eodem
1282 2582 1410 2623 gloriam
1432 2583 1606 2622 famamque
1623 2593 1679 2623 pe-

923 2629 1064 2662 netrare;
1085 2625 1143 2655 hoc
1155 2625 1266 2656 eximie
1280 2631 1423 2666 praestare
1435 2630 1538 2665 polest
1551 2625 1678 2656 Graecus

923 2677 1035 2703 sermo,
1064 2667 1193 2698 Latinus
1216 2667 1351 2698 minime.
1394 2667 1499 2704 Quare
1522 2667 1679 2700 fovendus

924 2714 973 2740 est
997 2709 1150 2752 somnique
1180 2711 1295 2740 honore
1325 2709 1505 2740 afficiendus
1534 2709 1682 2748 Licinius,

925 2751 981 2793 qui
1000 2751 1041 2783 ea
1065 2753 1107 2783 lin
1130 2752 1173 2783 u&
1194 2752 1304 2794 poema
1326 2750 1443 2790 scribit,
1456 2751 1600 2785 acfortia
1614 2751 1683 2785 Ro-

925 2801 1087 2828 mrum
1151 2798 1184 2826 ta
1195 2793 1345 2828 celebrat.

1642 162 1724 208 206
