1858 3095
711 165 802 199 PRO
833 164 859 199 C
864 164 994 199 OELIO

1643 164 1728 208 239

73 241 278 284 constitui
297 240 438 283 locum
452 239 597 296 jussit,
616 240 790 283 balneas
804 240 981 291 Xenias,
1002 246 1050 282 ut
1070 240 1119 282 eo
1139 239 1328 282 mitteret
1345 241 1521 293 amicos,
1555 241 1629 298 qui
1646 243 1701 285 75

73 297 391 340 delitescerent.
423 297 578 338 deinde
599 297 789 353 repente,
811 312 908 339 cum
925 297 1113 339 venisset
1134 297 1336 348 Licinius,
1357 305 1404 339 ut
1420 312 1631 339 venenum

76 353 274 405 traderet,
299 354 563 416 prosilirent,
592 353 895 433 hominemque
918 354 1339 416 coiiil)1··.eliendeie11t

1412 355 1520 403 Quae
1541 354 1633 408 qui-

77 409 175 451 dem
196 424 349 472 omnia,
376 409 855 472 judices‚s·pe1facile1n
876 410 1080 451 rationem
1100 410 1260 450 habent
1280 410 1634 473 reprehendendi.

75 464 164 506 Cur
179 465 293 507 enim
306 465 479 506 balneas
494 466 686 528 publicas
701 465 971 528 potissimum
987 466 1292 508 constituerat?
1322 467 1365 506 in
1379 465 1535 529 quibus
1548 480 1635 506 non

76 521 247 563 invenio
265 536 360 576 quae
374 522 536 563 latebra
552 531 626 578 too
629 530 710 563 atis
726 522 972 563 homiuibus
989 537 1082 563 esse
1100 522 1251 583 possit.
1293 521 1418 573 Nam,
1440 537 1476 563 sr
1493 528 1636 563 essent
1653 521 1708 564 80

75 576 120 618 in
139 577 348 619 vestibulo
369 559 630 640 balnearum,
653 593 738 620 non
756 579 956 619 laterent:
988 579 1054 619 sin
1076 592 1120 618 se
1143 592 1186 617 111
1206 577 1403 618 intimum
1424 578 1636 633 conjicere

74 632 248 681 vellent,
277 648 356 674 nec
378 635 482 675 satis
502 634 727 676 commode
750 634 928 675 calceati
950 641 994 674 et
1019 633 1162 674 vestiti
1190 632 1234 673 id
1262 633 1402 675 facere
1436 640 1636 688 possent;

75 694 120 742 et
137 688 318 730 sortasse
341 705 426 732 non
447 691 759 746 reciper3entur
790 690 873 730 nisi
905 688 1014 730 forte
1049 688 1199 729 mulier
1228 696 1396 743 potens,
1429 689 1640 745 quadran-

74 739 184 786 tatia
214 744 291 786 illa
319 747 643 801 permutatione,
673 723 892 786 faniiliaris
923 745 1038 785 facta
1068 750 1157 785 erat
1185 744 1438 786 balneatori.

1495 745 1639 800 Atque

77 800 277 856 equidem
310 803 580 844 vehementer
610 801 930 863 exspectabam,
962 801 1137 856 quinam
1164 799 1235 840 isti
1268 801 1341 841 viri
1362 801 1475 852 boni,
1507 808 1639 842 testes
1658 802 1711 845 85

77 855 205 912 liujus
226 857 451 898 manifesto
472 858 727 913 deprehensi
746 872 898 898 veneni
916 857 1174 906 dicelentur;
1206 857 1310 897 nulli
1328 857 1438 898 enim
1456 863 1554 898 sunt
1568 857 1640 898 ad-

77 911 164 954 huc
184 913 405 955 nominati.

453 914 540 955 Sed
560 929 646 955 non
667 914 817 955 dubito
839 914 944 969 quin
965 913 1050 953 sint
1070 926 1312 974 pergraves,
1333 913 1422 968 qui,
1445 913 1639 968 primum,

80 966 168 1014 sint
188 968 286 1010 talis
305 969 474 1011 feminae
495 971 752 1022 familiares;
784 969 937 1010 deinde
960 984 1053 1010 eam
1074 982 1339 1037 provlnciam
1359 969 1640 1025 susceperint,

80 1020 130 1064 ut
156 1025 198 1064 in
219 1024 394 1067 balneas
415 1003 814 1077 goontruderent'un
844 1026 959 1082 quod
972 1025 1056 1073 1lla
1074 1025 1155 1065 nist
1172 1039 1310 1065 avms
1327 1024 1640 1066 honestissimis

81 1093 132 1121 ac
151 1080 410 1142 plenissimis
432 1083 669 1137 dignitatis,
702 1083 719 1106 ¹¹
729 1098 802 1138 qu
792 1082 860 1123 ἲιιιι
886 1082 989 1122 velit
1009 1081 1064 1122 sit
1084 1088 1251 1136 potens,
1272 1095 1489 1143 nunquam
1509 1081 1642 1137 impe·
1658 1083 1716 1125 90

82 1136 294 1178 travisset.

353 1137 439 1179 Sed
470 1139 575 1194 quid
605 1154 685 1195 ego
716 1140 769 1180 de
798 1138 1006 1194 dignitate
1041 1137 1218 1178 istorum
1253 1137 1426 1178 testium
1463 1138 1644 1192 loquor?

82 1191 284 1234 virtutem
314 1208 460 1235 eorum
491 1195 843 1251 diligentiamque
877 1193 1145 1249 cognoscite.

1206 1193 1255 1232 In
1275 1193 1440 1234 balneis
1469 1194 1646 1234 delitue-

84 1256 205 1299 runt;
236 1255 368 1290 testes
391 1231 608 1317 egregios'
645 1251 800 1291 deinde
821 1250 977 1291 temere
999 1249 1308 1304 prosiluerunt,
1338 1250 1533 1291 homines
1554 1264 1646 1306 gra-

85 1281 206 1344 vitati
226 1305 417 1346 deditos!
452 1306 523 1346 Sic
544 1321 657 1347 emm
677 1307 859 1362 fingunt,
882 1320 979 1347 cum
1000 1305 1188 1346 Licinius
1211 1305 1411 1355 venisset,
1443 1305 1646 1362 pyxidem

86 1366 252 1402 teneret
269 1361 313 1402 in
333 1375 475 1411 manu,
499 1368 722 1403 conaretur
747 1363 928 1413 tradere,
959 1362 1149 1401 nondum
1181 1360 1442 1412 tradidisset,
1473 1369 1564 1402 tum
1584 1376 1646 1403 re·
1663 1364 1720 1407 95

86 1415 216 1485 pente
230 1416 422 1458 evolasse
439 1417 546 1459 istos
560 1420 786 1474 praeclaros
799 1426 931 1459 testes
946 1417 1037 1458 sine
1050 1415 1240 1457 nomine:
1263 1416 1475 1458 Licinium
1491 1424 1647 1469 autem,

90 1486 187 1513 cum
201 1488 292 1529 Jam
311 1488 482 1514 manum
507 1475 561 1515 ad
590 1475 841 1516 tradendam
872 1473 1077 1530 pyxidem
1103 1473 1376 1535 porrexisset,
1406 1474 1647 1524 letraxisse,

92 1534 222 1584 atque
252 1530 326 1571 illo
362 1531 588 1592 repentino
614 1531 836 1572 hominum
865 1531 1030 1586 impetu
1063 1543 1108 1570 se
1142 1543 1186 1569 m
1217 1528 1364 1591 fugam
1396 1530 1648 1585 conjecisse.

90 1583 130 1624 Ο
152 1599 308 1639 magna
334 1600 396 1626 vis
424 1586 630 1638 veiitatis,
666 1602 761 1643 quae
796 1594 942 1628 contla
972 1584 1192 1626 hominum
1221 1599 1405 1640 lngen1a‚
1438 1586 1649 1628 callidita-

90 1645 192 1692 tem,
214 1641 459 1693 sollertiam,
482 1650 715 1698 contraque
737 1644 860 1684 fictas
882 1642 1070 1683 omnium
1090 1640 1284 1693 insidias,
1305 1641 1430 1684 facile
1452 1657 1497 1683 se
1513 1658 1587 1698 per
1603 1658 1649 1685 se
1671 1644 1751 1689 100

90 1695 186 1752 ipsa
205 1697 430 1740 defendat!
467 1698 624 1740 Verum
641 1699 736 1740 haec
755 1707 848 1741 tota
867 1699 1036 1749 fabella,
1057 1696 1212 1738 veteris
1233 1704 1277 1738 et
1295 1698 1570 1753 plurimarum
1589 1699 1651 1740 fa-

89 1752 283 1795 bularum
299 1754 490 1810 po'etriae,
504 1770 631 1811 quam
648 1763 714 1797 est
729 1756 821 1796 sine
835 1755 1106 1817 argumento!
1139 1768 1269 1809 quam
1281 1754 1471 1795 nullum
1461 1755 1650 1797 mvenire

92 1808 254 1852 exitum
273 1812 439 1867 potest!
484 1811 601 1860 Quid
616 1812 728 1854 enim
743 1812 814 1854 isti
831 1818 896 1853 tot
912 1825 987 1852 vm
1007 1814 1124 1864 (nam
1138 1824 1316 1852 necesse
1333 1817 1399 1852 est
1417 1811 1547 1854 fuisse
1563 1826 1652 1854 non

262 1944 462 1999 'possunt
470 1947 605 2002 facile
624 1948 810 2003 refutari
815 1978 823 1986 .

1136 1946 1482 1997 gconfficerentur.

438 2003 855 2058 ”quantamcumque
874 2003 1026 2045 habeat
1041 2006 1304 2055 potestatem.

140 2173 191 2202 80.
216 2172 332 2212 Togatis
355 2171 540 2213 hominibus]
588 2172 652 2209 Qui
680 2171 753 2213 toga
782 2182 851 2203 ves-

96 2213 224 2244 tiuntur.

140 2255 254 2287 81.1n
276 2257 438 2298 vestibula]
483 2257 679 2288 Vestibulum
701 2268 763 2288 non
787 2262 853 2288 crat

96 2299 128 2329 in
143 2299 218 2340 ipsis
233 2299 362 2335 aedibus,
385 2310 443 2331 nec
457 2311 527 2341 pars
543 2300 666 2337 aedium,
689 2301 744 2331 sed
767 2299 852 2330 loeus

97 2341 308 2382 antejanuam
325 2352 450 2379 vacuus,
474 2353 619 2383 areaque,
642 2353 698 2384 per
719 2353 810 2383 quam
834 2353 853 2372 a

100 2384 148 2414 via
164 2384 289 2426 publica
303 2394 442 2416 accessus
459 2390 525 2416 erat
540 2386 579 2415 ad
595 2386 788 2416 aedes.1·lic
800 2395 854 2415 au-

98 2431 161 2458 tern
177 2427 261 2457 locus
276 2433 342 2457 erat
355 2428 446 2458 statio
461 2428 671 2459 salutatorum.

108 2479 113 2484 ·
142 2471 195 2500 83.
219 2469 466 2511 Quadrantaria]
510 2471 605 2502 Teste
631 2471 797 2502 Plutarcho
818 2470 851 2500 in

100 2511 263 2548 Cicerone,
272 2512 386 2543 Clodia
396 2514 606 2553 quadrantaria
616 2513 774 2554 appellata
783 2512 852 2549 fuit,

100 2565 119 2584 a
133 2555 315 2595 quadrante,
335 2555 446 2596 exiguo
462 2557 657 2591 numismate,
678 2556 762 2597 quod
777 2556 854 2585 ado-

98 2596 216 2627 lescens
231 2597 369 2647 quidam,
385 2599 438 2638 qui
452 2609 519 2628 eam
536 2599 707 2639 deperibat,
729 2609 784 2645 pro
800 2609 854 2628 au-

101 2639 162 2669 reis
190 2640 319 2670 nummis
352 2641 385 2670 in
413 2640 530 2671 loculos
568 2642 635 2682 ejus
666 2641 853 2688 conjecerat.

104 2681 268 2717 Quadratus
283 2687 384 2713 autem
407 2689 545 2724 quartam
561 2690 679 2725 partem
700 2683 774 2714 assis
800 2693 853 2713 va-

102 2723 207 2754 lebat:
235 2725 319 2764 quod
344 2731 474 2757 monetae
500 2727 631 2768 pretium
658 2727 696 2756 ab
720 2725 854 2766 ingredi-

103 2766 225 2798 entibus
239 2766 383 2800 balneum
403 2769 587 2809 balneatori,
609 2780 663 2801 seu
677 2768 854 2801 balnearum

895 2170 1050 2212 magistro,
1060 2168 1301 2210 persolvebatur.
1325 2168 1582 2206 Quadrantariam
1596 2183 1650 2202 au·

895 2219 956 2244 tem
974 2213 1022 2243 hic
1039 2212 1295 2253 permutationem
1310 2213 1480 2253 appellavit
1502 2225 1557 2254 per
1575 2225 1651 2246 con-

896 2262 1058 2297 temptum,
1074 2261 1108 2284 ut
1122 2260 1210 2295 turpe
1222 2255 1434 2286 familiaritatis
1447 2256 1567 2287 Clodiae
1579 2268 1650 2289 cum

896 2298 1073 2330 balneatore
1087 2297 1303 2328 commercium
1317 2299 1506 2333 ostenderet.

941 2343 994 2372 85.
1016 2341 1071 2371 Isti
1084 2341 1142 2370 viri
1153 2339 1243 2380 boruz]
1288 2340 1404 2373 Itonia.

941 2386 994 2414 87.
1017 2384 1084 2414 Sint
1095 2381 1271 2423 pergraves]
1319 2383 1434 2414 Ironia.

939 2429 992 2458 89.
1015 2425 1252 2465 Honestissimis]
1298 2424 1503 2458 Perseverat
1495 2438 1528 2458 m
1542 2426 1650 2459 ironia.

939 2471 991 2500 96.
1016 2467 1170 2509 Ezomsse]
1227 2467 1266 2497 ld
1281 2474 1342 2505 est,
1365 2479 1402 2499 ex
1416 2469 1538 2501 insidiis
1552 2481 1650 2511 appa·

895 2511 1002 2543 ruisse.

941 2559 1014 2586 101.
1040 2554 1144 2586 Verum
1159 2556 1216 2586 haee
1230 2553 1419 2596 totasabella.
1422 2554 1436 2595 ]
1486 2555 1650 2594 Aggredi-

897 2597 1021 2638 turjam
1037 2600 1199 2629 ostendere
1213 2608 1304 2639 quam
1320 2597 1423 2637 inique
1437 2597 1575 2636 superior
1596 2597 1650 2627 illa

896 2641 1029 2670 narratio
1042 2642 1174 2672 conficta
1189 2642 1239 2672 sit.

943 2685 1015 2714 102.
1041 2684 1174 2715 Ροϊεγὶιε.
1179 2684 1192 2724 ]
1219 2682 1358 2714 Clodiam
1376 2680 1524 2721 poetriam
1541 2681 1651 2721 appel-

897 2725 952 2762 lat,
974 2736 1043 2767 qua:
1065 2737 1148 2770 saepe
1170 2727 1203 2759 in
1222 2724 1390 2758 mendaciis
1411 2723 1561 2766 fingendis
1583 2735 1650 2756 ver-

899 2773 965 2799 sata
979 2774 1035 2801 est.
