1858 3095
616 139 708 179 PRO
731 138 922 177 ARCHIA,
952 137 1109 172 POETA.

1633 139 1717 191 209

84 224 185 276 post
203 225 383 261 mortem
403 218 601 264 obfutura
621 223 736 268 sunt,
767 217 872 267 sive,
903 222 951 257 ut
978 214 1283 278 sapientissimi
1308 214 1503 257 homines
1524 222 1646 279 puta„

85 284 253 327 verunt,
285 276 339 318 ad
361 275 548 332 aliquam
567 273 698 315 animi
721 273 804 316 mei
825 279 988 329 partem
1015 273 1305 328 pertinebunt,
1335 285 1450 315 nunc
1470 273 1646 329 quidem

86 332 201 374 certe
223 331 487 389 cogitatione
505 330 710 387 quadam,
742 344 918 386 speque,
949 329 1151 371 delector.

84 502 246 543 preclaras
259 501 402 544 gessisse,
425 511 457 531 se
482 506 585 532 tamen
601 511 682 532 nunc
699 500 842 531 recorda-

85 545 169 574 tione
184 554 287 575 earum
303 544 464 575 consolari.

130 588 182 618 68.
205 587 412 626 Sapientissimi
442 586 591 628 homiues]
636 587 844 627 Pythagoras,

86 630 240 667 Socrates,
263 635 356 669 atque
380 640 487 660 omnes
512 640 631 669 magnae
645 629 774 659 Graeciae
798 640 844 658 sa-

86 671 219 711 pientes,
243 672 361 702 animos
383 673 539 702 hominum
555 673 677 702 divinos
693 682 759 701 csse
774 681 846 700 sen-

84 720 200 749 serunt,
229 714 340 754 iisque,
371 714 439 744 cum
471 727 508 745 ex
532 724 660 754 corpore
684 714 842 748 abiissent,

84 756 208 796 optimis
234 757 409 798 quibusque
435 763 541 798 patere
570 756 687 787 aditum
715 757 754 786 ad
781 766 842 786 εω-

84 797 159 828 lum.

127 842 180 871 69.
205 841 252 870 Ad
273 841 399 880 aliquam
421 841 514 870 animi
539 841 680 881 partem]
739 840 847 870 Partes

83 893 152 913 esse
175 883 272 912 varias
295 884 466 913 animorum
495 884 693 914 crediderunt
719 883 846 924 quidam

85 925 102 956 ὲ
118 926 273 962 veteribus
288 926 361 962 illis,
384 937 513 968 quarum
537 925 605 956 aliae
622 926 682 957 alia
698 927 795 957 multa
817 927 847 956 in

85 968 256 1000 aeternitate
272 969 575 1012 contemplabantur,
603 969 672 1001 aliae
700 969 848 1011 respicie-

885 500 960 530 bant
982 509 1051 539 quae
1082 498 1225 540 praeclare
1250 498 1407 539 quondam
1434 498 1466 528 in
1494 498 1552 529 hhc
1578 498 1649 541 vitffi

888 542 1073 572 mortalitate
1098 546 1266 581 gesserant.
1314 540 1404 570 Plato
1427 541 1498 571 vero
1523 542 1566 571 ait
1589 547 1649 573 tres

887 585 997 615 animae
1015 590 1116 625 partes
1133 594 1216 614 esse:
1242 594 1346 618 unam,
1362 582 1424 622 qua
1436 584 1527 614 homo
1541 585 1649 621 discit;

888 629 1028 662 alteram,
1045 626 1106 666 quiz
1122 626 1280 661 irascitur;
1303 626 1437 661 tertiani,
1462 626 1525 665 qua
1541 627 1649 667 volup-

888 675 984 699 tatum
1001 669 1172 709 cupiditate
1188 668 1331 697 ducitur:
1357 669 1434 698 duas
1457 669 1525 699 illas
1547 675 1650 709 poste·

887 713 981 742 riores
998 722 1067 742 cum
1084 720 1213 750 corpore
1231 711 1349 750 perire;
1375 711 1517 751 primam,
1541 712 1571 741 in
1588 712 1650 752 qua

887 754 963 784 ratio
982 754 1070 788 inest,
1095 763 1250 784 remanere
1267 764 1336 784 cum
1353 753 1464 783 animo.

928 800 979 826 70.
1007 796 1185 837 Cogitatione
1199 796 1334 836 quddam,
1356 795 1425 836 eea]
1467 796 1549 825 Dum
1567 796 1651 836 eogi-

892 845 935 870 tat
951 839 1087 869 animum
1109 849 1197 869 suum
1221 849 1287 869 esse
1310 838 1525 874 immortalem,
1548 843 1652 879 sperat

891 883 1036 916 futurum,
1049 887 1093 917 ut,
1109 888 1178 922 post
1194 889 1322 911 mortem
1339 882 1474 912 sentiens
1491 892 1559 923 qua:
1573 892 1650 922 prae·

890 926 970 956 clare
997 925 1103 965 gessit,
1127 935 1231 954 eorum
1257 924 1468 955 recordatione
1483 916 1650 957 consolati-

891 979 981 1000 onem
993 968 1128 1009 aliquam
1141 972 1342 1009 percepturus
1358 967 1397 999 sit
1407 967 1529 999 Cicero·

713 1240 1020 1268 PERORATio.

141 1395 242 1437 VII.
275 1396 432 1447 Quare,
463 1401 729 1445 conservate,
753 1395 941 1452 judices,
975 1396 1194 1438 hominem
1224 1395 1387 1451 pudore
1419 1410 1485 1446 eo,
1516 1409 1646 1451 quem

82 1452 317 1494 amicorum
346 1452 502 1494 videtis
537 1452 806 1508 comprobari
835 1460 926 1493 tum
959 1453 1182 1509 dignitate,
1218 1460 1310 1493 tum
1335 1451 1463 1493 etiam
1493 1466 1645 1493 venus-

81 1515 196 1558 tate;
245 1509 420 1566 ingenio
461 1515 606 1550 autem
644 1516 779 1558 tanto,
821 1516 1030 1565 quantum
1070 1509 1114 1550 id
1155 1508 1358 1550 convenit
1396 1508 1645 1557 existimari,

82 1566 200 1622 quod
237 1580 499 1606 summorum
539 1565 761 1606 hominum
796 1565 978 1621 ingeniis
1020 1566 1257 1621 expetitum
1297 1580 1391 1606 esse
1430 1565 1644 1617 videatis3

81 1622 215 1663 causa
253 1621 352 1663 vero
385 1622 614 1677 ejusmodi,
665 1637 759 1677 quae
800 1622 1013 1663 beneficio
1054 1622 1180 1678 legis,
1221 1621 1476 1663 auctoritate
1509 1621 1645 1662 muni-

79 1678 194 1734 cipii,
233 1678 480 1720 testimonio
522 1678 702 1728 Luculli,
743 1678 900 1719 tabulis
941 1679 1126 1729 Metelli,
1162 1679 1475 1733 comprobetur,
1536 1678 1645 1726 Quae

81 1734 179 1776 cum
209 1734 270 1776 ita
300 1735 398 1786 sint,
429 1734 613 1791 petimus
644 1733 670 1774 ὲ
700 1734 837 1785 vobis,
863 1735 1053 1791 judices,
1094 1735 1129 1775 si
1160 1749 1245 1790 qua
1279 1749 1366 1776 non
1400 1733 1529 1776 modo
1565 1735 1645 1775 hu-

80 1806 220 1842 mana,
269 1790 414 1832 verum
455 1791 585 1832 etiam
623 1790 781 1842 divina,
831 1791 876 1832 in
923 1791 1056 1832 tantis
1101 1790 1285 1848 negotiis
1326 1790 1643 1832 commendatio

80 1848 211 1889 debet
249 1862 370 1898 esse3
419 1854 469 1889 ut
506 1862 618 1898 eum,
656 1847 732 1903 qui
770 1861 863 1899 vos,
905 1849 980 1904 qui
1019 1855 1184 1889 vestros
1226 1847 1517 1903 imperatores,
1569 1847 1643 1903 qui

80 1904 228 1959 populi
267 1903 454 1946 Romani
493 1919 560 1945 res
600 1911 745 1960 gestas
786 1919 954 1960 semper
988 1905 1165 1954 ornavit,
1207 1904 1282 1960 qui
1314 1904 1443 1945 etiam
1475 1905 1542 1944 his
1582 1919 1643 1945 re-
1668 1899 1718 1939 10

81 1961 276 2002 centibus
297 1960 456 2002 nostris
474 1961 713 2016 vestrisque
735 1960 984 2002 domesticis
1005 1961 1206 2017 periculis
1227 1968 1431 2002 aeternum
1450 1976 1496 2002 se
1527 1960 1644 2001 testi-

81 2017 272 2058 monium
293 2017 468 2058 laudum
489 2017 688 2057 daturum
709 2031 803 2057 esse
831 2019 1081 2073 profitetur;
1113 2018 1271 2074 quique
1302 2025 1369 2058 est
1397 2032 1449 2058 ex
1482 2031 1533 2058 eo
1565 2031 1643 2057 nu-

82 2087 213 2122 mero,
254 2073 327 2130 qui
369 2087 536 2128 semper
574 2073 690 2128 apud
721 2087 868 2114 omnes
900 2074 1037 2114 sancti
1068 2081 1167 2115 sunt
1198 2072 1334 2114 habiti
1364 2080 1492 2129 atque
1522 2072 1644 2124 dicti,

125 2255 154 2283 Ξ.
180 2251 370 2291 Amicorum]
417 2252 584 2287 Maximos,
608 2257 639 2283 et
661 2252 843 2282 auctoritate

81 2300 274 2336 praestantes‚
312 2295 421 2336 quales
452 2302 522 2325 sunt
549 2295 683 2330 Luculli,
705 2295 844 2334 Metelli,

81 2338 194 2368 amicos
211 2337 317 2368 habuit
334 2338 476 2370 Archias.

124 2381 172 2411 Ib.
199 2380 383 2421 Venustate]
432 2381 554 2411 Laudat
579 2380 726 2411 Archiam
753 2382 771 2412 ‘a
794 2391 846 2411 ve-

81 2429 203 2454 nustate
232 2430 265 2454 et
293 2424 450 2464 elegantia
473 2434 578 2454 eorum
601 2424 655 2464 qui
678 2423 788 2454 studiis
811 2429 844 2454 et

81 2466 205 2506 ingenio
220 2469 285 2506 ejus
301 2468 476 2506 capiuntur.

125 2514 156 2539 4.
179 2508 364 2539 Summarum
391 2509 566 2549 hominnm]
627 2508 769 2539 Blaximo
799 2509 844 2538 vir

82 2550 208 2591 ingenio
230 2552 363 2583 Archias
387 2553 548 2583 habendus
574 2555 632 2587 est,
659 2550 742 2591 quod
768 2552 843 2582 Ma-

82 2594 144 2628 riis,
168 2593 316 2631 Lucullis,
338 2595 492 2635 Metellis,
507 2595 553 2625 his
570 2594 662 2624 tantis
676 2594 759 2630 viris,
776 2595 844 2635 pla-

82 2647 152 2666 cere
169 2639 281 2676 potuit.

126 2680 155 2708 5.
181 2678 321 2719 Beneficio
345 2680 441 2722 legis]
488 2679 604 2710 Probat
629 2679 731 2710 valere
760 2679 842 2710 illius

81 2732 206 2752 causam
223 2728 286 2752 tum
309 2722 328 2751 a
349 2723 502 2754 beneficio
526 2722 604 2764 legis
627 2733 697 2764 quae
712 2723 731 2752 εὶ
746 2722 844 2752 Silva-

78 2775 120 2794 no
144 2769 176 2794 et
199 2764 343 2796 Carbone
366 2765 430 2796 lata
459 2771 526 2804 est3
563 2771 627 2797 turn
658 2766 844 2796 auctoritate

887 2253 1046 2295 municipii
1057 2253 1294 2292 Heracleensis3
1318 2260 1382 2285 tum
1398 2255 1571 2285 testimonio
1584 2255 1646 2285 Lu-

887 2296 974 2334 culli,
1001 2297 1055 2337 qui
1081 2308 1143 2327 non
1167 2298 1288 2337 opinari
1310 2308 1355 2333 se,
1387 2298 1440 2327 sed
1468 2298 1556 2334 scire,
1587 2299 1647 2330 &c.

887 2339 980 2377 dicit;
1005 2346 1067 2369 turn
1086 2339 1211 2370 Metelli
1226 2341 1350 2377 tabulis,
1366 2342 1450 2380 apud
1467 2351 1560 2382 quem
1577 2351 1647 2381 pro-

888 2382 986 2412 fessus
1000 2388 1056 2412 est.

929 2427 960 2455 7.
984 2425 1015 2454 Si
1031 2436 1088 2465 qua
1104 2436 1158 2455 non
1174 2425 1254 2455 mod&
1267 2426 1408 2464 humana,
1430 2425 1498 2466 δῖα]
1555 2425 1647 2456 Affir-

888 2468 1001 2498 manvi:
1017 2469 1082 2497 haec
1100 2468 1260 2508 particula,
1283 2468 1326 2505 Si,
1350 2468 1492 2508 ponitur-3
1517 2468 1596 2498 adeo
1615 2474 1647 2499 ut

888 2511 928 2540 sit
942 2510 993 2540 ille
1006 2522 1132 2541 sensus:
1157 2512 1422 2552 Quandoquidem
1434 2510 1564 2541 Archias
1580 2522 1646 2541 ves-

886 2558 948 2582 tros
963 2554 1173 2594 imperatores,
1197 2559 1257 2584 etc.
1282 2565 1404 2594 semper
1426 2555 1556 2587 ornavit,
1578 2553 1648 2593 dig-

886 2606 944 2625 nus
961 2603 1007 2626 est
1023 2597 1075 2636 qui
1092 2596 1192 2634 vobis,
1217 2607 1278 2626 non
1300 2596 1390 2627 modo
1406 2597 1445 2626 ab
1461 2595 1647 2631 hominibus,

887 2639 940 2668 sed
958 2639 997 2668 ab
1014 2638 1088 2679 ipsis
1104 2639 1175 2675 diis,
1198 2641 1441 2669 commendetur.

931 2683 982 2710 10.
1029 2681 1086 2712 His
1113 2682 1269 2712 recentibus
1296 2680 1459 2721 periculis]
1504 2679 1650 2711 Pericula

888 2722 939 2753 illa
967 2729 1049 2761 sunt,
1072 2724 1182 2766 quibus
1204 2725 1223 2754 ῑι
1243 2723 1379 2755 Catilina
1395 2723 1537 2764 Respub.
1552 2733 1649 2764 expo-

888 2766 948 2796 sita
962 2766 1031 2797 fuit.
