1790 3090
102 113 183 157 ]94
718 104 810 139 PRO
834 104 1024 144 ARCHIA,
1047 103 1207 139 POETA.

176 190 359 238 centem,
379 184 464 227 hoc
485 195 697 225 concursu
714 182 936 225 hominum
964 182 1367 235 literatissimorum,
1387 179 1475 224 hac
1493 182 1637 225 vestra
1665 179 1744 222 hu-

100 240 157 282 30
176 243 395 293 manitate,
416 242 501 282 hoc
522 240 707 296 denique
728 247 907 296 praetore
936 246 1163 282 exercente
1184 239 1414 296 judicium,
1437 238 1660 295 patiamini
1687 238 1742 279 de

175 299 330 342 studiis
350 296 630 339 humanitatis
652 311 703 338 ac
723 297 937 338 literarum
955 297 1082 353 paulo
1095 296 1215 353 loqui
1245 296 1447 347 liberius;
1479 302 1522 337 et
1542 295 1587 336 in
1601 302 1616 318 Ε
1629 296 1744 350 ejus-

174 356 293 398 modi
326 353 526 411 persomQ
563 368 658 409 quae
697 360 871 410 propter
903 354 1038 395 otium
1070 368 1121 394 ac
1155 352 1344 394 studium
1375 350 1572 394 fminime
1601 351 1645 392 in
1667 352 1742 413 ju-

176 413 301 455 diciis
323 411 610 467 periculisque
632 416 816 450 tractata
838 416 918 461 est,
939 410 1000 450 uti
1019 407 1152 465 prope
1169 423 1281 450 novo
1299 410 1487 465 quodam
1504 415 1548 449 et
1567 407 1742 448 inusrta-

175 477 219 511 to
241 467 607 525 generedicendi.
667 466 795 514 Quod
816 465 852 507 si
883 465 988 506 mihi
1012 465 1037 505 a
1057 465 1178 506 vobis
1209 465 1338 506 tribui
1361 464 1628 520 concedique
1649 478 1744 504 sen-

101 525 156 566 35
174 526 292 577 tiam,
324 524 545 581 perficiam
575 521 784 579 profecte,
818 529 866 563 ut
898 522 1013 563 hunc
1041 522 1094 561 A.
1125 520 1339 562 Licinium
1377 536 1464 563 non
1499 519 1627 562 modo
1655 533 1743 561 non

175 581 504 640 segregandum,
519 580 618 621 cum
631 580 688 620 sit
704 579 826 631 civis,
842 578 867 620 a
883 592 1058 620 numero
1073 577 1231 620 civium
1247 594 1258 630 ;
1279 579 1427 620 verum
1443 578 1586 631 etiam,
1604 576 1640 618 si
1656 590 1744 618 non

176 647 306 693 esset,
328 638 488 696 putetis
510 635 840 679 adsciscendum
861 636 1013 679 fuisse.

292 767 410 806 είιιίἱ.
582 762 829 817 ‘nunquam
848 763 1000 804 habuit
1019 762 1329 816 emperientiam
1339 761 1622 816 judiciorum.

219 937 273 966 ³29.
298 934 455 965 Hominum
470 934 758 975 literatissimm·1m1.]
816 933 941 964 Conve-
984 931 1020 967 ti,
1042 930 1127 972 quod
1151 942 1214 962 non
1238 931 1337 962 solum
1362 931 1497 968 Archiae,
1518 930 1625 962 verfitn
1651 930 1745 962 etiam

174 983 285 1008 nerant
312 979 351 1008 ad
379 977 456 1007 illud
482 976 637 1015 judicium
665 976 728 1006 fere
756 987 864 1006 omnes
895 975 939 1004 illi
984 974 1151 1010 literarum,
1165 975 1417 1018 literatorumque
1428 974 1683 1015 omnium,causa
1695 974 1746 1015 agi

174 1021 228 1065 qui
253 1021 400 1052 bonarum
425 1020 583 1050 literarum
606 1019 716 1050 studiis
740 1024 828 1050 erant
851 1017 941 1048 dedi·
984 1017 1155 1048 videretur.

824 1162 1104 1192 NARRATIO.

228 1270 288 1309 In
308 1269 385 1308 hac
407 1269 661 1308 narratione
683 1265 879 1306 describit
899 1266 1033 1305 vitam
1052 1264 1229 1305 Archiae
1247 1263 1273 1305 ἁ
1292 1266 1484 1318 quinque
1504 1265 1717 1318 capitibus
1730 1282 1744 1306 .·

173 1326 211 1365 1.
234 1325 259 1366 ιὶ
275 1326 458 1365 studiis:
491 1325 528 1363 2.
553 1323 577 1363 ὰ
589 1325 739 1376 patrici
756 1340 768 1363 .·
800 1323 842 1362 3.
863 1321 1019 1375 cifamci
1033 1339 1046 1362 .·
1079 1323 1116 1361 4.
1136 1323 1187 1361 ab
1201 1323 1390 1362 adventu
1403 1324 1497 1374 ejus
1509 1323 1558 1362 in
1577 1322 1744 1372 Urbem,

171 1388 213 1424 et
222 1383 535 1437 familiaritate
555 1395 652 1421 cum»
671 1381 777 1420 viris
798 1380 1047 1419 clarissimis
1060 1395 1073 1419 .·
1105 1379 1144 1418 5.
1167 1378 1192 1418 ci
1213 1380 1396 1420 civitate.

225 1494 285 1536 II.
316 1494 443 1544 Nam,
457 1499 505 1533 ut
521 1491 703 1548 primum
721 1506 773 1532 ex
789 1490 932 1546 pueris
947 1490 1136 1531 excessit
1149 1490 1349 1540 Archias,
1364 1496 1492 1546 atque
1506 1490 1560 1531 ab
1575 1489 1627 1531 iis
1644 1490 1743 1531 arti-

170 1549 266 1601 bus,
277 1550 433 1606 quibus
444 1556 547 1590 aetas
562 1548 734 1604 puerilis
745 1548 799 1588 ad
811 1546 1120 1602 humanitatem
1138 1546 1355 1587 informari
1373 1548 1552 1597 solet‚se
1568 1547 1742 1602 adseri?-

93 1657 119 1661 .‚
168 1605 303 1656 bendi
318 1607 506 1648 studium
520 1604 724 1655 contulit3
748 1603 1382 1660 primumAntiochiae(namibi
1397 1588 1744 1654 natusestjssl‘o‘cb

151 1660 322 1715 -1'10bili,
357 1663 514 1704 celebri
551 1661 768 1718 quondam
801 1660 918 1701 Urbe
960 1667 1003 1701 et
1042 1660 1237 1713 copiosa,
1275 1667 1404 1716 atque
1441 1659 1744 1702 eruditissimis

125 1726 152 1765 5
169 1720 417 1762 hominibus
436 1717 835 1774 liberalissimisque
863 1717 1015 1758 studiis
1044 1717 1252 1768 affluenti)
1274 1716 1467 1758 celeriter
1488 1717 1743 1759 antecellere

171 1777 371 1818 omnibus
400 1776 559 1831 ingenii
591 1773 731 1831 gloria
763 1773 971 1829 contigit:
1003 1775 1117 1829 pbst,
1135 1774 1178 1815 in
1210 1773 1373 1815 caeteris
1397 1773 1516 1814 Asiae
1546 1773 1742 1829 partibus

170 1841 424 1889 cunctaeque
461 1832 652 1882 Graeciae,
689 1831 753 1871 sic
789 1831 881 1885 ejus
917 1830 1127 1871 adventus
1163 1830 1474 1880 celebrabatur,
1506 1835 1554 1870 ut
1583 1829 1742 1872 famam

169 1889 333 1947 ingenii
351 1888 618 1945 exspectatio
636 1886 834 1934 hominis,
849 1887 1220 1941 exspectationem
1236 1886 1370 1942 ipsius
1385 1887 1593 1928 adventus
1609 1886 1742 1927 admi-

169 1948 378 2003 ratioque,
402 1952 633 2002 superaret.
694 1944 798 1985 Erat
827 1943 954 1984 ltalia
973 1949 1078 1984 tunc
1098 1944 1226 2000 plena
1246 1943 1497 1984 Graecarum
1518 1942 1670 1984 artium
1690 1958 1742 1985 ac

101 2009 151 2051 10
170 2004 517 2060 disciplinarum:
551 2000 778 2057 studiaque
800 2000 894 2041 haec
915 2006 959 2040 et
979 1999 1024 2040 in
1055 1999 1177 2042 Latio
1199 1998 1494 2042 vehementius
1514 2004 1607 2041 tum
1627 2000 1741 2042 cole-

857 2137 1049 2184 agemere.

216 2285 243 2312 1.
267 2281 308 2312 Iis
332 2280 470 2321 artibus]
516 2278 736 2315 Grammatica,
763 2278 927 2314 rhetorica,
971 2282 1045 2309 terae
1068 2278 1099 2308 in
1125 2277 1214 2308 Latio
1235 2278 1417 2309 floruerunt.
1460 2277 1584 2309 Latium
1611 2287 1739 2318 separa-

169 2325 284 2366 poesis,
322 2324 459 2359 historia,
497 2323 697 2363 geographia,
728 2326 807 2352 artes
846 2326 929 2356 sunt,
974 2327 1037 2351 tum
1054 2321 1112 2351 suit
1127 2323 1166 2351 ab
1182 2321 1296 2351 Italia:
1320 2332 1393 2351 nam
1417 2321 1561 2351 universa
1583 2320 1677 2350 Italia
1692 2321 1737 2351 sic

169 2368 280 2408 quibus
293 2368 331 2397 ad
348 2366 570 2397 humanitatem
583 2365 764 2395 excoluntur
779 2364 885 2399 animi,
897 2369 930 2394 et
973 2365 1186 2400 dividebatur,
1200 2369 1234 2394 ut
1248 2363 1314 2405 ejus
1330 2363 1455 2405 proprie
1465 2374 1534 2404 pars
1549 2363 1674 2393 Latium
1690 2363 1739 2392 di-

169 2410 257 2451 quasi
272 2421 383 2440 novam
399 2410 529 2439 formam
545 2408 714 2447 accipiunt.
974 2414 1094 2438 ceretur
1120 2407 1139 2437 ὁ,
1169 2407 1275 2437 Tiberi
1304 2418 1402 2447 usque
1434 2406 1471 2436 L.
1496 2406 1625 2436 millium
1654 2416 1738 2447 pass-

212 2456 243 2484 3.
268 2452 455 2493 Antiochia]
478 2451 648 2482 Antiochia
663 2451 733 2479 urbs
750 2449 848 2490 Syriae
863 2459 929 2478 me·
971 2450 1181 2490 longitudine,
1196 2449 1259 2490 qua
1281 2449 1313 2480 in
1337 2455 1424 2490 parte
1447 2448 1550 2479 Roma
1566 2449 1633 2478 fuit.
1679 2448 1738 2478 Al-

169 2496 308 2537 tropolis,
330 2505 422 2535 quam
448 2495 571 2530 Strabo,
595 2493 649 2523 lib.
674 2493 725 2522 16.
752 2491 770 2521 ὲ
795 2492 928 2522 Seleuco
973 2499 1038 2523 tera
1053 2503 1123 2533 pars
1146 2503 1260 2522 nomen
1277 2491 1447 2522 universale
1463 2491 1648 2526 retinuitflet
1670 2491 1737 2522 Ita·

169 2538 326 2569 Nicanore
342 2537 500 2568 conditam
517 2537 569 2567 ait.
971 2535 1012 2565 lia
1028 2536 1110 2566 dicta
1127 2540 1184 2565 est.
1229 2535 1313 2566 Hinc
1338 2535 1390 2564 alii
1415 2534 1529 2569 Latini,
1545 2533 1598 2564 alii
1622 2534 1735 2565 Italici.

212 2583 243 2612 9.
276 2581 444 2611 Graecarum
470 2579 607 2618 artium]
669 2578 718 2608 Ex
745 2577 870 2608 Graecia
895 2577 928 2607 in
972 2579 1088 2613 Tertia,
1105 2578 1211 2609 Gallia
1227 2578 1349 2609 citerior
1364 2577 1396 2607 in
1421 2577 1587 2617 provinciae
1607 2576 1736 2607 formam

168 2624 305 2660 Italiam,
320 2629 478 2664 tamquam
494 2634 532 2652 ex
546 2623 644 2656 fonte,
660 2631 767 2651 omnes
791 2626 870 2651 artes
894 2620 931 2650 li-
974 2622 1110 2652 redacta.
1154 2620 1320 2661 Hincjura
1332 2626 1474 2661 quatuor,
1487 2619 1737 2656 Provincialium,

168 2666 532 2707 beralesprofluxerunt;
556 2666 611 2696 sed
625 2663 754 2695 maxime
765 2669 836 2705 post
847 2674 932 2694 ever·
974 2664 1166 2699 Italicorum,
1190 2663 1382 2701 Latinorum,
1399 2663 1581 2701 Quiritium,
1603 2663 1669 2694 sive
1691 2663 1734 2695 ci-

170 2720 235 2741 sam
254 2709 487 2749 Carthaginem.
975 2707 1059 2739 vium
1076 2707 1172 2740 Rom.

213 2755 267 2784 10.
289 2752 327 2783 In
343 2752 455 2793 Latia]
501 2750 586 2783 Ante
607 2749 729 2783 Sociale
752 2749 934 2788 be11u1n,1i-
