1858 3095
576 142 629 175 IN
651 141 904 181 cAECILwM,
926 141 1184 177 DIVINATIO.
1669 151 1723 194 17

101 220 404 273 commiserati,
434 219 653 275 conqueri,
683 226 726 261 et
747 233 798 261 ex
817 219 931 260 illius
949 219 1112 262 invidi-ii
1133 221 1391 265 ddeonerare
1412 223 1590 280 aliquid,
1610 232 1655 269 et
1668 227 1726 269 10

103 280 147 321 in
169 286 210 321 te
233 279 442 335 trajicere,
473 276 679 339 coeperit3
710 290 1041 318 commemorare
1078 279 1303 333 quaestoris
1341 295 1439 322 cum
1474 288 1655 336 praetore

102 336 466 378 necessitudinem
483 340 776 384 constitutam,
807 347 966 374 morem
989 334 1209 389 majorum,
1231 336 1356 377 sortis
1378 336 1655 392 religionem;

99 394 336 448 poteris-ne
350 392 442 446 ejus
459 389 664 431 orationis
677 396 691 413 ⁰
705 389 843 430 subire
858 389 1063 432 invidiam
1080 392 1089 430 ?
1104 392 1212 434 Vide
1230 392 1370 441 modo,
1385 393 1513 434 etiam
1526 401 1657 451 atque

103 450 231 491 etiam
251 447 501 497 considera3
533 446 638 486 mihi
671 446 781 488 enirn
804 446 972 487 videtur
1003 448 1239 503 periculum
1260 450 1362 498 fore,
1393 464 1446 491 ne
1469 450 1539 491 ille
1570 464 1656 492 non

102 505 230 547 modo
241 504 380 545 verbis
394 511 435 544 te
445 504 610 554 obruat,
623 504 697 544 sed
709 511 833 559 gestu
849 503 956 558 ipso,
968 518 1018 544 ac
1033 511 1151 545 motu
1161 505 1350 561 corporis
1367 505 1578 562 fproestrin
1613 513 1657 550 at
1673 509 1722 550 15

100 563 235 604 aciem
251 560 412 616 ingenii
430 560 507 610 tui,
530 567 657 616 teque
676 560 729 601 ab
748 559 956 601 institutis
974 560 1058 601 tuis
1076 561 1501 618 cogitationibusque
1521 522 1611 605 ab&
1638 589 1657 597 -

101 626 183 660 cat.
244 618 388 673 Atque
405 617 584 672 hujusce
606 617 663 658 rei
680 616 894 672 judicium
909 617 1002 671 jam
1023 617 1229 658 continuo
1251 618 1375 660 video
1395 619 1600 662 futurum.

155 673 261 716 XII.
293 673 339 714 Si
363 673 475 714 enim
497 673 602 714 mihi
633 673 762 714 hodie
793 673 1050 728 respondere
1073 674 1127 714 ad
1149 673 1242 715 haec
1264 689 1360 731 quae
1385 675 1484 718 dico
1505 683 1658 732 potue-

101 731 186 782 ris,
216 730 252 771 si
273 730 354 771 ⁸ab
386 730 470 772 isto
490 730 613 780 libro,
646 743 773 786 quem
803 729 882 770 tibi
914 729 1119 785 magister
1149 730 1254 782 ludi,
1286 732 1434 774 nescio
1461 733 1572 789 quiS,
1603 747 1657 775 ex

98 787 248 829 alienis
288 787 552 828 orationibus
594 786 884 842 compositum
920 786 1054 836 dedit,
1086 787 1216 828 verbo
1256 798 1342 830 uno
1381 788 1656 831 discesseris:

99 858 228 900 posse
248 850 290 885 te
307 850 350 884 et
370 843 433 884 illi
455 857 628 899 quoque
643 843 813 898 judicio
841 856 927 883 non
944 842 1110 894 deesse,
1138 850 1181 884 et
1202 859 1344 886 causae
1369 852 1496 902 atque
1513 846 1658 888 officio

99 908 173 942 tuo
188 900 450 950 satisfacere,
467 900 716 941 arbitrabor.
777 899 854 940 Sin
870 914 1036 940 mecum
1054 899 1097 940 in
1113 899 1196 942 hac
1212 901 1456 957 prolusione
1474 902 1581 944 nihil
1594 903 1659 945 fu·
1699 908 1725 947 5

100 957 181 999 eris
202 974 213 1009 3
243 971 371 1012 quem
392 964 434 998 te
456 956 500 996 in
520 956 615 1012 ipsa
642 956 787 1013 pugna
817 971 913 997 cum
934 956 1138 997 acerrimo
1161 958 1403 1000 adversario
1426 959 1515 1000 fore
1537 966 1658 1015 pute-

97 1014 220 1055 mus?
252 1013 381 1055 Esto:
400 1014 493 1069 ipse
509 1013 617 1054 nihil
639 1022 718 1064 est,
750 1013 855 1054 nihil
875 1020 1043 1070 potest:
1066 1021 1110 1054 at
1125 1014 1242 1055 venit
1255 1022 1426 1070 paratus
1447 1029 1546 1056 cum
1559 1017 1659 1058 sub-

98 1070 380 1126 scriptoribus
393 1069 639 1112 exercitatis
656 1078 699 1111 et
712 1070 897 1111 disertis.
928 1069 1009 1111 Est
1023 1077 1166 1112 tamen
1188 1071 1271 1113 hoc
1287 1071 1449 1128 aliquid
1465 1088 1475 1114 z
1506 1078 1659 1114 tamet-

98 1126 135 1168 si
156 1141 242 1168 non
263 1134 329 1167 est
348 1127 467 1168 satis.
529 1126 745 1168 Omnibus
766 1127 880 1167 enirn
901 1127 1026 1168 rebus
1048 1127 1098 1177 is,
1117 1127 1190 1183 qui
1208 1128 1406 1184 princeps
1427 1128 1472 1169 in
1488 1129 1657 1186 agendo

100 1190 178 1232 est,
212 1183 509 1225 ornatissimus
542 1190 585 1224 et
619 1182 914 1239 paratissimus
937 1197 1031 1224 esse
1065 1184 1209 1225 debet.
1267 1184 1575 1227 Verumtamen
1610 1186 1657 1228 L.
1674 1191 1726 1234 10

99 1239 331 1295 Apuleium
371 1255 466 1281 esse
501 1239 628 1280 video
668 1239 909 1296 proximum
941 1240 1290 1296 subscriptorem,
1324 1241 1540 1283 hominem
1570 1256 1659 1284 non

98 1303 238 1346 aetate,
261 1296 337 1337 sed
372 1311 455 1336 usu
487 1295 661 1346 forensi,
694 1303 822 1351 atque
862 1295 1183 1345 exercitatione,
1215 1297 1410 1339 tironem.
1470 1298 1656 1350 Deinde,

99 1358 148 1393 ut
168 1352 333 1408 opinor,
355 1352 488 1393 habet
511 1351 744 1401 Allienum,
780 1352 896 1393 hunc
916 1359 1059 1393 tamen
1081 1351 1108 1392 ὲ
1128 1353 1368 1406 subselliis3
1399 1353 1474 1408 qui
1495 1354 1598 1409 quid
1613 1354 1660 1397 in

98 1408 283 1450 dicendo
303 1415 467 1465 posset,
488 1422 707 1464 nunquam
720 1407 824 1449 satis
838 1408 1004 1448 attendi
1020 1424 1029 1448 :
1047 1407 1091 1448 in
1104 1408 1330 1450 clamando
1344 1409 1519 1465 quidem
1532 1410 1658 1453 video

99 1480 197 1507 eum
218 1479 312 1506 esse
339 1464 450 1506 bene
481 1464 706 1506 robustum
734 1471 864 1521 atque
899 1463 1194 1506 exercitatum.
1255 1465 1305 1506 In
1325 1465 1411 1507 hoc
1441 1481 1540 1522 spes
1574 1473 1658 1509 tuae
1675 1473 1726 1516 15

98 1529 200 1563 suut
220 1536 368 1564 omnes
388 1539 396 1562 :
428 1521 513 1572 hic,
537 1521 574 1562 si
594 1528 642 1562 tu
656 1521 738 1562 eris
752 1528 873 1562 actor
888 1521 1166 1572 constitutus,
1184 1528 1325 1563 totum
1333 1521 1549 1578 judicium
1565 1538 1661 1566 sus-

98 1578 268 1620 tinebit.
327 1579 389 1620 At
404 1593 458 1619 ne
477 1577 514 1618 is
536 1577 710 1633 quidem
728 1577 894 1619 tantum
915 1578 1148 1620 contendet
1163 1578 1208 1619 in
1229 1578 1428 1630 dicendo,
1451 1579 1661 1635 quantum

97 1643 269 1691 potest:
302 1635 378 1676 sed
404 1635 604 1676 consulet
630 1634 747 1675 laudi
770 1641 812 1676 et
833 1634 1141 1676 existimationi
1162 1641 1276 1686 tuae3
1309 1642 1365 1684 et,
1396 1650 1449 1677 ex
1471 1651 1522 1677 eo
1543 1637 1661 1694 quod

98 1692 190 1748 ipse
210 1698 357 1748 potest
391 1692 436 1733 in
475 1691 676 1742 dicendo,
708 1691 978 1748 aliquantum
998 1691 1204 1743 remittet,
1236 1699 1285 1734 ut
1310 1698 1359 1734 tu
1378 1693 1553 1735 tandem
1583 1693 1661 1736 ali-

1379 1811 1395 1829 θ
1405 1810 1630 1850 sustinere.

127 1805 146 1830 ‘¹
159 1808 332 1860 coeperit
352 1807 594 1848 diminuere
614 1807 796 1860 aliquid,
817 1811 858 1847 et
878 1808 927 1847 in
948 1811 987 1847 te
1007 1807 1222 1848 deducere.

296 1861 310 1886 f
320 1864 569 1905 obtenebret.

143 1980 194 2007 12.
234 1976 346 2008 Morem
373 1977 543 2018 majorum]
610 1975 750 2017 Majores
775 1981 862 2007 veta-

99 2020 178 2050 bant
189 2020 207 2050 a
219 2025 371 2061 quaestore
387 2025 549 2060 praetorem
561 2020 709 2050 accusari.

789 1868 803 1885 ³
821 1864 871 1902 ab
891 1865 974 1904 ista
995 1865 1185 1905 oratione
1207 1862 1465 1919 composita.

904 1981 1004 2013 erant,
1019 1975 1073 2017 qui
1089 1976 1259 2007 accusatori
1281 1976 1526 2008 subscribebant.
1571 1977 1662 2008 Nulli

903 2024 1007 2050 autem
1033 2020 1080 2049 fas
1103 2024 1169 2050 erat
1188 2020 1389 2056 subscribere,
1406 2020 1467 2050 nisi
1489 2020 1620 2061 accepta.
1641 2021 1662 2051 εὶ

143 2062 192 2093 Ib.
228 2062 318 2093 Son-tis
351 2062 548 2104 religionem]
605 2062 734 2103 Religio
772 2062 861 2092 sortis
898 2062 1057 2102 judicibus
1072 2067 1237 2102 potestate.

100 2105 290 2135 sanctissima
316 2115 384 2135 esse
408 2105 555 2141 debebat,
569 2105 644 2145 quia
665 2110 746 2135 sorte
765 2105 861 2135 duce-

101 2149 212 2178 bantur
226 2148 431 2189 magistratus.

145 2194 196 2222 15.
222 2191 313 2222 Gestu
327 2200 360 2220 ac
374 2190 480 2230 motm]
526 2189 576 2220 Ita
599 2190 707 2220 laudat
722 2189 858 2220 Horten-

101 2234 190 2270 sium,
213 2239 247 2263 ut
273 2238 392 2274 pungat
414 2233 526 2263 etiarn:
552 2231 638 2272 cujus
662 2238 765 2273 gestus
788 2233 858 2273 plus

100 2277 238 2307 habebat
252 2277 336 2312 artis,
351 2275 445 2316 quam
461 2281 526 2305 erat
542 2276 615 2306 satis
628 2276 752 2306 oratori.

144 2321 175 2350 2.
197 2319 370 2361 Jstolibro.]
417 2318 589 2349 Continens
600 2319 705 2359 posuit
720 2329 774 2358 pro
787 2328 861 2348 con-

101 2368 209 2392 tento:
234 2362 310 2393 liber
335 2361 417 2392 enim
442 2362 581 2392 continet
603 2363 687 2402 quod
711 2361 860 2402 scripturn

101 2410 157 2436 est.

143 2448 193 2478 Ib.
217 2447 361 2489 Magister
389 2447 482 2488 ludi]
543 2446 788 2487 Ludi-magister
811 2446 858 2477 di-

103 2490 193 2527 citur,
226 2492 279 2532 qui
318 2491 431 2531 primas
468 2490 572 2520 literas
609 2490 713 2520 docet.
778 2490 860 2530 Ergo

101 2533 240 2564 libellum
272 2533 408 2574 aliquem
439 2532 611 2563 obsoletum
639 2532 795 2573 significat
816 2537 860 2562 at-

103 2576 207 2606 tulisse
244 2576 416 2614 Caecilium,
460 2576 544 2606 unde
581 2575 728 2617 magister
763 2576 862 2606 dicta-

103 2625 134 2648 ta
161 2618 262 2659 pueris
292 2623 474 2660 argumenta
506 2619 644 2659 praebere
677 2618 784 2648 solitus
815 2628 863 2648 es-

104 2666 160 2691 set.

148 2705 180 2736 5.
206 2703 244 2734 In
271 2704 324 2735 Mc
345 2704 535 2746 prolusione]
579 2703 706 2746 Nempe
727 2704 768 2735 de
790 2714 863 2736 con-

105 2747 263 2778 stituendo
278 2747 383 2778 Verris
399 2753 590 2781 accusatore.

149 2792 182 2823 7.
218 2791 291 2822 Cum
319 2791 577 2832 subscriptoribus]
636 2790 865 2833 Subscriptoren

948 2107 977 2135 9.
1004 2104 1064 2138 Qui
1074 2105 1232 2145 princeps]
1265 2104 1305 2134 Id
1320 2110 1378 2141 est,
1390 2104 1443 2145 qui
1458 2105 1570 2145 primas
1585 2105 1662 2146 egit,

901 2152 933 2177 et
945 2147 998 2187 qui
1011 2153 1170 2178 accusator
1183 2148 1284 2178 dictus
1300 2153 1357 2178 est.
1403 2147 1545 2184 Quatuor
1556 2154 1660 2178 autern

901 2190 987 2220 suere
1005 2195 1039 2220 ut
1055 2189 1233 2230 plurimum.

947 2235 996 2263 11.
1018 2232 1198 2274 Apuleium]
1254 2232 1406 2273 Apuleius
1429 2233 1565 2264 secundo
1590 2232 1662 2264 loco

901 2282 1060 2306 accusator
1075 2282 1131 2312 est,
1148 2286 1242 2306 senex
1265 2276 1317 2306 ille
1339 2276 1476 2317 quidem,
1491 2277 1546 2307 sed
1561 2277 1662 2318 impe·

905 2319 979 2348 ritus
995 2323 1105 2349 orator.

948 2363 1000 2393 13.
1023 2360 1198 2401 Allienum]
1243 2361 1386 2392 Allienus
1410 2360 1578 2392 minoribus
1593 2366 1662 2392 tan.

905 2403 969 2434 tnui
1000 2403 1128 2444 judiciis
1164 2403 1314 2434 interfuit.
1372 2404 1467 2440 Nam,
1490 2409 1569 2436 teste
1594 2404 1663 2435 No-

904 2446 968 2482 nio,
1003 2446 1148 2477 subsellia
1185 2453 1256 2477 sunt
1291 2447 1494 2483 tribunorum,
1530 2454 1663 2489 quaesto-

905 2499 983 2525 rum,
1013 2495 1046 2520 et
1078 2490 1229 2520 minorum
1257 2489 1416 2530 judicum,
1447 2489 1502 2531 qui
1537 2501 1598 2521 non
1628 2490 1661 2520 in

905 2532 988 2563 sellis
1022 2532 1190 2568 curulibus,
1228 2533 1284 2563 sed
1320 2532 1486 2569 subselliis,
1517 2533 1661 2563 conside-

904 2575 991 2605 bant.

950 2620 1002 2648 14.
1027 2618 1065 2648 In
1085 2619 1263 2660 clamanda]
1308 2618 1454 2649 Habebat
1467 2617 1519 2647 ille
1534 2617 1662 2658 quidem

906 2662 1124 2698 naturam,sed
1148 2672 1210 2692 non
1233 2661 1424 2696 facultatem,
1439 2659 1583 2701 adeoque
1598 2664 1667 2691 erat

907 2703 1067 2744 imperitus
1084 2708 1196 2736 orator.

952 2749 1004 2778 19.
1028 2747 1194 2788 Remittat]
1238 2746 1411 2778 Remittere
1434 2750 1482 2776 est
1496 2756 1559 2777 non
1571 2756 1665 2790 agere

909 2789 947 2820 ea
959 2790 1135 2832 diligentia,
1150 2797 1183 2822 et
1195 2789 1310 2827 studio,
1322 2799 1384 2830 quo
1404 2798 1460 2830 par
1475 2794 1533 2820 est.
1610 2788 1613 2791 ’
