1759 2997
81 127 169 172 516
621 129 842 165 soMNmM
867 129 1103 166 senicius,

80 216 226 253 autem
245 209 549 267 Carthaginem
569 207 622 250 de
643 210 830 263 excelso,
847 216 890 252 et
903 211 1029 267 pleno
1047 208 1283 262 stellarum,
1299 207 1456 251 illustri
1473 212 1518 250 et
1532 207 1646 250 claro

83 269 275 324 quodam
295 269 427 314 loco.)
460 267 528 307 Ad
545 281 673 322 quam
691 274 738 308 tu
756 268 1089 324 oppugnandam
1104 281 1219 308 nunc
1234 266 1355 308 venis
1371 280 1493 322 paene
1510 264 1647 317 miles,

83 325 198 367 hanc
218 326 301 366 hoc
322 324 493 364 biennio
516 324 668 364 consul
690 332 871 365 evertes:
904 324 1067 380 eritque
1089 338 1331 379 cognomen
1350 323 1394 364 id
1415 322 1493 364 tibi
1514 336 1588 377 per
1604 327 1649 362 te

86 390 269 438 partum,
291 380 404 436 quod
439 380 571 421 habes
604 380 746 421 adhuc
777 379 803 420 a
834 381 958 421 nobis
991 381 1317 422 haereditarium.
1380 379 1488 421 Cum
1508 385 1652 419 autem

89 437 396 493 Carthaginem
428 436 652 488 deleveris,
680 437 941 494 triumphum
973 437 1126 493 egeris,
1162 451 1399 493 censorque
1429 434 1576 486 fueris,
1608 439 1653 475 et

89 494 246 536 obieris
280 495 448 549 legatus
480 493 731 549 AEgyptum,
766 493 948 549 Syriam,
984 493 1148 542 Asiam,
1184 494 1420 543 Graeciam;
1462 489 1652 547 deligere

87 551 239 592 iterum
261 550 411 592 consul
428 550 599 601 absens,
617 551 861 606 bellumque
879 551 1110 592 maximum
1127 550 1352 597 conficies,
1374 548 1653 590 Numantiam

89 608 331 650 exscindes.
364 607 464 657 Sed,
484 607 582 648 cum
599 607 680 648 eris
699 622 824 649 curru
838 607 1101 663 Capitolium
1114 606 1326 658 invectus,
1340 606 1533 648 offendes
1547 617 1653 645 rem-

88 665 311 721 publicam
342 665 630 720 perturbatam
666 664 858 706 consiliis
890 664 1060 721 nepotis
1091 663 1188 705 mei.
1248 663 1332 705 Hic
1352 671 1413 713 tu,
1435 661 1654 711 Africane,

93 722 312 771 ostendas,
336 720 565 776 oportebit,
584 721 732 776 patriae
751 722 895 762 lumen
915 720 1060 772 animi,
1093 719 1270 776 ingenii,
1302 719 1555 775 consiliique
1577 717 1656 758 tui.

94 777 182 819 Sed
213 779 304 834 ejus
331 778 537 833 temporis
566 778 795 834 ancipitem
825 778 949 819 video
982 777 1104 833 quasi
1134 779 1317 818 fatorum
1340 777 1467 818 viam.
1527 775 1655 825 Nam,

93 834 191 875 cum
212 842 315 875 aetas
337 840 412 874 tua
433 842 635 890 septenos
652 834 787 876 octies
805 835 909 876 solis
926 836 1142 878 anfractus
1165 834 1411 890 reditusque
1433 838 1656 874 converte-

91 891 161 941 rit,
194 891 366 946 duoque
397 888 442 930 hi
474 890 652 939 numeri,
680 906 863 946 quorum
894 898 1074 946 uterque
1105 890 1273 945 plenus,
1306 891 1412 932 alter
1439 888 1573 930 altera
1600 888 1655 929 de

95 947 242 998 causa,
256 948 452 998 habetur,
467 946 647 988 circuitu
665 948 845 988 naturali
864 962 1073 988 summam
1085 947 1164 988 tibi
1181 947 1354 988 fatalem
1371 944 1656 995 confecerint3

92 1004 139 1045 in
167 1011 208 1046 te
241 1019 387 1054 unum,
419 1011 546 1059 atque
569 1003 612 1047 in
633 1010 754 1047 tuum
774 1018 945 1054 nomen,
977 1019 1022 1047 se
1044 1010 1136 1045 tota
1156 1010 1377 1045 convertet
1403 1002 1581 1052 civitas;
1613 1008 1656 1043 te

95 1068 282 1110 senatus,
314 1068 355 1101 te
388 1075 535 1101 omnes
556 1061 674 1112 boni,
702 1068 744 1102 te
770 1060 895 1112 socii,
922 1068 964 1102 te
985 1059 1141 1111 Latini,
1171 1060 1473 1102 intuebuntur:
1505 1065 1553 1100 tu
1573 1057 1656 1099 eris

94 1133 219 1168 unus,
254 1118 298 1158 in
331 1132 417 1173 quo
440 1117 600 1158 nitatur
620 1117 808 1158 civitatis
841 1118 982 1168 salus3
1014 1132 1079 1168 ac,
1100 1131 1154 1158 ne
1176 1118 1323 1168 multa,
1345 1116 1531 1158 dictator
1549 1129 1659 1156 rem-

94 1175 313 1230 publicam
334 1174 584 1225 constituas,
604 1182 787 1230 oportet,
805 1174 841 1215 si
858 1174 1010 1230 impias
1027 1173 1363 1231 propinquorum
1379 1187 1529 1214 manus
1551 1171 1658 1213 effu-

95 1246 225 1288 geris.

154 1288 240 1330 Hic
261 1288 357 1330 cum
377 1287 661 1330 exclamasset
674 1289 844 1340 Laelius,
858 1289 1256 1345 ingemuissentque
1274 1287 1416 1331 caeteri
1432 1287 1661 1329 vehemen-

96 1345 210 1396 tius;
240 1345 392 1387 leniter
413 1345 601 1386 arridens
625 1345 787 1402 Scipio,
812 1347 985 1398 Quaeso,
1018 1346 1173 1402 inquit,
1205 1361 1259 1388 ne
1279 1361 1347 1387 me
1368 1344 1391 1388 ὲ
1413 1359 1566 1390 somno
1587 1358 1660 1388 ex-

97 1402 256 1454 citetis,
277 1410 321 1443 et
341 1417 491 1458 parum
512 1403 658 1445 rebus:
691 1403 837 1444 audite
861 1410 1028 1445 caetera.

155 1459 239 1500 ΙΙΙ.
272 1459 372 1510 Sed,
389 1473 475 1515 quo
497 1459 570 1511 sis,
585 1460 804 1511 Africane,
827 1461 1006 1502 alacrior
1027 1460 1082 1502 ad
1102 1462 1332 1505 tutandum
1351 1457 1661 1515 rempublicam

97 1516 161 1558 sic
181 1516 364 1558 habeto:
397 1515 611 1567 omnibus,
629 1517 702 1572 qui
720 1517 903 1573 patriam
921 1517 1230 1570 conservarint,
1251 1516 1506 1574 adjuverint,
1532 1527 1662 1575 auxes,

96 1572 196 1624 rint,
215 1580 377 1614 certum
395 1588 489 1614 esse
507 1573 550 1613 in
565 1574 676 1615 coelo
694 1589 745 1614 ac
763 1574 988 1615 definitum
1003 1575 1162 1625 locum,
1179 1576 1253 1617 ubi
1269 1574 1383 1617 beati
1401 1587 1490 1614 aevo
1508 1583 1662 1625 sempl-

98 1636 219 1677 terno
241 1630 447 1671 fruantur.
507 1629 630 1671 Nihil
651 1637 717 1671 est
738 1631 853 1671 enim
868 1631 925 1671 illi
944 1631 1127 1687 principi
1147 1632 1243 1674 Deo
1266 1631 1339 1688 qui
1360 1644 1531 1672 omnem
1547 1629 1663 1673 huno

97 1687 306 1728 mundum
326 1686 450 1742 regit,
483 1688 601 1743 quod
633 1687 809 1743 quidem
830 1688 874 1728 in
894 1688 1017 1729 terris
1039 1689 1129 1738 fiat,
1151 1688 1386 1745 acceptiuS‚
1408 1686 1541 1743 quam
1562 1698 1663 1727 con-

101 1742 201 1784 cilia
224 1751 447 1799 coetusque
467 1743 689 1784 hominum
714 1744 810 1800 jure
845 1744 1012 1795 sociati,
1035 1761 1130 1800 quae
1160 1746 1355 1787 civitates
1384 1744 1665 1799 appellantur.

101 1798 261 1840 Harum
284 1808 473 1842 rectores
495 1809 537 1841 et
558 1808 894 1852 conservatores,
916 1801 1017 1842 hinc
1032 1801 1227 1856 profecti,
1250 1802 1335 1843 huc
1355 1807 1635 1841 revertuntur.

158 1855 241 1898 Hic
256 1871 352 1911 egO,
367 1856 446 1899 etsi
461 1871 574 1898 eram
588 1857 850 1912 perterritus,
860 1872 946 1897 non
959 1864 1048 1898 tam
1062 1865 1178 1899 metu
1191 1858 1355 1906 mortis,
1369 1855 1500 1913 quam
1512 1854 1664 1897 insidi-

100 1928 220 1954 arum
255 1912 280 1954 a
312 1912 431 1963 meis,
455 1914 632 1968 quaesivi
653 1920 810 1965 tamen,
832 1914 1046 1955 viveretne
1069 1915 1176 1969 ipse,
1209 1922 1252 1956 et
1274 1914 1434 1956 Paulus
1456 1920 1592 1970 pater,
1621 1916 1665 1953 et

101 1969 187 2020 alii,
210 1985 318 2026 quos
341 1984 419 2010 nos
442 1970 680 2010 exstinctos
702 1970 1015 2012 arbitraremur.
1076 1971 1214 2012 Immo
1236 1970 1350 2020 verb,
1381 1970 1534 2025 inquit,
1555 1969 1584 2010 ii
1602 1967 1664 2010 vi-

99 2033 219 2074 vunt,
242 2025 316 2083 qui
339 2041 391 2067 ex
412 2040 637 2082 corporum
657 2026 856 2078 vinculis,
873 2033 1093 2082 tamquam
1114 2027 1137 2068 ὲ
1159 2043 1344 2080 carcere,
1365 2027 1664 2069 evolaverunt:

100 2090 241 2124 vestra
257 2082 370 2134 vero,
390 2098 485 2139 quae
503 2083 659 2124 dicitur
674 2083 774 2133 vita,
793 2098 906 2125 mors
925 2092 1002 2126 est.
1035 2084 1151 2133 Quin
1167 2093 1215 2126 tu
1231 2084 1446 2141 adspicias
1463 2084 1518 2125 ad
1534 2091 1576 2125 te
1592 2097 1663 2124 ve-

99 2139 290 2181 nientem
312 2140 492 2181 Paulum
514 2147 691 2195 patrem.
752 2140 892 2188 Quem
921 2147 968 2181 ut
993 2140 1096 2192 vidi,
1129 2142 1329 2198 equidem
1348 2141 1435 2184 vim
1455 2141 1664 2196 lacryma·-

100 2211 190 2248 rum
212 2196 397 2252 profudi.
431 2197 508 2237 Ille
527 2208 684 2248 autem,
702 2212 769 2238 me
787 2198 1051 2254 complexus,
1068 2206 1196 2255 atque
1214 2199 1430 2249 osculans,
1447 2198 1548 2239 flere
1564 2212 1664 2254 pro-

101 2253 289 2310 hibebat.
334 2255 479 2309 Atque
499 2269 594 2310 ego,
615 2261 663 2295 ut.
684 2253 881 2309 primum,
901 2254 1006 2296 fietu
1027 2270 1232 2311 represso,
1249 2255 1368 2312 loqui
1383 2269 1513 2311 posse
1532 2254 1662 2310 coepi,

102 2309 275 2358 Quaeso,
307 2309 497 2366 inquam,
529 2318 648 2367 pater
675 2311 946 2352 sanctissime
977 2319 1104 2368 atque
1136 2313 1312 2369 optime,
1337 2311 1664 2368 quoniamhaeo

102 2374 170 2407 est
205 2367 293 2408 vita
330 2370 397 2418 (ut
429 2367 682 2408 Africanum
719 2367 847 2408 audio
887 2368 1064 2418 dicere),
1104 2370 1208 2425 quid
1247 2383 1389 2410 moror
1426 2368 1472 2421 in,
1508 2368 1661 2412 terris?

97 2421 206 2478 :quin
246 2424 330 2464 huc
366 2424 420 2464 ad
453 2438 529 2464 vos
568 2423 712 2465 venire
751 2425 962 2480 propero?
1022 2426 1123 2467 Non
1160 2433 1227 2467 est
1263 2426 1338 2477 ita,
1384 2424 1526 2488 inquit
1575 2424 1661 2467 ille.

101 2475 199 2520 Nisi
216 2479 337 2520 Deus
353 2479 403 2529 is,
420 2480 542 2535 cujus
561 2480 646 2521 hoc
666 2482 874 2536 templum
896 2488 962 2522 est
979 2496 1104 2524 omne
1126 2483 1242 2539 quod
1259 2483 1491 2538 conspicis,
1504 2481 1600 2527 istis
1617 2489 1661 2527 te

100 2536 292 2592 corporis
326 2537 533 2578 custodiis
565 2537 822 2589 liberaverit,
851 2537 934 2579 huc
964 2539 1043 2580 tibi
1064 2540 1207 2581 aditus
1227 2546 1372 2596 patere
1393 2552 1480 2593 non
1501 2546 1660 2595 potest.

101 2593 311 2650 {Ioniines
328 2592 442 2638 enim
458 2600 558 2634 sunt
572 2593 658 2635 hac
674 2594 769 2650 lege
787 2595 993 2650 generati,
1010 2595 1083 2651 qui
1099 2603 1315 2638 tuerentur
1329 2595 1448 2645 illuni
1466 2597 1660 2652 globum,

101 2664 229 2705 quem
260 2650 304 2691 in
336 2650 420 2691 hoc
451 2650 611 2705 templo
645 2651 833 2691 medium
864 2651 999 2704 vides,
1032 2668 1127 2708 quae
1157 2660 1268 2694 terra
1297 2652 1472 2704 dicitur3
1504 2653 1659 2709 hisque

99 2706 266 2764 animus
275 2708 400 2749 datus
411 2714 477 2749 est
489 2721 542 2748 ex
554 2707 639 2748 illis
650 2708 920 2764 sempiternis
933 2708 1220 2765 ignibus,quae
1230 2709 1371 2751 sidera
1379 2716 1422 2751 et
1433 2710 1660 2759 stellasvo-

94 2763 227 2822 catis3
248 2779 355 2822 quae,
369 2764 561 2822 globosae
574 2770 617 2821 et
629 2766 838 2819 rotundae,
852 2765 1008 2809 divinis
1025 2766 1222 2810 animatae
1235 2766 1467 2821 mentibus,
1474 2766 1661 2815 circulos
