1790 3090
76 140 163 184 298
786 139 837 171 IN
868 139 1085 173 nsoumi.

159 229 220 257 es.
281 216 352 256 An
381 220 428 256 tu
459 212 563 255 mihi
583 212 673 266 (cui
704 228 872 270 semper
901 215 961 256 ita
991 227 1238 271 persuasum
1267 214 1408 266 fuerit,
1429 227 1517 255 non
1536 216 1715 267 eventis,

159 272 235 314 sed
256 271 398 322 factis,
420 271 627 325 cujusque
648 270 861 312 fortunam
881 270 1121 327 ponderari,
1141 285 1281 327 neque
1301 272 1346 312 in
1365 270 1536 312 tabellis
1556 286 1715 327 pauco—

158 343 252 369 rum
275 328 488 384 judieum,
510 326 587 368 sed
617 326 662 367 in
693 327 917 369 sententiis
940 327 1130 369 omnium
1152 328 1321 380 civium,
1342 329 1498 370 famam
1529 336 1718 369 nostram

159 385 461 439 fortunamque
492 383 696 446 pendere)
716 390 757 425 te
788 384 1085 425 indemnatum
1105 383 1238 425 videri
1268 393 1407 441 putas,
1438 399 1566 440 quem
1595 384 1718 434 socii,

87 440 142 482 65
161 456 288 497 quem
309 441 522 491 foederati,
535 455 664 496 quem
683 440 805 481 liberi
827 440 987 496 populi,
1004 455 1131 496 quem
1145 441 1424 496 stipendiarii,
1442 456 1573 497 quem
1588 455 1721 497 nego·

161 498 351 546 tiatooes,
389 511 518 553 quem
548 496 782 552 publicani,
822 511 948 552 quem
979 496 1176 538 universa
1206 497 1373 549 civitas,
1412 512 1540 554 quem
1569 496 1718 552 legati,

161 569 290 610 quem
319 553 476 595 tribuni
507 553 722 604 militares,
746 567 873 609 quem
903 552 1053 609 reliqui
1084 553 1257 604 milites,
1279 555 1352 609 qui
1372 555 1541 606 ferrum,
1563 555 1636 609 qui
1657 553 1720 594 fa-

160 626 289 662 mem,
311 611 385 667 qui
406 619 587 651 mortem
604 609 861 666 effugerunt,
875 610 990 650 omni
1013 610 1204 651 cruciatu
1223 610 1522 667 dignissimum
1538 609 1720 666 putant?

162 668 231 709 cui
255 682 340 709 non
361 667 475 723 apud
506 673 718 717 senatum,
737 680 823 707 non
845 666 957 721 apud
979 667 1109 708 ullum
1130 666 1335 717 ordinem,
1354 682 1441 709 non
1470 667 1584 723 apud
1605 665 1723 722 equi-

86 723 142 766 70
163 731 228 766 tes
250 723 487 776 Romanos,
507 738 594 765 non
625 723 669 764 in
691 723 822 775 Urbe,
847 737 934 763 non
963 722 1006 763 in
1040 723 1181 774 Italia,
1201 723 1483 765 maximorum
1515 721 1722 764 scelerum

161 781 284 823 venia
305 782 392 822 ulla
412 781 467 821 ad
496 780 808 836 ignoscendum
828 779 919 820 dari
945 780 1115 835 possit?
1146 780 1220 836 qui
1242 796 1287 821 se
1309 780 1451 836 ipsum
1470 779 1623 830 oderit,
1645 778 1721 835 qui

160 844 328 879 metuat
346 852 509 888 omnes,
532 836 606 892 qui
626 851 748 877 suam
768 850 942 877 causam
973 836 1134 878 nemini
1164 838 1428 878 committere
1460 837 1630 887 audeat,
1649 835 1724 891 qui

162 909 209 935 se
239 894 330 949 ipse
362 893 647 934 condemnet?
707 893 941 948 Nunquam
971 907 1052 947 ego
1084 893 1336 948 sanguinem
1364 892 1551 948 expetivi
1578 900 1722 933 tuum:

160 964 383 1005 nunquam
413 949 519 989 illud
547 955 796 996 extremum,
819 948 934 1003 quod
965 956 1112 1003 posset
1142 964 1235 990 esse
1266 949 1471 1005 improbis
1503 956 1547 990 et
1575 948 1721 1005 probis

87 1006 143 1048 75
163 1021 406 1058 commune,
419 1005 676 1061 supplicium
687 1004 796 1060 legis
810 1004 1045 1059 aejudicii:
1077 1005 1154 1044 sed
1170 1006 1399 1059 abjectum,
1413 1011 1723 1060 contemptum,

163 1065 416 1118 despectum
447 1060 472 1102 ἒι
494 1061 672 1112 caeteris,
694 1060 717 1101 {1
748 1068 790 1101 te
821 1059 915 1116 ipso
937 1060 1206 1115 desperatum
1239 1068 1283 1101 et
1311 1060 1523 1112 relietum,
1544 1061 1725 1102 circum-

162 1126 430 1176 spectantem
446 1118 601 1167 omnia,
615 1116 825 1174 quidquid
841 1117 1125 1172 increpuisset
1140 1116 1726 1172 pertimescentem,diffiden-

161 1184 252 1218 tem
272 1176 358 1218 tuis
380 1176 519 1224 rebus,
535 1173 627 1215 sine
649 1189 769 1222 voce,
786 1172 878 1214 sine
895 1173 1106 1225 libertate,
1125 1172 1216 1214 sine
1238 1174 1508 1225 auctoritate,
1526 1173 1618 1215 sine
1635 1173 1725 1214 ulla

163 1233 309 1289 specie
330 1231 556 1281 consulari,
575 1231 831 1281 horrentem,
852 1237 1118 1281 trementem,
1140 1231 1385 1271 adulantem
1402 1245 1564 1282 omnes,
1581 1229 1724 1271 videre

90 1287 145 1331 80
165 1296 207 1331 te
228 1290 368 1331 volui:
392 1289 495 1331 vidi.
556 1286 714 1338 Quare,
737 1287 771 1328 si
791 1287 870 1328 tibi
892 1286 1093 1335 evenerit,
1115 1287 1228 1342 quod
1258 1286 1413 1328 metuis
1444 1302 1497 1328 ne
1529 1286 1725 1337 accidat3

165 1346 366 1403 equidem
386 1361 473 1387 non
492 1343 674 1386 moleste
696 1345 851 1385 feram:
884 1343 951 1384 sin
973 1342 1016 1383 id
1038 1343 1198 1384 tardius
1217 1343 1322 1386 forte
1343 1345 1430 1394 fiet,
1448 1344 1561 1384 fruar
1580 1351 1721 1384 tamen
1777 1340 1782 1343 ’

163 1404 238 1445 tua
270 1402 550 1457 indignitate3
583 1416 663 1442 nee
695 1400 836 1441 minus
872 1400 1055 1441 libenter
1081 1407 1342 1442 metuentem
1362 1401 1532 1451 videbo,
1553 1414 1606 1441 ne
1629 1414 1723 1441 reus

163 1461 259 1511 fias,
280 1459 411 1515 quam
440 1473 584 1510 reum;
614 1472 696 1499 nec
726 1456 865 1498 minus
896 1456 1089 1508 laetabor,
1111 1456 1208 1499 cum
1234 1463 1276 1499 te
1298 1471 1465 1513 semper
1491 1455 1724 1505 sordidum,

165 1516 296 1574 quam
317 1517 353 1559 si
373 1515 590 1573 paulisper
610 1514 875 1557 sordidatum
893 1512 1096 1556 viderem.

210 1702 263 1731 64.
284 1700 385 1741 Socii]
432 1700 515 1732 Socii
535 1699 581 1730 illi
604 1699 711 1741 populi
731 1699 923 1738 dicebantur,
969 1708 1030 1738 que
1045 1698 1128 1740 leges
1142 1698 1369 1741 accipiebant&
1383 1699 1499 1740 populo
1512 1697 1607 1731 Rom.
1622 1708 1725 1740 neque

165 1744 361 1784 quibuscum,
385 1743 482 1783 aequis
512 1743 754 1780 conditionibus,
776 1749 808 1774 et
831 1753 923 1784 aequo
967 1741 1003 1771 iis
1021 1742 1152 1783 populus
1171 1741 1324 1782 Rom.jus
1341 1742 1476 1774 dicebat.

162 1786 246 1827 jure,
262 1797 295 1816 se
311 1785 447 1816 Romani
462 1786 707 1826 adstringebant.
1011 1783 1061 1816 Ib.
1083 1784 1298 1826 Stipendiarii]
1322 1784 1522 1826 Stipendiarii
1533 1784 1642 1826 populi
1651 1784 1727 1815 dicti

212 1830 264 1860 65.
290 1829 462 1870 Faederati.]
485 1828 638 1858 Foederati
653 1839 714 1858 non
730 1829 925 1868 distinguun-
969 1833 1050 1866 sunt,
1060 1828 1114 1868 qui
1123 1829 1240 1868 aliquid
1253 1828 1370 1869 populo
1378 1827 1524 1857 Romano
1535 1828 1727 1867 pendebant.

167 1877 217 1903 tur
232 1873 250 1903 εἴ
267 1873 368 1908 sociis,
383 1871 439 1902 nisi
455 1871 538 1912 quod
556 1871 672 1912 aliquid
684 1882 721 1901 ex
737 1871 852 1901 foedere
869 1881 926 1911 po·
1017 1873 1069 1901 83.
1091 1870 1204 1911 Semper
1218 1871 1392 1910 sordidum]
1436 1871 1602 1900 Sordidum
1618 1869 1668 1900 hic
1681 1871 1729 1900 in-

164 1915 242 1956 pulo
256 1915 401 1945 Romano
416 1915 577 1946 deberent.
624 1914 718 1944 Verbi
735 1915 843 1954 gratie,
857 1914 926 1944 mit·
974 1914 1153 1954 telligit‚qui
1164 1914 1195 1944 in
1207 1914 1349 1944 lamentis
1360 1919 1392 1943 et
1404 1913 1488 1943 luctu
1500 1912 1724 1953 semperjacet.

166 1960 277 1989 tebant
293 1958 416 1994 auxilia,
433 1968 533 1998 eaque
556 1963 681 1998 sumptu
705 1957 840 1999 proprio,
856 1956 925 1988 cum
1012 1958 1065 1989 84.
1089 1956 1302 1996 Sordidatum]
1335 1955 1534 1986 sordidatum
1550 1954 1620 1986 vero
1636 1957 1729 1986 intel-

166 2012 215 2032 res
230 2001 384 2040 exigebat.
970 1999 1050 2040 ligii,
1067 1999 1120 2040 qui
1136 1999 1282 2029 obsoletis
1294 1998 1429 2028 vestibus
1445 2009 1513 2028 reus
1529 1997 1658 2030 amictus
1671 2004 1730 2036 est,

211 2043 261 2075 lb.
286 2042 407 2083 Liberi]
451 2042 554 2074 Liberi
568 2043 678 2086 populi
693 2048 790 2081 eraut,
806 2043 858 2085 qui
873 2054 928 2074 ue-
972 2044 1011 2074 ad
1024 2042 1262 2074 misericordiam
1277 2042 1308 2072 in
1325 2051 1358 2072 se
1371 2041 1577 2075 excitandam.
