1858 3095
718 137 809 172 mio
833 136 1045 172 munem.
1662 130 1742 179 187

97 215 296 268 interfici,
309 215 385 258 sed
399 215 649 257 vicilantem
666 216 888 258 consulem
904 216 957 257 de
970 214 1094 271 Reip.
1110 213 1311 271 praesidio
1329 212 1570 266 demovere,
1588 226 1661 257 vo-

99 273 214 314 lunt:
246 288 326 315 nec
346 252 483 314 minffs
507 272 679 320 vellent,
711 272 837 323 Cato,
868 280 910 314 te
940 286 1112 328 quoque
1133 272 1275 328 aliquit
1295 270 1476 322 ratione,
1507 272 1541 311 si
1564 286 1662 326 pos·
1681 272 1737 312 50

100 338 212 380 sent,
242 330 437 379 btollere3
468 329 511 369 id
534 329 650 384 quod
672 328 795 383 (mihi
817 329 963 379 crede)
994 337 1037 369 et
1063 337 1197 383 agunt
1217 336 1259 370 et
1280 328 1525 369 moliuntur.
1586 326 1663 367 Vi-

102 386 205 427 dent
224 394 430 442 quantum
451 386 493 426 in
515 393 557 425 te
580 385 636 425 sit
655 385 801 435 animi,
833 392 1040 441 quantum
1072 385 1249 441 ingenii,
1282 391 1490 440 quantum
1511 390 1663 425 aucto-

100 442 254 491 ritatis,
277 449 484 498 quantum
498 441 685 497 Reipub.
707 441 915 497 praesidii:
948 442 1040 493 sed,
1063 441 1159 482 cum
1178 440 1391 482 consulari
1406 440 1663 482 auctoritate

103 506 147 540 et
180 498 338 539 auxilio
373 498 600 553 spoliatam
635 498 720 538 vim
756 498 1028 539 tribuniciam
1060 497 1257 547 viderint,
1294 504 1385 537 tum
1418 511 1463 537 se
1496 495 1663 537 facilins

101 554 304 596 inermem
324 562 368 595 et
388 555 659 596 debilitatum
676 562 717 596 te
737 569 1014 610 oppressuros
1031 554 1312 603 arbitrantur3
1345 567 1457 603 nam,
1479 567 1532 594 ne
1549 552 1664 594 suffi-
1682 554 1738 594 55

101 611 238 652 ciatur
256 611 421 660 consul,
444 625 529 652 non
545 611 714 652 timent:
746 611 893 652 vident
913 612 956 651 in
979 619 1148 651 tuorum
1167 616 1381 665 potestate
1404 609 1666 665 collegarum

103 667 216 707 sore:
249 674 436 722 sperant,
469 668 550 708 sibi
573 667 782 717 Silanum,
814 667 974 708 clarum
995 667 1146 716 virum,
1178 664 1271 706 siue
1294 665 1479 720 collegii,
1510 673 1551 706 te
1574 665 1664 707 sine

103 724 296 774 consule,
314 724 526 780 Rempub.
548 724 639 766 sine
657 723 871 779 praesidio,
886 723 1016 779 objici
1035 737 1176 779 posse.
1218 721 1297 762 His
1314 723 1444 763 tantis
1461 722 1503 761 in
1524 722 1665 773 rebus,

102 779 322 836 tantisque
355 781 400 820 in
434 780 648 836 periculis,
680 787 746 820 est
777 787 912 831 tuum,
947 780 1010 820 M.
1043 779 1169 829 Cato,
1202 778 1275 834 qui
1309 793 1395 819 non
1429 777 1546 828 mihi,
1580 792 1668 819 non

103 835 196 886 tibi,
228 836 306 876 sed
328 836 471 892 patriae
493 844 617 877 natus
640 851 699 886 es,
731 836 873 877 videre
895 837 999 892 quid
1021 843 1186 892 agatur,
1216 834 1394 876 retinere
1411 835 1667 890 adjutorem,
1686 836 1741 877 60

105 891 389 943 defensorem,
421 892 586 933 socium
615 893 659 933 in
680 892 918 948 republica,
952 893 1173 934 consulem
1193 905 1278 931 non
1298 891 1540 946 ccupidum,
1567 905 1668 932 eon-

103 949 241 989 sulem
271 949 407 1004 (quod
438 948 622 991 maxime
653 956 821 1005 tempus
841 949 925 991 hoc
944 949 1152 1005 postulat)
1184 947 1357 989 fortun-21
1385 948 1669 988 constitutum

106 1005 162 1046 ad
182 1019 249 1045 am
282 1005 511 1046 lexandum
533 1007 683 1057 otium,
715 1005 899 1047 scientia
920 1007 976 1047 ad
996 1006 1154 1046 bellum
1183 1004 1430 1060 gerendum,
1464 1004 1604 1044 animo
1626 1011 1671 1045 et

105 1075 187 1102 usu
208 1020 402 1117 adpquod
422 1062 524 1102 velis
557 1062 790 1118 negotium.
872 1061 1145 1118 Quamquam
1176 1061 1353 1115 hujusce
1385 1061 1444 1101 rei
1476 1067 1670 1116 potestas

109 1117 248 1158 omnis
270 1117 314 1159 in
334 1118 457 1159 vobis
480 1118 564 1159 sita
583 1119 864 1175 est,judices:
897 1126 1032 1160 totam
1046 1118 1258 1173 Rempub.
1278 1132 1354 1158 vos
1372 1117 1414 1157 in
1432 1116 1516 1158 hac
1537 1116 1669 1158 causti
1689 1118 1743 1160 65

108 1173 281 1226 tenetis,
311 1188 386 1214 vos
409 1175 669 1230 gubernatis.
733 1174 778 1215 Si
801 1175 846 1216 L.
868 1175 1068 1225 Catilina,
1100 1189 1199 1215 cum
1219 1188 1297 1214 suo
1318 1173 1531 1214 dconcilio
1553 1173 1670 1214 nefa-

107 1230 266 1271 riorum
287 1230 508 1271 hominum
529 1246 639 1286 quos
660 1245 807 1273 secum
827 1231 989 1282 eduxit,
1018 1231 1102 1272 hac
1134 1231 1186 1272 de
1215 1245 1258 1271 re
1290 1238 1437 1285 posset
1460 1230 1671 1284 judicare,

109 1286 414 1328 condemnaret
447 1287 492 1328 L.
516 1287 768 1329 Murenam:
796 1288 832 1327 si
863 1288 1100 1329 interficere
1128 1294 1288 1342 posset,
1326 1286 1567 1337 occideret3
1597 1300 1673 1342 pe-

109 1349 207 1383 tunt
227 1342 341 1383 enim
372 1342 558 1384 rationes
588 1343 717 1394 illius,
749 1351 797 1385 ut
825 1345 997 1385 orbetur
1027 1343 1186 1384 auxilio
1218 1342 1351 1398 Resp.
1381 1349 1430 1383 ut
1458 1342 1674 1383 minuatur

110 1405 261 1440 contra
297 1413 423 1440 suum
460 1399 646 1441 furorem
686 1399 988 1455 imperatorum
1033 1400 1181 1455 copia3
1230 1405 1279 1440 ut
1316 1399 1452 1453 major
1489 1398 1672 1439 facultas
1691 1401 1746 1441 70

110 1455 292 1496 tribunis
327 1455 466 1511 plebis
499 1456 622 1498 detur
651 1456 851 1512 (depulso
883 1457 1146 1507 adversario)
1177 1454 1401 1496 seditionis
1430 1469 1482 1496 ac
1512 1454 1675 1495 discor-

111 1510 196 1552 ‹liae
213 1512 497 1553 concitandae.
547 1512 742 1554 Idem-ne
763 1513 893 1569 igitur
912 1513 1067 1554 delecti
1090 1511 1367 1568 amplissimis
1385 1526 1435 1552 ex
1453 1510 1675 1553 ordinibus

109 1567 403 1609 honestissimi
425 1576 554 1625 atque
577 1569 881 1625 sapientissimi
901 1570 977 1610 viri
993 1569 1267 1626 judicabunt,
1290 1568 1406 1624 quod
1428 1567 1500 1608 ille
1519 1567 1676 1623 impor-

109 1624 364 1666 tunissimus
401 1625 628 1681 gladiator,
668 1626 805 1667 hostis
840 1626 1028 1682 Reipub.
1053 1624 1292 1682 judicaret?
1353 1624 1466 1665 Mihi
1498 1624 1675 1674 credite,

106 1680 304 1737 judices:
337 1680 380 1721 in
408 1681 493 1723 hac
524 1681 672 1730 causa,
702 1697 789 1723 non
821 1681 958 1723 solum
986 1682 1039 1723 de
1072 1682 1119 1722 L.
1142 1681 1349 1729 Murenae,
1379 1679 1524 1722 verum
1546 1681 1675 1721 etiam
1695 1684 1749 1724 75

113 1737 168 1778 de
189 1736 332 1779 vestra
352 1738 490 1779 salute
512 1738 769 1780 sententiam
790 1738 960 1781 feretis:
993 1739 1036 1779 in
1059 1738 1287 1779 discrimen
1308 1743 1544 1779 extremum
1559 1736 1679 1778 veni-

112 1808 235 1845 mus3
265 1794 373 1835 nihil
390 1801 456 1835 est
468 1796 561 1851 jam
581 1795 695 1837 unde
716 1810 796 1837 nos
818 1796 1075 1847 reficiamus,
1097 1801 1173 1836 aut
1191 1794 1263 1835 ubi
1283 1793 1392 1850 lapsi
1415 1794 1677 1835 resistamus.

112 1849 214 1894 Non
234 1851 375 1892 solum
395 1851 630 1893 minuenda
647 1866 735 1893 non
755 1859 855 1894 sunt
873 1853 1029 1894 auxilia
1048 1867 1145 1908 quae
1171 1851 1378 1892 habemus
1394 1866 1406 1901 3
1441 1851 1517 1891 sed
1548 1850 1680 1891 etiam

112 1921 240 1959 nova,
257 1906 293 1948 si
307 1907 398 1949 fieri
415 1908 568 1964 possit,
587 1910 899 1966 comparanda:
932 1908 1071 1950 hostis
1093 1915 1159 1950 est
1175 1907 1301 1958 enim,
1319 1922 1404 1948 non
1423 1907 1537 1963 apud
1548 1907 1679 1948 Anie-

113 1977 227 2018 nem,
257 1964 375 2020 quod
411 1965 524 2007 bello
560 1965 728 2009 Punico
759 1966 1059 2023 gravissimum
1087 1965 1226 2008 visum
1256 1970 1336 2016 est,
1368 1963 1446 2006 sed
1471 1963 1517 2005 in
1547 1963 1679 2016 Urbe,
1698 1965 1753 2008 80

310 2145 530 2189 *occider-e.
829 2154 1044 2190 cavarum.
1331 2143 1484 2188 ἀραία.

159 2329 213 2360 54.
236 2327 394 2369 Spoliatam
408 2330 467 2360 vim
481 2328 695 2370 tribuniciam]
749 2328 878 2361 Pericu·
964 2332 1017 2361 71.
1043 2329 1177 2360 Tribunis
1188 2327 1305 2369 plebis]
1349 2326 1479 2358 Tribuni
1495 2325 1607 2367 plebis,
1624 2326 1680 2367 qui

117 2370 180 2402 lum
209 2371 339 2403 Catonis
368 2382 437 2403 curn
465 2373 606 2403 Murenae
637 2372 775 2413 periculo
804 2383 878 2404 con·
921 2374 1091 2404 seditiones
1107 2373 1283 2407 moliuntur,
1297 2370 1419 2401 facilius
1435 2369 1598 2401 adexiturn
1610 2379 1682 2410 per-

111 2413 232 2456 jungit3
257 2426 342 2451 nam,
364 2416 388 2445 si
403 2416 567 2446 damnetur
587 2415 733 2452 Murena,
756 2416 880 2446 dabitur
921 2416 1037 2448 niciosa
1052 2427 1108 2447 sua
1123 2415 1251 2447 consilia
1263 2415 1450 2455 perducent,
1474 2413 1500 2443 si
1513 2412 1680 2443 Murenam

117 2458 239 2488 occasio
269 2458 457 2489 Catilinariis
480 2458 632 2489 Catonern
659 2459 876 2500 opprimendi:
921 2460 1111 2491 &consulatu
1125 2462 1315 2489 removeant.

120 2510 192 2530 nam
212 2500 275 2542 ipsi
296 2501 402 2532 consul
418 2512 481 2532 non
497 2502 618 2538 aderit3
640 2512 711 2532 nam
728 2502 759 2532 in
774 2502 876 2533 locum
963 2505 1016 2533 79.
1039 2504 1126 2542 Apud
1142 2500 1306 2540 Anienem]
1352 2497 1444 2530 Bello
1460 2498 1598 2529 secundo
1616 2496 1679 2526 Pu-

121 2541 264 2574 Murenae
293 2544 395 2574 nullus
429 2545 630 2575 substituetur
662 2544 741 2575 alius
773 2545 876 2575 invitis
919 2547 1001 2582 nico,
1028 2545 1098 2577 cnm
1121 2545 1263 2586 Capuam
1293 2543 1343 2573 Μ.
1365 2541 1489 2572 Fulvius
1513 2540 1679 2575 obsideret,

121 2586 262 2624 tribunis,
285 2587 359 2627 quia
380 2587 598 2618 intercessione
611 2586 667 2617 sua
681 2587 805 2618 comitia
819 2589 878 2618 irn-
920 2589 1089 2623 Hannibal,
1119 2594 1153 2618 ut
1176 2598 1246 2618 eum
1269 2592 1368 2617 castra
1395 2594 1517 2614 movere
1540 2587 1677 2622 cogeret,

120 2627 270 2668 pedient;
292 2636 324 2660 et
348 2630 392 2660 sic
415 2630 519 2660 Silano
545 2629 603 2660 sibi
624 2631 767 2661 sumendi
781 2630 876 2663 colle·
918 2631 1018 2663 subit&
1031 2631 1192 2662 consilium
1207 2631 1293 2671 cepit
1307 2629 1346 2658 ad
1371 2627 1486 2657 Urbem
1509 2625 1678 2672 exercitum

122 2680 193 2711 gam
208 2676 394 2711 potestatem
410 2673 562 2704 auferent.
920 2675 1097 2706 adducendi
1108 2686 1118 2713 3
1138 2674 1245 2715 itaque
1257 2676 1355 2704 castra
1366 2668 1478 2700 locavit
1492 2668 1532 2698 ad
1549 2667 1678 2698 fluvium

163 2715 218 2744 68.
239 2713 350 2745 Petunt
375 2716 478 2757 enim.]
539 2715 700 2757 Conjurati
728 2721 878 2749 conantur
919 2717 1089 2754 Anienem,
1118 2718 1157 2748 ad
1186 2717 1309 2747 tertium
1337 2713 1376 2744 ab
1412 2711 1498 2743 Urbe
1526 2710 1679 2753 lapidem,

119 2756 251 2797 perdere
265 2767 348 2796 eum,
370 2763 402 2790 et
415 2759 552 2791 fortunas
567 2764 599 2792 et
611 2759 804 2800 dignitatem·
921 2761 1006 2794 Vide
1022 2760 1157 2798 Livium,
1179 2759 1234 2791 lib.
1251 2761 1304 2791 26.
