1858 3095
685 186 737 220 IN
760 184 1019 220 CATILINAM
1047 186 1076 219 1.

778 332 971 361 PARTES

341 412 426 447 tres
443 409 565 455 mint,
588 403 847 452 Ewrdiam,
874 401 1118 453 contentio,
1140 408 1180 444 et
1200 404 1437 446 Peroratio.

767 529 1006 557 EVENTUs

170 609 401 651 Commovit
421 611 554 647 totum
577 610 794 653 senatum,
816 611 857 647 et
877 608 1039 659 equites
1059 607 1134 657 qui
1156 605 1368 650 aderant‚·
1403 617 1569 645 necnon
1593 604 1672 645 Ca-

112 668 298 714 tilinam,
309 664 537 718 furiosum
558 665 656 704 licet
675 667 717 703 et
737 663 958 711 audacem,
978 663 1236 714 perterruit.

805 784 994 815 GENU&

167 874 390 917 Assentior
410 873 468 915 M
467 878 588 915 ureto
609 876 700 926 qui,
718 877 868 913 contra
889 874 996 914 alios
1017 872 1117 914 bene
1137 875 1292 914 multos
1309 872 1526 914 Ciceronis
1542 875 1676 914 inter-

40 925 64 938 ”
107 937 266 987 pretes,
287 936 419 985 negat
438 945 526 973 esse
546 932 611 972 vel
630 932 679 971 in
704 944 861 982 genere
881 930 1104 981 judiciali,
1126 933 1231 984 quia
1251 932 1300 970 in
1320 935 1479 971 senatu
1499 931 1676 982 judicia

109 1003 196 1031 non
219 989 524 1034 exercebantur
540 1005 553 1035 ;
585 989 651 1028 iet
670 989 718 1027 in
733 1001 890 1040 genere
906 987 1204 1035 deliberatam,-
1237 1002 1326 1027 non
1341 989 1457 1027 enim
1472 988 1676 1028 deliberat

114 1044 443 1104 Cicero‚‘eque
469 1046 727 1086 sententiam
759 1045 876 1091 dicit,
907 1048 987 1084 aut
1017 1046 1172 1086 suadet
1203 1045 1455 1097 quidquam,
1479 1049 1559 1084 aut
1591 1045 1675 1085 dis-

110 1103 292 1149 suadet,·
324 1103 398 1143 sed
424 1100 664 1142 Catilinam
694 1102 912 1153 erogitat:
945 1106 1089 1153 estque
1114 1103 1256 1156 potins
1288 1103 1524 1154 increpatio
1558 1102 1675 1142 velze-

42 1150 53 1160 ⁴
112 1171 246 1216 mens,
268 1157 396 1212 quiim
417 1159 661 1198 deliberatio
683 1162 764 1198 aut
785 1159 1013 1198 accusatio.

764 1414 1015 1446 EXORDIUM

47 1547 86 1587 a.
112 1505 357 1559 Abruptum
388 1508 451 1545 est
471 1509 513 1546 et
531 1506 850 1562 inflammatum
871 1506 896 1548 ἁ
921 1497 1132 1548 Catilinae
1147 1507 1388 1561 prcesentid
1409 1511 1450 1549 et
1479 1509 1676 1550 audacia.

744 1629 1050 1660 CONTENTIO.

164 1723 300 1764 Hanc
303 1722 422 1778 facit
434 1722 560 1776 quasi
568 1723 912 1776 propositionem.
952 1723 1146 1765 Catilina
1160 1723 1335 1764 debeteoe
1348 1723 1458 1764 Urbe
1470 1724 1681 1768 discedere

114 1782 180 1822 vel
200 1782 248 1821 in
269 1780 482 1828 eoesilium,
503 1780 570 1820 vel
598 1780 648 1820 in
673 1784 817 1820 castra
838 1780 895 1821 M
895 1781 1019 1830 anlii,
1042 1794 1130 1821 non
1151 1781 1248 1831 jam
1267 1781 1480 1836 interfici:
1514 1781 1552 1820 1.
1575 1784 1681 1834 quia

111 1841 233 1891 patet
253 1837 512 1889 conjuratio,
529 1840 570 1877 et
585 1838 717 1877 totius
738 1839 840 1878 vitce
859 1839 970 1878 ratio
988 1855 1000 1878 .·
1032 1838 1070 1876 2.
1093 1839 1198 1890 quia
1217 1836 1426 1878 Catilinoe
1441 1840 1680 1891 optandum

113 1909 200 1937 esse
220 1895 337 1935 debet
366 1894 423 1934 ad
451 1897 595 1934 castra
620 1894 785 1934 Manlii
810 1896 1048 1951 proficisci.-
1080 1895 1118 1934 3.
1141 1895 1244 1947 quia
1275 1895 1543 1948 Reipublicoe
1572 1898 1680 1937 utile

117 1956 178 1992 est
197 1965 294 1992 eum
315 1964 405 1992 non
424 1951 623 2006 interfici.

182 2075 218 2116 Ι,
250 2074 583 2124 QUOUSQUE
603 2075 777 2118 tandem
808 2077 999 2129 abutere,
1014 2077 1216 2129 Catilina,
1234 2077 1468 2133 apatientia
1496 2077 1677 2119 nostra?

121 2131 329 2188 quamdiu
364 2131 496 2173 etiam
526 2131 644 2173 furor
682 2133 764 2174 iste
804 2140 904 2174 tuus
939 2149 1018 2175 nos
1056 2134 1231 2175 eludet?
1263 2135 1416 2190 bquem
1455 2135 1510 2176 ad
1549 2135 1680 2176 finem

682 2259 1116 2289 rNTERPRETATlo.

538 2346 801 2386 2ιὀἰεναηίίἅ.
1003 2346 1262 2400 bquousque.

828 2449 978 2481 NOTAE.

166 2529 196 2573 3.
221 2526 400 2568 Quousque]
423 2526 592 2558 Incitatum
608 2532 640 2558 et
652 2528 816 2570 abruptum
832 2535 880 2561 est
967 2529 1017 2560 Ib.
1042 2529 1176 2572 Etudec]
1201 2529 1240 2560 Id
1256 2534 1315 2569 est,
1328 2530 1402 2562 ludo
1417 2531 1510 2563 fidem
1526 2533 1679 2576 imponet,

125 2570 214 2609 hujus
244 2569 389 2600 orationis
427 2570 624 2611 principium,
654 2576 688 2601 ut
724 2583 811 2602 suum
849 2573 880 2603 in
924 2583 994 2614 quae
1009 2583 1068 2603 vox
1083 2573 1205 2614 proprie
1221 2573 1426 2614 gladiatorum
1440 2580 1498 2611 est,
1510 2576 1580 2607 cum
1596 2579 1679 2609 vice-

126 2611 285 2653 Rempub.
295 2622 442 2650 amorem,
453 2618 484 2644 et
496 2613 739 2654 indignationem
752 2616 784 2645 in
795 2615 880 2647 Cati·
925 2621 1006 2652 runt,
1021 2621 1056 2646 ut
1069 2622 1158 2646 notat
1173 2615 1316 2647 Donatus
1331 2617 1363 2647 in
1381 2618 1522 2649 Eunuch.
1554 2621 1678 2651 Terent.

127 2654 233 2690 linam,
246 2656 402 2695 ostendat,
417 2655 512 2697 quod.
526 2662 588 2686 tam
601 2657 718 2688 nefarie
731 2658 770 2688 de
784 2658 885 2699 patria
928 2658 1082 2689 Dicuntur
1095 2659 1188 2689 etiam
1205 2660 1319 2690 eludere
1331 2660 1364 2696 ii,
1379 2661 1433 2701 qui
1447 2671 1502 2701 per
1516 2662 1680 2695 ridiculum

129 2697 280 2738 cogitans,
302 2709 395 2731 ausus
417 2700 457 2730 sit
479 2705 590 2741 praeter
611 2710 700 2741 spem
725 2702 828 2733 venire
853 2702 884 2732 in
927 2701 1003 2732 alios
1019 2707 1232 2734 contemnunt.
1280 2703 1374 2735 Unde
1389 2709 1421 2734 et
1435 2703 1566 2744 perinde
1581 2710 1629 2737 est
1643 2719 1680 2739 ac

130 2745 280 2771 senatum.
927 2744 1062 2782 sidicat,
1085 2745 1210 2776 Furios&
1234 2756 1289 2776 nos
1312 2751 1502 2783 contemneS,
1518 2752 1571 2779 aut
1593 2751 1680 2783 nobis

173 2786 205 2815 2.
231 2780 351 2824 Furor]
397 2786 494 2818 Furor
509 2790 557 2818 est
571 2786 601 2817 in
618 2787 748 2828 patriam
763 2787 885 2828 conspi-
931 2787 1019 2828 quasi
1035 2789 1193 2830 prostratis
1207 2788 1390 2820 insultabis?

132 2836 212 2866 rare,
227 2837 319 2867 quam
333 2827 404 2859 vitae
417 2828 554 2870 periculo
566 2831 645 2862 tueri
660 2831 822 2862 debemus.

1683 187 1735 232 81
