1838 3017
739 135 999 170 PHILIPPICA
1023 137 1070 172 11.

114 207 353 252 nominari:
383 209 607 252 vobiscum
629 211 710 268 ipsi
731 213 1021 256 recordamini.
1082 211 1219 255 bMihi
1242 225 1464 270 poenarum
1492 214 1550 255 illi
1572 215 1684 272 plus,

115 265 249 324 quam
289 273 496 324 optarem,
547 268 782 311 dederunt:
830 276 872 311 te
920 270 1064 322 miror,
1110 270 1289 322 Antoni,

1340 284 1521 327 quorum
1570 273 1685 314 sacta
1702 268 1729 308 5

114 323 295 374 mutere,
326 338 472 366 eorum
493 324 634 366 exitus
663 340 748 367 non
769 327 1102 383 perhorrescere.
1163 327 1307 383 Atque
1327 327 1412 369 hoc
1432 326 1476 368 in
1496 327 1588 369 aliis
1610 329 1685 369 mi-

114 381 193 422 nus
209 380 411 431 mirabar;
441 395 565 423 nemo
587 382 756 423 illorum
777 382 975 424 inimicus
996 383 1099 424 mihi
1121 383 1203 423 suit
1222 383 1504 425 voluntarius:
1536 398 1685 426 omnes

117 434 143 476 a
171 450 238 478 me
265 436 511 492 reipublicae
537 438 668 479 caus-21
695 439 910 489 lacessiti3

112 499 162 533 ut
187 493 390 535 audacior

943 446 1003 490 tu,
1035 454 1088 480 ne
1122 439 1251 481 verbo
1284 439 1458 494 quidem
1487 440 1686 490 violatus,

422 495 552 549 quam
586 495 629 536 L.
652 494 853 543 Catilina,
884 495 1084 537 furiosior
1114 495 1245 551 quam
1278 495 1327 536 P.
1361 496 1539 538 Clodius
1571 496 1687 538 vide-

114 562 218 600 rere,
250 549 360 591 ultro
381 549 622 592 maledictis
643 566 710 593 me
731 552 969 602 lacessisti3
1005 559 1206 608 tuamque
1239 551 1266 592 ὸ.
1296 566 1364 592 me
1385 552 1688 595 alienationem
1708 548 1760 589 10

114 607 531 648 commendationem
555 608 634 648 tibi
657 609 711 648 ad
734 609 849 649 cives
870 608 1024 662 impios
1053 607 1142 648 fore
1171 607 1389 663 putavisti.

1467 608 1581 655 Quid
1611 624 1689 665 pu—

112 662 230 703 tem?
259 670 625 719 contemptum-ne
647 665 743 706 me?
793 664 893 704 Non
913 663 1054 713 video,
1077 677 1157 704 nec
1177 664 1221 703 in
1242 663 1346 716 vita,
1368 679 1448 705 nec
1468 665 1510 705 iu
1532 665 1688 721 gratia,

113 731 195 759 nec
223 718 266 759 in
287 719 411 760 rebus
434 720 582 775 gestis,
614 735 694 760 nec
728 719 774 760 in
800 719 886 760 hac
917 718 1015 759 mea
1048 719 1345 761 mediocritate
1376 720 1552 776 ingenii,
1585 722 1689 778 quid

113 773 334 831 despicere
356 775 494 830 possit
514 776 745 816 Antonius.

806 776 876 816 An
896 775 941 815 in
962 782 1114 816 senatu
1135 775 1337 817 facillime
1360 776 1501 818 deme
1523 777 1689 818 detrahi

110 845 240 928 posse
272 830 482 872 credidit?
522 831 595 887 qui
627 832 732 872 ordo
764 831 1012 873 clarissimis
1044 831 1211 873 civibus
1242 832 1353 873 bene
1385 840 1519 889 gestae
1549 834 1690 890 reipu-
1712 830 1764 872 15

144 887 238 928 lieae
258 887 552 928 testimonium
574 888 737 939 multis,
759 888 863 929 mihi
878 888 951 929 uni
969 895 1247 940 conservatae,
1268 889 1400 930 dedit.

1455 892 1526 931 An
1546 890 1690 932 decer-

113 947 204 985 tare
223 958 394 985 mecum
412 944 548 985 voluit
567 944 843 985 contentione
866 944 1065 986 dicendi?
1121 944 1220 986 Hoc
1241 945 1415 1001 quidem
1435 946 1692 988 beneficium

115 1007 206 1051 est;
242 1001 346 1057 quid
368 1001 480 1042 enim
501 1000 682 1056 plenius,
714 1000 819 1057 quid
851 1000 1037 1051 uberius,
1071 1001 1202 1069 quam
1233 1001 1336 1043 mihi
1367 1009 1411 1043 et
1439 1017 1514 1059 pro
1536 1018 1618 1055 me,
1649 1010 1693 1044 et

115 1063 266 1098 contra
286 1057 539 1107 Antonium,
571 1057 712 1098 dicere
722 1061 738 1098 ‘.'
786 1057 895 1098 Illud
914 1058 1106 1114 profecto
1123 1065 1210 1109 est;
1240 1072 1327 1100 non
1345 1058 1606 1100 existimavit
1625 1059 1693 1100 sui

113 1113 325 1156 similibus
347 1113 517 1171 probari
538 1128 683 1170 posse,
705 1129 750 1156 se
773 1128 868 1156 esse
890 1114 1062 1156 hostem
1081 1115 1246 1171 patriae,
1263 1114 1346 1156 nisi
1364 1115 1468 1157 mihi
1483 1123 1598 1158 esset
1614 1116 1694 1158 ini·
1712 1115 1770 1156 20

115 1169 271 1212 micus.

443 1284 613 1338 ιῬαηίίὶ
632 1291 739 1328 sunt
752 1285 932 1340 gravius
951 1284 1080 1340 ‹Iu-cim
1099 1289 1367 1340 optavissem.

161 1441 194 1472 6.
242 1438 347 1470 Eritus
368 1450 425 1470 non
454 1442 690 1485 perhorrescere]
736 1442 886 1481 Catilina,

118 1484 173 1524 qui
195 1489 301 1514 contra
323 1483 541 1524 rempublicam
565 1492 597 1515 et
612 1485 795 1517 Ciceronem
811 1498 886 1518 con-

119 1526 300 1566 spiraverat,
317 1531 449 1556 armatus
465 1527 496 1558 in
512 1528 620 1567 proelio
631 1534 738 1558 contra
753 1530 884 1570 patriam

119 1568 236 1599 occisus
267 1574 324 1599 est.
384 1569 468 1600 Socii
498 1570 578 1600 illius
607 1570 829 1610 conjurationis
852 1573 884 1603 in

119 1621 255 1648 carcere,
292 1611 418 1642 senatus
447 1613 588 1651 decreto,
626 1613 780 1644 interfecti
805 1621 886 1646 sunt.

120 1654 228 1685 Caesus
244 1653 262 1684 εἰ
277 1654 400 1684 Milone
416 1654 546 1685 Clodius
569 1661 627 1690 est,
652 1656 794 1687 Ciceroni
818 1668 888 1698 per-

119 1697 271 1733 infensus,
296 1697 351 1738 qui
385 1708 456 1728 eum
482 1697 515 1729 in
538 1698 678 1729 exsilium
701 1699 887 1731 factionibus

124 1740 185 1770 suis
201 1740 346 1781 ejecerat.

165 1782 216 1814 Ib.
242 1782 278 1812 In
292 1782 384 1823 aliis]
432 1782 590 1820 Clodium,
616 1784 795 1821 Catilinam,
822 1785 890 1816 Va-

122 1825 245 1861 tinium,
282 1825 439 1861 Pisonem,
471 1832 502 1856 et
532 1827 703 1858 Gabinium
732 1827 889 1869 intelligit,

108 1899 111 1901 ,
123 1878 202 1910 quos
214 1868 283 1910 ipse
296 1867 407 1900 Cicero
423 1868 590 1901 lacessivit.

167 1914 220 1942 10.
266 1910 351 1941 Ultro
379 1912 562 1953 maledictis]
622 1911 780 1944 Antonius
809 1913 891 1954 prior

125 1952 308 1984 Ciceronem
324 1964 485 1994 aggressus
499 1960 546 1984 est
560 1962 684 1995 sponte,
699 1955 781 1991 cum,
799 1956 887 1986 minis

117 1996 292 2031 intentatis,
315 2006 386 2026 eum
401 1997 505 2027 venire
520 1997 552 2026 in
568 2003 721 2033 senatum,
745 1997 886 2038 quamvis

125 2039 323 2079 languentem
339 2048 377 2068 ex
390 2038 511 2075 itinere,
526 2040 688 2081 compulit.
731 2041 817 2070 Vide
837 2051 889 2070 su-

125 2083 276 2122 periorem
294 2080 383 2111 Orat.

174 2126 224 2155 12.
250 2123 384 2164 Gratim]
429 2123 686 2155 Benevolentiam
709 2125 806 2166 gratia
828 2124 893 2165 sig-

126 2167 243 2203 nificat,
266 2177 358 2207 quarn
375 2167 508 2208 populus
523 2167 553 2197 in
570 2167 751 2199 Ciceronem
766 2168 890 2198 habuit:

128 2220 199 2251 quae
215 2215 301 2240 tanta
313 2210 382 2246 fuit,
405 2215 449 2244 ut,
472 2209 543 2240 cum
555 2211 666 2241 cedere
682 2210 720 2241 ab
737 2210 834 2248 Urbe,
859 2215 892 2240 et

126 2253 160 2283 in
183 2253 321 2283 exsilium
347 2263 402 2292 per
423 2252 570 2283 Clodium
589 2259 621 2283 et
635 2253 774 2284 consules
802 2253 890 2283 Piso·

126 2306 198 2326 nem
220 2301 252 2326 et
277 2295 446 2326 Gabinium
467 2296 562 2332 exire,
591 2301 762 2337 cogeretur,
791 2296 890 2326 omnis

125 2338 190 2369 fere
209 2344 351 2379 equester
375 2339 450 2368 ordo
472 2344 590 2370 vestem
614 2339 790 2377 mutaverit,
801 2339 890 2370 nobi—

125 2381 232 2418 lissimi
243 2381 468 2419 adolescentes,
481 2383 520 2413 ad
531 2382 637 2424 viginti
648 2382 742 2414 millia
751 2393 891 2420 numero,

929 1442 1092 1478 sordidati,
1117 1442 1333 1483 deprecatores
1349 1441 1429 1483 ejus,
1453 1442 1595 1474 comitati
1617 1442 1701 1483 sint;

929 1490 1052 1516 senatus
1061 1485 1207 1526 frequens
1220 1490 1349 1522 vestem,
1360 1491 1517 1526 tamquam
1526 1487 1559 1517 in
1573 1487 1700 1527 publico

929 1527 1026 1564 luctu,
1050 1528 1228 1558 mutandam
1244 1528 1409 1560 censuerit.
1449 1527 1611 1559 Redeunti
1627 1529 1698 1561 vero

929 1569 968 1600 ab
993 1570 1100 1601 exsilio
1125 1581 1264 1611 egressus
1289 1576 1413 1601 senatus
1433 1572 1461 1600 ei
1476 1571 1600 1602 obviam
1615 1573 1701 1602 venit

933 1623 1003 1644 cum
1020 1613 1136 1654 populo
1153 1614 1307 1648 universo,
1331 1614 1349 1642 ’ὲ
1363 1624 1424 1654 quo
1440 1614 1549 1654 plausu
1567 1615 1701 1646 maximo

933 1655 952 1685 ῖι
965 1656 1053 1696 porta
1069 1656 1199 1696 Capena
1215 1666 1313 1696 usque
1330 1657 1368 1685 ad
1386 1656 1587 1697 Capitolium,
1610 1658 1701 1698 quasi

934 1699 1136 1739 triumphans,
1151 1699 1303 1729 deductus
1319 1704 1376 1730 est.
1400 1698 1701 1730 Accedentemvero

933 1742 973 1771 ad
989 1741 1119 1777 Urbem,
1142 1747 1213 1782 post
1234 1741 1436 1771 reversionem
1461 1741 1478 1772 ἐ
1501 1741 1626 1772 Graecia
1643 1753 1702 1773 nu-

933 1794 1051 1824 peram,
1065 1789 1151 1814 tanta
1166 1783 1330 1814 multitudo
1346 1785 1501 1820 convenit,
1516 1789 1561 1820 ut,
1574 1786 1647 1815 dum
1659 1787 1700 1816 ad

934 1831 1038 1867 portas
1050 1827 1274 1867 ingredientem
1286 1826 1453 1867 excipiunt,
1469 1828 1701 1869 adventumque

934 1869 1136 1909 gratulantur,
1173 1869 1240 1899 dies
1273 1869 1337 1899 sere
1367 1875 1567 1912 consumptus
1596 1871 1701 1902 fuerit.

935 1913 1020 1942 Vide
1037 1911 1153 1942 Plutar.
1169 1912 1200 1941 in
1216 1911 1378 1942 Cicerone.

977 1957 1029 1985 14.
1054 1954 1204 1993 Detrahi]
1231 1954 1386 1985 Antonius
1397 1955 1541 1991 credidit,
1555 1956 1702 1987 habendo

933 1997 1104 2027 orationem
1118 1997 1202 2026 illam
1217 1997 1340 2036 plenam
1363 1997 1532 2027 maledictis
1553 1998 1584 2028 in
1609 1998 1703 2030 Cice-

932 2049 1050 2074 ronem,
1066 2050 1098 2069 se
1109 2049 1199 2079 posse
1215 2039 1331 2080 aliquid
1344 2039 1524 2071 imminuere
1537 2041 1577 2071 de
1587 2042 1699 2082 gratia,

933 2081 997 2122 quii.
1010 2081 1134 2112 valebat
1149 2082 1232 2122 apud
1250 2082 1409 2122 populum.

980 2125 1033 2154 16.
1078 2123 1157 2153 Mihi
1184 2125 1238 2154 uni
1265 2131 1431 2155 conservatae
1454 2125 1560 2166 dedit]
1618 2125 1701 2158 Cum

937 2166 1048 2197 Cicero
1062 2166 1282 2207 rempublicam
1294 2166 1313 2196 5.
1330 2167 1470 2198 Catilinae
1486 2168 1701 2208 conjuratione

935 2209 1112 2245 vindicavit,
1139 2209 1168 2239 ei
1197 2209 1469 2250 supplicationem,
1493 2210 1634 2251 quamvis
1650 2217 1701 2243 to-

932 2258 1016 2292 gato,
1039 2257 1163 2282 senatus
1186 2252 1334 2283 decrevit.
1376 2253 1425 2283 M.
1443 2253 1534 2289 Cato,
1558 2253 1595 2284 ea
1610 2254 1650 2284 (le
1667 2266 1702 2286 re

933 2301 1067 2336 rogatuS,
1085 2296 1282 2331 sententiam,
1297 2295 1480 2326 Ciceronem
1495 2295 1620 2327 Patrem
1636 2297 1699 2328 Pa-

932 2338 998 2368 triae
1022 2338 1229 2379 nuncupavit3
1255 2338 1308 2379 qui
1331 2339 1426 2369 honos
1445 2338 1477 2370 in
1501 2338 1597 2370 libera
1621 2340 1699 2372 civi-

934 2385 997 2412 tate
1010 2380 1102 2412 antea
1119 2381 1234 2412 nemini
1249 2382 1338 2412 datus
1350 2381 1460 2413 suerat.

1678 133 1765 177 40⁷
