1858 3095
686 140 779 175 PRo
807 139 1017 174 mmmm.
1622 143 1703 185 155

130 214 209 258 VI.
239 215 324 258 Sed
341 221 403 268 ut,
423 216 506 258 hoc
526 215 702 267 omisso,
733 216 788 258 ad
809 217 1047 258 studiorum
1068 224 1198 274 atque
1217 218 1373 259 artium
1388 220 1629 262 contentio-

73 287 171 314 nem
193 284 474 323 revertamur,
504 271 578 328 qui
605 279 750 327 potest
776 273 977 324 dubitari,
1009 274 1126 330 quin,
1157 275 1211 316 ad
1239 274 1511 316 consulatum
1540 278 1629 317 adi-

74 329 341 384 piscendum,
359 329 493 370 multo
516 329 610 383 plus
631 328 781 370 afferat
801 329 1026 384 diguitatis
1050 332 1107 372 rei
1129 331 1339 382 militaris,
1372 330 1627 388 quamjuris

76 385 229 437 civilis,
250 385 409 441 gloria?
451 384 618 440 Vigilas
636 392 681 426 tu
701 385 754 426 de
776 393 918 436 nocte,
939 394 986 427 ut
1007 387 1092 428 tuis
1114 388 1430 429 consultoribus
1453 402 1629 444 respon-

76 441 204 493 deas;
235 442 319 491 ille,
351 448 412 491 ut,
445 444 533 496 quo
562 441 764 492 intendit,
796 442 957 484 mature
979 458 1076 484 cum
1099 444 1290 486 exercitu
1312 444 1554 499 perveniat:
1587 452 1629 486 te
1676 443 1702 482 5

75 499 294 553 gallorum,
315 497 436 537 illum
450 497 740 546 buccinarum,
756 505 907 539 cantus
922 500 1184 541 exsuscitat:
1216 507 1262 541 tu
1280 500 1494 541 actionem
1511 501 1632 541 insti-

74 554 184 603 tuis;
214 554 283 594 ille
305 554 439 594 aciem
460 554 655 596 instruit:
688 561 735 594 tu
755 569 881 595 caves
899 570 951 596 ne
972 555 1034 596 tui
1051 557 1333 606 consultores,
1350 556 1420 597 ille
1437 571 1489 597 ne
1507 557 1631 598 urbes

75 618 150 652 aut
168 616 321 660 castra,
353 610 590 665 capiantur.
654 611 731 651 Ille
753 618 884 661 tenet,
916 618 959 651 et
980 612 1075 661 scit,
1106 620 1152 652 ut
1172 611 1362 652 hostium
1397 613 1550 667 copiae,
1584 621 1631 653 tu

74 674 122 706 ut
133 681 257 721 aquae
274 666 440 722 pluviae,
453 673 699 708 arceantur:
731 667 801 707 ille
819 667 1076 708 exercitatus
1094 675 1160 708 est
1176 668 1217 707 in
1235 669 1522 724 propagandis
1538 669 1633 709 fini-

75 722 170 772 bus,
191 730 237 763 tu
259 722 300 763 in
322 724 537 778 regendis.
598 723 664 763 Ac
686 722 884 762 nimirum
904 723 1155 773 (dicendum
1179 732 1245 764 est
1265 725 1376 765 enirn
1399 725 1516 779 quod
1538 740 1632 766 sen-
1653 721 1704 764 lO

74 777 157 828 tio)
190 778 249 820 rei
282 779 478 820 militaris
514 779 646 819 virtus
672 786 846 834 praestat
867 779 1034 819 caeteris
1068 780 1280 821 omnibus.
1341 780 1446 821 Haec
1476 796 1632 822 nomen

73 835 234 890 populo
255 834 467 883 Romano,
498 835 591 875 haec
613 835 713 875 huic
734 834 840 875 Urbi
861 842 1061 876 aeternam
1083 836 1278 891 gloriam,
1307 837 1496 892 peperit:
1538 838 1633 879 haee

76 891 222 932 orbem
242 897 445 932 terrarum
466 905 610 946 parere
631 891 732 932 huic
753 890 932 946 imperio
954 891 1110 946 co‘egit.
1171 892 1334 933 Omnes
1355 894 1527 934 urbanae
1549 909 1632 945 res,

76 947 220 988 omnia
240 947 332 988 haec
348 956 493 988 nostra
513 947 713 1002 praeclara
735 947 890 996 studia,
924 954 967 988 et
987 948 1080 989 haeo
1102 948 1280 989 forensis
1302 950 1394 990 laus
1417 957 1459 991 et
1486 950 1633 991 indus-

76 1003 169 1051 tria,
191 1004 381 1045 latentin
394 1003 531 1045 tutela
545 1018 595 1044 ac
612 1003 810 1059 praesidio
825 1003 990 1044 bellicae
1002 1004 1186 1045 virtutis:
1211 1005 1334 1046 simul
1353 1014 1480 1061 atque
1501 1006 1634 1047 incre·
1655 1004 1706 1045 15

75 1060 172 1115 puit
190 1059 379 1115 suspicio
396 1060 617 1111 tumultus,
637 1067 748 1101 artes
769 1059 884 1100 illico
906 1067 1062 1100 nostrae
1083 1061 1398 1103 conticescunt.
1438 1062 1509 1113 Et,
1531 1077 1634 1118 quo-

76 1116 192 1156 niam
213 1116 316 1157 mihi
338 1116 493 1158 videris
512 1116 637 1156 istam
659 1116 885 1156 scientiam
899 1116 1008 1171 juris
1025 1124 1243 1172 tamquam
1260 1119 1433 1159 filiolam
1450 1119 1633 1160 osculari

76 1179 211 1223 tuam,
231 1186 318 1213 non
339 1173 474 1228 patiar
504 1179 545 1212 te
566 1172 610 1212 in
631 1180 750 1213 tanto
772 1187 910 1213 errore
934 1173 1104 1223 versari,
1127 1180 1174 1214 ut
1196 1174 1326 1224 istud,
1347 1175 1492 1215 nescio
1515 1175 1634 1231 quid,

78 1229 195 1283 quod
216 1228 436 1284 tantopere³
459 1228 665 1276 didicisti,
697 1229 943 1283 praeclarum
966 1229 1129 1284 aliquid
1151 1245 1244 1270 esse
1264 1230 1478 1273 arbitrere.
1524 1232 1634 1273 Aliis

78 1298 158 1340 ego
179 1291 221 1324 te
242 1284 482 1333 virtutibus,
516 1284 806 1334 continentiae,
839 1284 1074 1339 gravitatis,
1099 1286 1293 1339 justitiae,
1325 1287 1439 1336 fidei,
1471 1288 1634 1328 caeteris
1652 1286 1709 1327 20

78 1340 288 1389 omnibus,
308 1340 534 1381 consulatu
556 1347 599 1380 et
619 1340 731 1380 omni
748 1340 908 1380 honore
925 1355 1091 1395 semper
1107 1341 1403 1397 dignissimum
1418 1343 1636 1397 judicavi:

77 1395 194 1451 quod
216 1396 478 1451 quidemjus
499 1395 624 1436 civile
647 1395 851 1444 didicisti,
883 1410 968 1436 non
998 1396 1154 1447 dicam,
1187 1412 1358 1453 operam
1387 1399 1637 1453 perdidisti3

78 1452 154 1493 sed
171 1451 275 1493 illud
293 1452 448 1503 dicam,
469 1452 630 1492 nullam
647 1467 740 1493 esse
759 1452 802 1491 in
816 1451 888 1492 illa
903 1452 1133 1507 disciplina
1148 1454 1355 1494 munitam
1372 1455 1426 1495 ad
1442 1457 1638 1496 consula-

78 1512 170 1549 tum
192 1508 328 1549 viam:
361 1522 510 1549 omnes
532 1508 646 1548 enim
667 1516 793 1558 artes,
825 1523 921 1563 quae
942 1508 1066 1549 nobis
1098 1510 1243 1565 populi
1274 1509 1458 1551 Romani
1495 1512 1639 1553 studia

80 1564 331 1615 conciliant,
353 1571 396 1605 et
412 1564 708 1605 admirabilem
724 1564 980 1619 dignitatem
997 1571 1039 1606 et
1051 1573 1292 1622 pergratam
1314 1567 1544 1609 utilitatem
1565 1569 1639 1610 de·
1655 1570 1712 1611 25

80 1620 185 1662 bent
205 1621 377 1662 habere.
437 1620 613 1661 Summa
635 1620 821 1676 dignitas
840 1627 906 1662 est
925 1621 970 1661 in
990 1620 1059 1672 iis,
1090 1622 1164 1677 qui
1186 1622 1356 1664 militari
1376 1624 1502 1665 laude
1523 1633 1641 1667 ante-

81 1677 267 1718 cellunt:
297 1676 441 1718 omnia
460 1676 588 1727 enim,
610 1691 703 1732 quoe
724 1684 824 1717 sunt
842 1677 887 1717 in
908 1677 1087 1732 imperio
1109 1685 1152 1719 et
1171 1678 1214 1719 in
1233 1686 1347 1720 statu
1364 1680 1562 1731 civitatis,
1586 1683 1639 1723 ab

79 1733 130 1774 iis
160 1733 332 1775 defendi
354 1740 397 1773 et
416 1732 572 1773 firmari
594 1739 822 1788 putantur:
855 1748 1020 1774 summa
1040 1733 1169 1775 etiam
1188 1735 1376 1786 utilitas;
1412 1736 1640 1792 siquidem,

80 1803 227 1831 eorum
248 1790 430 1831 consilio
452 1796 496 1831 et
514 1790 722 1845 periculo,
754 1789 851 1830 cum
873 1790 1106 1845 republica,
1138 1798 1228 1832 tum
1250 1792 1378 1833 etiam
1399 1793 1556 1834 nostris
1577 1809 1640 1835 re-

79 1846 175 1895 bus,
196 1846 352 1902 perfrui
368 1860 610 1901 possumus.
650 1846 803 1886 Gravis
821 1846 948 1887 etiam
963 1847 1037 1887 illa
1053 1855 1118 1888 est
1135 1854 1178 1888 et
1193 1848 1319 1903 plena
1335 1848 1559 1904 dignitatis
1576 1850 1639 1891 di-
1658 1851 1714 1892 30

83 1903 208 1944 cendi
222 1902 417 1951 facultas,
427 1917 523 1958 quae
536 1901 651 1958 saepe
665 1902 797 1943 valuit
808 1902 853 1943 in
867 1904 1042 1944 consule
1052 1903 1447 1961 deligendo‚p0sse,
1457 1906 1640 1948 consilio

83 1964 212 2014 atque
235 1959 441 2010 oratione,
473 1967 516 2000 et
546 1958 716 2000 senatus
748 1965 791 2000 et
821 1959 983 2015 populi,
1014 1966 1058 2001 et
1088 1975 1234 2001 eorum
1253 1963 1325 2013 qui
1347 1976 1413 2003 res
1427 1963 1640 2018 judicant,

85 2022 250 2055 mentes
291 2030 550 2070 permovere.
629 2014 842 2062 Quaeritur
882 2016 1050 2067 consul,
1091 2017 1165 2072 qui
1213 2017 1396 2059 dicendo
1446 2034 1641 2060 nonnun-

86 2085 215 2126 quam
245 2073 498 2126 comprimat
527 2071 779 2112 tribunicios
809 2072 988 2122 furores,
1028 2072 1102 2128 qui
1142 2074 1403 2115 concitatum
1435 2076 1640 2130 populum

87 2128 247 2177 flectat,
270 2127 343 2183 qui
364 2127 580 2184 largitioni
600 2127 786 2168 resistat.
830 2127 928 2168 Non
945 2127 1109 2177 mirum,
1131 2128 1168 2169 si
1189 2130 1243 2169 ob
1261 2129 1372 2171 hanc
1391 2131 1641 2174 facultatem
1658 2135 1713 2176 35

85 2183 282 2225 homines
297 2182 410 2240 saepc
425 2183 556 2226 etiam
570 2190 678 2225 anon
690 2183 856 2225 nobiles
875 2185 1141 2226 consulatum
1158 2187 1379 2228 consecuti
1396 2195 1516 2240 suut3
1537 2202 1642 2244 prae-

695 2319 906 2360 ²bomines
925 2320 1041 2360 novi.

131 2455 163 2485 1.
185 2453 239 2484 Sed
252 2460 298 2490 ut,
320 2453 370 2484 hoc
384 2453 507 2495 omissa]
567 2452 689 2485 Transit
704 2453 743 2484 ad
767 2464 842 2485 con·
885 2453 997 2485 finibus
1020 2454 1175 2495 regendis,
1193 2454 1345 2496 judicium
1368 2461 1426 2493 est,
1450 2458 1532 2498 quod
1562 2457 1643 2488 inter

89 2496 258 2527 tentionem
273 2498 394 2532 artium,
409 2508 486 2536 quas
503 2502 630 2538 uterque
646 2497 810 2527 factitavit.
886 2498 1024 2528 confines
1040 2499 1188 2535 redditur,
1213 2505 1247 2529 ut
1266 2499 1341 2530 fines
1365 2511 1505 2542 agrorum
1526 2501 1641 2531 vicinu-

133 2540 163 2569 9.
185 2540 276 2580 Aquae
294 2539 426 2580 pluviae]
474 2539 567 2580 Aqua
590 2540 693 2580 pluvia
714 2551 751 2570 ea
766 2540 845 2570 dici-
888 2551 953 2570 rum
971 2540 1151 2581 dirigantur.

89 2583 148 2616 tur,
169 2591 238 2622 quae
261 2583 301 2613 de
315 2583 393 2613 coelo
409 2583 505 2618 cadit,
528 2589 559 2613 et
575 2583 668 2613 imbre
685 2583 845 2619 excrescit,
912 2584 916 2585 ⁷
935 2585 986 2614 15.
1013 2583 1158 2622 Increpuit
1172 2585 1292 2623 suspicio
1305 2585 1475 2625 tumulata]
1521 2584 1560 2615 Id
1585 2590 1644 2621 est,

90 2622 155 2654 sive
171 2624 223 2654 illa
238 2631 360 2660 noceat,
383 2626 447 2656 sive
463 2635 532 2655 cum
548 2626 608 2655 alia
622 2626 715 2656 mixta
729 2627 777 2656 sit.
887 2626 1036 2662 insonuit,
1067 2627 1247 2667 metaphora
1275 2628 1397 2668 sumpta
1419 2629 1437 2657 a
1465 2627 1565 2657 tubis:
1593 2639 1644 2658 su·

139 2669 190 2696 10.
216 2666 261 2696 Tu
274 2669 306 2698 in
319 2667 474 2709 regendis]
536 2668 629 2699 Fines
650 2669 715 2709 regi
739 2669 846 2699 dicun·
891 2668 987 2707 spicio
1009 2668 1167 2705 tumultus,
1192 2669 1266 2700 belli
1291 2670 1436 2700 videlicet
1463 2669 1564 2700 Italici
1591 2677 1645 2701 aut

90 2715 150 2745 tur,
173 2707 243 2740 cum
267 2712 396 2752 propriis
419 2721 492 2751 ager
513 2712 645 2753 quisque
661 2712 772 2742 finibus
788 2717 848 2741 ter·
892 2710 1024 2742 Gallici:
1048 2712 1114 2742 haec
1130 2711 1212 2742 enirn
1228 2712 1290 2743 duo
1313 2712 1395 2744 bella
1418 2712 1564 2744 tumultfis
1587 2723 1646 2745 nu-

91 2753 236 2785 minatur.
292 2750 376 2786 Hinc
391 2754 511 2786 finium
546 2755 765 2796 regendorum,
798 2753 848 2785 vel
891 2753 976 2786 mine
990 2752 1251 2797 significabantur.
