1838 3017
702 200 763 232 DE
786 198 1056 231 SENECTUTE.
1573 189 1661 238 485

97 273 333 327 ordinibus,
347 280 419 317 aut
432 274 648 317 vinearum
663 275 1001 332 olivetorumque
1021 274 1178 332 specie,
1193 276 1359 321 dicam?
1389 274 1515 320 Brevi
1543 288 1652 332 prae-

93 330 248 374 eidam.
308 333 425 390 Agro
452 333 561 374 bene
596 333 711 375 culto
743 332 803 373 nil
828 339 972 389 potest
1004 347 1097 374 esse
1128 348 1208 376 nec
1238 350 1319 378 usu
1348 334 1534 383 uberius,
1565 347 1648 374 nec

92 388 237 458 specie
268 388 474 439 ornatius;
506 390 560 430 ad
581 404 706 445 quem
728 389 965 440 fruendum,
994 404 1077 431 uon
1101 390 1230 433 modo
1251 406 1336 434 non
1358 389 1556 440 retardat,
1577 402 1647 429 ve-

92 458 188 486 rum
208 444 335 486 etiam
355 445 508 486 invitat
528 453 657 502 atque
679 446 868 496 allectat,
893 453 1107 487 senectus.
1168 446 1254 488 Ubi
1275 447 1388 489 enim
1410 451 1553 504 potest
1573 444 1648 485 illa.

93 507 196 542 aetas
226 508 300 542 aut
330 501 543 543 calescere
565 502 630 543 vel
653 501 912 558 apricatione
944 501 1095 543 melius
1117 503 1183 544 vel
1215 503 1328 561 igni3
1359 510 1433 545 aut
1453 500 1646 544 vicissim

91 557 250 598 umbris
280 558 454 614 aquisve
476 558 712 614 refrigerari
734 558 970 599 salubrius?
1031 558 1122 599 Sibi
1154 558 1285 616 igitur
1306 560 1494 601 habeant
1513 571 1644 608 arma,

90 612 173 654 sibi
194 628 341 670 equ08‚
373 614 454 656 sibi
476 615 637 666 hastas,
660 615 740 656 sibi
763 616 941 666 clavam,
963 614 1044 656 sibi
1066 615 1210 670 pilam,
1234 615 1315 657 sibi
1337 615 1579 657 natationes
1601 619 1646 654 et

91 683 262 722 cursus;
281 670 405 712 nobis
423 672 672 722 senibus‚ex
686 670 922 712 lusionibus
941 670 1097 721 multis,
1112 671 1222 712 talos
1239 673 1483 727 relinquant
1499 676 1543 711 et
1558 675 1645 710 tes-

89 729 224 768 s'eras:
255 726 299 768 id
323 727 462 784 ipsum
487 728 662 782 [utrum]
683 727 866 778 lubebit;
899 726 1103 781 quoniam
1120 726 1213 768 sine
1230 727 1297 769 his
1314 728 1441 769 beata
1461 740 1555 769 esse
1577 740 1644 768 se-

91 789 243 824 nectus
296 791 422 826 otest.

145 838 252 880 XVI
285 872 293 881 .
326 840 488 881 Multas
510 840 564 880 ad
585 854 667 891 res,
697 839 899 895 perutiles
922 838 1224 895 Xenophontis
1251 839 1346 883 libri
1378 845 1501 891 sunt3
1532 853 1642 896 quos

84 894 228 950 legite,
244 910 406 952 quaeso,
421 894 687 947 studiose,i‘it
702 895 856 937 facitis.
889 895 1031 943 Quam
1049 895 1225 952 copiose
1243 898 1296 939 ab
1313 912 1363 939 eo
1381 896 1644 952 agricultura.

84 950 281 993 laudatur
306 952 350 993 in
379 967 429 994 eo
457 952 566 994 libro
597 952 670 1008 qui
703 958 768 993 est
798 952 851 993 de
882 951 1043 993 tuenda
1064 967 1107 993 re
1128 952 1340 1003 familiari,
1360 953 1436 1010 qui
1460 954 1643 995 OEeono·

84 1010 222 1049 micus
251 1008 512 1050 inscribitur!
574 1009 731 1064 Atque,
753 1015 801 1049 ut
826 1008 1095 1064 intelligatis,
1125 1009 1233 1051 nihil
1254 1010 1293 1052 ei
1312 1016 1400 1051 tam
1420 1009 1562 1065 regale
1582 1007 1643 1049 vi-

85 1063 174 1105 deri
238 1063 338 1106 uam
368 1065 557 1107 studium
589 1066 679 1122 agri
711 1064 897 1116 colendi,
930 1064 1128 1106 Socrates
1158 1065 1202 1107 in
1232 1081 1284 1108 eo
1315 1066 1424 1108 libro
1453 1065 1644 1121 loquitur

85 1118 184 1162 cum
252 1121 453 1173 ritobulo,
482 1120 642 1178 Cyrum
673 1121 894 1172 minorem,
925 1136 1069 1177 regem
1096 1122 1336 1173 Persarum,
1368 1127 1643 1179 praestantem

85 1176 259 1232 ingenio
292 1185 420 1234 atque
453 1177 618 1235 imperii
649 1177 800 1234 gloria,
832 1177 930 1219 cum
951 1178 1168 1232 Lysander
1190 1178 1558 1229 Lacedaemonius,
1577 1175 1642 1218 vir

84 1248 262 1276 summae
281 1233 465 1286 virtutis,
485 1235 675 1276 venisset
694 1234 748 1276 ad
770 1249 866 1275 eum
885 1233 1044 1283 Sardis,
1061 1235 1186 1290 eique
1205 1236 1319 1279 dona
1337 1235 1363 1276 a
1378 1234 1508 1277 sociis
1528 1238 1640 1275 attu-

84 1289 224 1340 lisset3
247 1298 289 1332 et
303 1291 468 1332 caeteris
481 1291 524 1331 in
537 1291 664 1332 rebus
678 1305 949 1332 communem
963 1305 1063 1346 erga
1071 1290 1336 1347 Lysandrum
1349 1298 1478 1348 atque
1493 1291 1642 1331 huma-

85 1361 187 1388 num
204 1346 405 1399 fuisse,et
420 1347 460 1388 ei
477 1347 706 1403 quemdam
721 1354 976 1403 conseptum
993 1361 1155 1402 agrum,
1169 1348 1395 1405 diligenter
1410 1346 1640 1396 consitum,

86 1403 347 1445 ostendisse:
368 1402 466 1445 cum
483 1410 626 1445 autem
643 1403 920 1444 admiraretur
933 1402 1151 1458 Lysander
1165 1411 1208 1445 et
1225 1404 1501 1461 proceritates
1521 1402 1642 1444 arbo-

85 1473 192 1512 rum,
213 1465 257 1501 et
277 1459 465 1502 directos
487 1459 531 1501 in
551 1460 837 1516 quincuncem
858 1459 1043 1511 ordines,
1068 1466 1112 1501 et
1131 1460 1310 1502 humum
1331 1461 1557 1502 subactam
1578 1465 1643 1500 at-

85 1530 168 1570 que
190 1531 354 1573 puram,
378 1523 422 1558 et
441 1517 696 1558 suavitatem
717 1517 897 1557 odorum
918 1516 991 1572 qui
1013 1516 1254 1559 afflarentur
1274 1517 1297 1558 ὲ
1318 1516 1519 1567 floribus;
1551 1520 1643 1557 tum

84 1571 260 1624 dixisse,
275 1572 416 1614 mirari
433 1588 478 1614 se
495 1587 581 1614 non
598 1571 725 1614 modo
739 1572 1020 1628 diligentiam,
1034 1572 1110 1614 sed
1123 1574 1252 1615 etiam
1265 1573 1513 1623 sollertiam,
1531 1572 1567 1628 ej
1575 1586 1643 1623 us,

86 1627 112 1668 εἴ
128 1643 213 1684 quo
221 1636 366 1670 essent
380 1629 454 1670 illa
470 1629 664 1670 dimensa
677 1635 807 1686 atque
821 1628 1056 1684 descripta:
1075 1635 1118 1670 et
1127 1630 1335 1687 eiCyrum
1347 1627 1642 1687 respondisse:

83 1682 223 1739 Atqui
242 1701 315 1739 ego
337 1689 479 1727 onmia
502 1688 586 1726 ista
607 1701 703 1726 sum
723 1688 966 1727 climenszcs:
998 1688 1079 1727 mei
1109 1693 1216 1728 sunt
1243 1688 1429 1735 ordines,
1453 1699 1547 1726 mea
1575 1685 1644 1726 de-

84 1744 287 1796 scriptio;
321 1745 473 1784 multoe
493 1745 621 1784 etiam
642 1745 828 1783 istarum
856 1743 1055 1783 arborum
1084 1741 1177 1784 meli
1205 1757 1343 1784 manu
1371 1748 1478 1783 sunt
1506 1745 1643 1782 satae:

86 1803 178 1839 tum
200 1798 477 1855 Lysandrum,
509 1798 746 1840 intuentem
777 1799 868 1854 ejus
895 1811 1124 1854 purpuram
1155 1806 1199 1840 et
1226 1798 1409 1840 nitorem
1440 1795 1646 1853 corporis,

86 1859 367 1911 ornatumque
377 1854 599 1896 Persicum
611 1855 745 1896 multo
759 1868 862 1895 auro
876 1854 1107 1910 multisque
1118 1854 1297 1911 gemmis
1302 1886 1313 1906 ,
1322 1853 1502 1896 dixisse:
1519 1854 1648 1895 Recte

84 1914 179 1953 v'erd
200 1917 254 1962 te,
287 1913 408 1966 Cyre,
439 1914 610 1954 beatum
629 1913 804 1967 serunt,
826 1914 1031 1965 quoniam
1052 1914 1205 1954 virtuti
1226 1917 1319 1953 tuae
1337 1912 1529 1967 fortuna
1549 1923 1647 1950 con-

75 1965 237 2021 juncta
266 1975 343 2011 est.
403 1967 501 2009 Hac
519 1967 651 2023 igitur
669 1967 841 2009 fortuna
862 1967 944 2008 frui
965 1966 1070 2009 licet
1091 1968 1292 2019 senibus;
1321 1981 1404 2009 nec
1434 1972 1538 2007 aetas
1569 1964 1647 2006 im-

86 2023 221 2079 pedit,
242 2023 472 2080 quominfls
504 2031 548 2065 et
577 2029 825 2065 caeterarum
855 2037 1007 2072 rerum,
1039 2030 1082 2065 et
1111 2024 1155 2064 in
1175 2023 1324 2080 primis
1345 2022 1437 2079 agri
1458 2019 1646 2072 colendi,

86 2079 229 2121 studia
248 2088 470 2122 teneamus
494 2094 628 2135 usque
648 2079 704 2120 ad
727 2079 925 2120 ultimum
945 2084 1114 2135 tempus
1136 2078 1386 2121 senectutis.
1446 2077 1648 2119 Marcum

105 2136 260 2178 'uidem
281 2135 498 2178 Valerium
515 2135 703 2176 Corvum
723 2136 970 2191 accepimus
991 2137 1047 2177 ad
1068 2135 1353 2178 centesimum
1374 2148 1534 2177 annum
1553 2147 1647 2190 per-

84 2151 276 2244 duxisse,
319 2192 417 2234 cum
447 2197 562 2234 esset
597 2191 695 2233 acta
731 2193 822 2247 jam
853 2197 978 2232 aetate
1009 2192 1054 2233 in
1083 2192 1213 2249 agris,
1255 2205 1416 2248 eosque
1458 2190 1645 2241 coleret;

87 2250 211 2306 cujus
242 2249 353 2291 inter
381 2248 565 2306 primum
596 2255 640 2290 et
670 2256 841 2290 sextum
872 2249 1149 2290 consulatum
1181 2262 1256 2290 sex
1287 2254 1332 2290 et
1362 2244 1651 2305 quadraginta.

87 2305 187 2347 anni
204 2305 506 2347 interfuerunt:
539 2304 701 2361 itaque,
717 2312 926 2361 quantum
951 2305 1138 2361 spatium
1155 2304 1295 2346 aetatis
1311 2305 1494 2360 majores
1511 2301 1649 2344 nostri

87 2362 143 2403 ad
163 2363 399 2404 senectutis
421 2361 591 2402 initium
612 2376 706 2403 esse
728 2362 968 2413 voluerunt,
990 2368 1136 2403 tantus
1168 2361 1230 2402 illi
1262 2375 1412 2403 cursus
1431 2360 1648 2403 honorum

87 2418 193 2471 fuit3
253 2426 381 2474 atque
420 2419 513 2474 ejus
565 2424 754 2459 extrema
803 2424 906 2459 aetas
955 2418 1040 2459 hoc
1089 2417 1271 2470 beatior,
1319 2416 1451 2474 quam
1489 2414 1648 2465 media,

87 2475 204 2531 quod
250 2474 519 2517 auctoritatis
562 2475 658 2530 plus
698 2474 901 2525 habebat,
947 2474 1108 2516 laboris
1155 2474 1254 2516 vero
1297 2475 1453 2516 minus.
1524 2471 1651 2526 Apex

89 2538 233 2573 autem
274 2531 510 2574 senectutis
553 2538 620 2572 est
660 2531 906 2573 auctoritas.
967 2531 1142 2579 Quanta
1182 2529 1265 2572 fuit
1306 2530 1350 2571 in
1389 2529 1436 2571 L.
1476 2525 1651 2570 Caecilio

92 2587 297 2630 Metello!
343 2594 506 2644 quanta
543 2587 588 2628 in
619 2587 756 2632 Atilio
798 2587 1018 2629 Calatino!
1063 2587 1108 2628 in
1147 2600 1276 2643 quem
1312 2586 1422 2628 illud
1461 2582 1652 2636 elogium

89 2643 282 2685 unicum:
315 2644 534 2686 lerimce
560 2647 837 2686 consentiunt
863 2649 1028 2696 gentes,
1046 2646 1200 2703 populi
1225 2645 1487 2698 primarium
1505 2640 1653 2702 stc-isse

89 2703 259 2742 virum:
306 2707 456 2743 notum
497 2707 563 2743 est
598 2715 770 2743 carmen
805 2699 989 2742 incisum
1028 2699 1073 2742 in
1112 2701 1321 2756 sepulcro.
1381 2696 1482 2738 Jure
1522 2694 1654 2758 igitur

91 2756 247 2863 gravis,
288 2756 413 2811 cujus
452 2757 506 2799 de
545 2757 746 2798 laudibus
797 2755 990 2798 omnium
1039 2763 1155 2798 esset
1201 2755 1316 2797 fama
1363 2757 1654 2796 consentiens.

137 2828 233 2858 uem
268 2812 404 2857 virum
440 2814 491 2857 P.
527 2813 746 2868 Crassum,
782 2813 1208 2910 n121per2Pontificem
1238 2810 1495 2864 Maximum,
1526 2820 1655 2864 quem

863 2882 887 2911 L
