1790 3090
14 155 103 192 κη’
552 148 603 182 Μ.
622 147 775 181 TULLII
800 136 1046 182 cmmoms
1070 148 1192 184 v1TA.

18 222 188 275 inferre,
203 226 252 265 ut
267 217 313 265 in
324 223 463 281 patria
475 237 606 279 quam
624 226 864 266 servaverat
879 226 1129 277 moreretur,-
1145 229 1188 267 et
1202 223 1386 266 Caesaris
1405 223 1633 281 perfidianf

17 287 229 335 argu-eret,
245 280 271 322 a
285 295 370 337 quo
384 286 472 321 tam
488 279 644 336 ignave
657 281 927 336 prodebatur.
960 281 1047 323 Sed
1065 282 1332 323 cruciatuum
1350 288 1466 323 metu
1482 282 1632 339 depul÷

18 350 106 387 SUS,
124 337 256 379 servis
273 352 318 378 se
336 337 390 378 ad
408 336 604 378 Caietam
621 336 934 392 deportandum
950 338 1123 394 navigio
1137 338 1368 390 commisit,
1385 338 1456 380 ubi
1470 339 1630 395 praedia

18 392 219 435 habebat.
280 394 350 434 Ad
379 392 601 435 Ciceronis
636 408 803 446 navem,
834 409 930 450 quae
960 395 1015 435 ad
1045 396 1146 436 litus
1177 396 1486 452 appellebatur,
1510 394 1627 436 co'r‘v‘i

20 450 245 491 confertim
272 450 542 501 advolarunt,
565 455 695 505 atque
726 464 779 492 ex
808 450 993 506 utraque
1020 458 1140 507 parte
1171 458 1368 492 antennae
1398 450 1637 493 insidentes

19 506 174 562 partim
189 506 466 558 crocitarunt,
479 505 633 562 partim
650 506 878 547 rudentum
891 507 1035 563 capita
1047 506 1193 548 rostris
1209 508 1483 550 tutuderunt:
1516 507 1633 565 quod

20 563 190 618 signum
210 563 444 605 infaustum
466 563 666 604 omnibus
685 562 824 604 visum
845 569 924 604 est.
985 561 1137 604 Cicero
1175 569 1321 605 tamen
1354 579 1568 620 egressus,
1589 564 1633 606 in

20 619 165 660 villam
186 634 231 661 se
248 619 425 676 recepit,
440 626 484 661 et
503 619 639 676 quieti
661 634 706 661 se
728 619 868 661 dedit:
900 618 960 660 ibi
982 633 1207 661 corvorum
1223 634 1382 676 magna
1397 635 1496 676 pars
1517 620 1633 662 tristi·

18 690 127 717 voce
147 677 201 717 ad
222 676 453 718 fene-stram
474 676 656 728 assedit3
687 691 798 718 unus
818 677 862 716 in
884 677 1044 718 lectum
1064 676 1295 728 devolavit,
1317 683 1360 717 et
1379 683 1517 718 rostro
1539 690 1633 719 ves-

22 739 124 784 tem,
146 733 233 788 qua
250 732 403 774 Cicero
427 738 566 774 tectus
589 740 692 785 erat,
713 732 922 789 paulatim
943 733 996 775 ab
1019 748 1091 774 ore
1112 733 1248 789 ipsius
1268 732 1461 774 removit.
1513 731 1634 774 Servi

22 788 122 831 cum
142 789 187 830 id
203 789 387 846 prodigii
403 789 611 842 viderent,
626 804 748 831 suam
765 789 982 846 ignavium
995 789 1077 846 ipsi
1093 790 1418 841 damnaverunt,
1436 789 1472 830 si
1488 789 1636 831 herilis

24 845 157 887 caedis
182 851 447 902 spectatores
469 861 562 887 esse
585 846 859 898 sustin-erent,
882 861 1021 902 neque
1053 846 1195 902 ipsum
1216 845 1514 888 defenderent:
1545 855 1638 906 par-

23 902 101 943 tim
117 902 248 957 igitur
262 903 477 958 precibus,
494 902 649 958 partim
662 903 701 944 vi
718 903 969 958 impositum
985 903 1153 944 lecticae
1171 902 1225 944 ad
1241 917 1355 943 mare
1370 903 1635 944 detulerunt:

27 958 199 999 interim
231 973 506 1014 percussores
545 959 771 1011 advenere,
813 959 1054 1000 Herennius
1096 959 1318 1010 Centurio,
1348 962 1393 1000 et
1422 958 1637 1015 Popillius

24 1014 238 1056 Tribunus
260 1014 458 1066 militum,
479 1031 608 1072 quem
635 1015 853 1072 parricidii
889 1030 1008 1057 reum
1038 1015 1311 1057 defenderat:
1344 1015 1433 1072 qui,
1455 1029 1536 1057 nec
1563 1030 1639 1056 un-

27 1086 157 1127 quam
187 1083 230 1112 re
251 1074 332 1112 nec
352 1073 482 1113 verbo
504 1071 530 1113 a
559 1072 769 1113 Cicerone
789 1072 931 1121 laesus,
954 1072 1038 1113 hoc
1066 1071 1150 1113 sibi
1186 1071 1359 1113 crudele
1397 1070 1637 1113 liberatoris

27 1127 94 1169 sui
111 1127 395 1168 interficiendi
417 1143 571 1169 munus
594 1129 833 1169 Antonium
852 1134 1089 1183 rogaverat.

85 1183 367 1224 Percussores
391 1182 488 1224 cu'm
509 1183 623 1225 fores
639 1184 809 1224 clausas
829 1182 1108 1235 invenissent,
1123 1197 1195 1224 eas
1213 1182 1489 1239 effregerunt3
1521 1181 1638 1225 cum-

28 1254 113 1296 que
144 1239 297 1280 Cicero
328 1253 415 1280 non
448 1245 682 1295 appareret,
704 1245 748 1281 et
767 1239 810 1290 ii,
829 1239 900 1295 qui
921 1239 1035 1281 intus
1069 1247 1202 1291 erant,
1223 1240 1297 1281 ubi
1316 1247 1431 1281 esset
1459 1240 1568 1281 scire
1591 1250 1637 1281 se

27 1295 274 1352 negassent,
309 1295 440 1336 fertur
480 1296 756 1352 philologum
789 1297 1030 1352 quemdam,
1066 1296 1217 1344 Quinti
1254 1296 1393 1337 fratris
1427 1296 1638 1348 libertum,

28 1367 157 1409 quem
178 1351 304 1393 bonis
335 1352 497 1393 artibus
519 1359 562 1393 et
588 1352 830 1408 disciplinis
860 1352 951 1409 ipse
981 1352 1133 1394 Cicero
1164 1353 1425 1404 instituerat,
1446 1352 1637 1394 Trib‘uno

28 1408 205 1460 dixisse,
235 1408 434 1449 lecticam
463 1423 538 1464 per
570 1408 787 1449 silvestres
825 1414 869 1449 et
907 1423 1063 1465 opacas
1094 1409 1407 1450 ambulationes
1438 1410 1492 1450 ad
1525 1414 1638 1451 mare

29 1465 199 1506 deferri.
258 1464 471 1506 Tribunus
493 1464 613 1506 recta
634 1479 709 1520 per
730 1465 904 1506 easdem
935 1480 1175 1514 accurrens,
1198 1465 1452 1506 Ciceronem
1481 1472 1548 1506 est
1575 1479 1641 1506 as-

28 1528 225 1572 secutus3
256 1527 315 1572 at,
337 1521 410 1561 ubi
442 1521 562 1562 illum
592 1521 715 1571 vidit,
735 1521 887 1562 Cicero
921 1535 1065 1562 servos
1095 1521 1297 1562 lecticam
1329 1521 1389 1562 ibi
1424 1521 1638 1577 deponere

23 1577 171 1635 jussit,
204 1583 247 1618 et
280 1584 453 1632 paratos
485 1577 651 1619 fortiter
671 1584 714 1618 et
733 1577 917 1618 fideliter
937 1578 991 1618 ad
1023 1577 1331 1628 dimicandum,
1353 1578 1519 1633 quietos
1549 1578 1641 1634 pati

31 1634 146 1689 quod
177 1647 269 1675 sors
301 1633 450 1690 iniqua
484 1639 673 1690 cogeret.
733 1633 844 1675 Cum
883 1634 1071 1675 obsideri
1107 1649 1152 1675 se
1183 1634 1357 1675 armatis
1393 1634 1640 1689 hominibus

30 1689 356 1746 circumspexit:
379 1690 475 1746 Ego
490 1690 588 1731 vero
603 1689 811 1742 consisto,
825 1690 984 1746 inquit:
1008 1697 1052 1732 et
1063 1696 1269 1741 mentum,
1282 1697 1330 1731 ut
1346 1693 1642 1743 consueverat,

29 1753 227 1802 tangens,
248 1746 293 1787 in
314 1747 636 1801 percussoribus
659 1748 808 1788 oculos
829 1753 1076 1788 constanter
1094 1747 1209 1788 fixit:
1243 1753 1285 1788 et
1303 1753 1421 1788 extra
1439 1747 1642 1789 lecticam

32 1803 244 1845 cervicem
271 1803 492 1844 immotam
512 1803 732 1858 praebenti,
761 1810 892 1859 caput
924 1803 950 1844 a
978 1803 1167 1860 Popillio
1195 1804 1422 1859 praecisum
1443 1811 1524 1856 est,
1545 1818 1643 1845 cum

31 1859 245 1910 manibus,
263 1858 418 1914 quibus
437 1859 699 1916 Philippicas
716 1859 759 1900 in
778 1860 1016 1900 Antonium
1035 1860 1274 1916 scripserat.
1338 1856 1481 1916 Caput
1497 1860 1642 1902 statim

33 1917 87 1956 ad
110 1915 349 1956 Antonium
385 1915 570 1956 Romam
596 1916 786 1957 delatum
806 1923 885 1967 est,
911 1916 1027 1972 quod
1058 1923 1156 1972 post
1185 1916 1321 1957 multa
1349 1917 1504 1971 probra
1533 1916 1644 1958 inter

32 1973 140 2013 dua-s
162 1979 327 2022 manu-S,
342 1971 385 2012 in
406 1971 575 2013 Rostris
595 1972 756 2028 posuit,
773 1973 847 2014 ubi
868 1973 939 2014 ille
955 1973 1131 2024 Consul,
1148 1973 1223 2013 ubi
1241 1972 1356 2028 saepe
1375 1973 1641 2024 Consularis,

31 2028 106 2069 ubi
129 2028 329 2069 defensor
357 2029 569 2070 bonorum
600 2029 802 2080 omnium,
825 2029 976 2086 patriae
1011 2043 1178 2087 parens,
1201 2028 1330 2070 Urbis
1363 2029 1578 2081 liberator,
1600 2037 1645 2071 et

34 2088 311 2126 conservator
332 2084 502 2137 civium,
525 2086 577 2127 ea
601 2085 859 2141 eloquentiae
894 2086 1189 2139 admiratione,
1211 2084 1297 2142 qua¹
1316 2086 1435 2127 nulla
1454 2097 1643 2143 unquam

33 2142 195 2198 majore
212 2147 310 2183 ante
328 2155 438 2194 eum,
460 2142 577 2184 nulla
596 2150 696 2199 post
716 2157 828 2195 eum,
849 2142 1021 2185 auditus
1042 2148 1123 2185 est.
