1858 3095
649 194 743 230 PRO
766 191 885 229 LEGE
906 193 1125 230 MANILIA.

100 273 245 309 autem
264 267 480 312 neminem
500 266 701 319 nomin03
732 266 863 324 quare
886 268 1012 310 irasci
1028 268 1133 310 mihi
1155 281 1282 311 nemo
1302 269 1473 326 poterit,
1494 270 1576 314 nisi
1595 271 1668 328 qui

100 323 201 366 ante
223 325 276 367 de
298 341 344 368 se
365 324 546 367 voluerit
567 324 776 367 confiteri.
837 325 1004 382 Itaque,
1028 333 1201 382 propter
1220 326 1332 368 hanc
1351 326 1574 368 avaritiam
1595 329 1670 369 im-

102 390 360 438 peratorum,
374 390 556 438 quantas
572 381 862 434 calamitates,
877 397 1151 440 quocumque
1166 391 1341 425 ventum
1358 383 1426 434 sit,
1448 384 1584 425 nostri
1601 399 1671 426 ex-

103 439 261 481 ercitus
282 439 461 489 uferant,
482 439 578 494 quis
610 439 810 495 ignorat?
874 439 1044 491 Itinera,
1071 455 1166 496 quae
1193 454 1269 496 per
1296 441 1428 482 hosce
1458 454 1594 482 annos
1629 440 1672 481 in

105 495 248 547 Italia,
271 510 344 552 per
363 510 489 552 agros
511 503 641 552 atque
671 495 831 552 oppida
860 496 1018 537 civium
1047 497 1353 548 Romanorum,
1381 496 1516 538 nostri
1540 497 1672 554 impe·
1694 499 1774 540 100

103 560 265 594 ratores
288 552 497 605 fecerunt,
526 553 835 594 recordamini:
868 560 959 594 tum
985 553 1152 594 facilius
1185 553 1402 603 statuetis,
1423 553 1527 609 quid
1557 554 1672 611 apud

104 617 270 651 exteras
292 609 486 650 nationes
508 610 597 651 fieri
619 609 887 651 existimetis.
949 609 1102 650 Utrum
1130 611 1272 665 plures
1308 609 1572 651 arbitramini
1600 625 1675 666 per

106 667 236 707 hosce
257 679 393 707 annos
414 667 601 707 militum
624 673 859 707 vestrorum
880 668 1008 706 armis
1029 666 1221 707 hostium
1242 667 1384 715 urbes,
1412 681 1466 707 an
1485 666 1676 708 hibernis

104 722 317 763 sociorum
338 723 549 774 civitates,
570 737 664 764 esse
688 722 852 764 deletas
865 723 881 762 ¹?
917 737 1057 778 neque
1081 724 1196 764 enim
1213 730 1360 779 potest
1379 723 1614 765 exercitum
1637 723 1674 765 is

106 780 324 821 continere
354 779 596 835 imperator,
619 779 693 836 qui
720 794 765 820 se
793 779 934 834 ipsum
964 793 1050 820 non
1082 779 1304 831 continet3
1333 795 1474 836 neque
1503 794 1676 822 severus
1699 782 1778 824 105

105 850 201 878 esse
221 835 264 876 in
291 836 545 892 judicando,
564 837 638 893 qui
669 836 774 877 alios
803 836 847 876 in
876 851 922 877 se
944 850 1113 877 severos
1136 851 1230 878 esse
1259 837 1432 893 judices
1464 851 1551 878 non
1572 838 1677 879 vult.

107 892 192 934 Hic
211 892 426 943 miramur,
457 893 573 935 hunc
605 893 826 935 hominem
844 892 1010 934 tantum
1034 893 1244 935 excellere
1269 893 1452 945 caeteris,
1476 894 1598 950 cujus
1620 895 1677 935 le-

105 949 256 1006 giones
277 950 342 991 sic
368 950 412 990 in
437 950 588 992 Asiam
607 956 903 1006 pervenerunt,
931 956 980 990 ut
1000 964 1087 991 non
1106 949 1235 991 modo
1254 965 1406 992 manus
1428 951 1539 992 tanti
1562 965 1678 992 exer-

105 1006 234 1057 citus,
257 1007 334 1048 sed
347 1021 400 1048 ne
413 1007 644 1063 vestigium
662 1007 851 1063 quidem,
873 1006 1073 1062 cuiquam
1087 1015 1240 1062 pacato
1263 1008 1462 1049 nocuisse
1484 1007 1677 1050 dicatur?

105 1063 204 1105 Jam
222 1063 322 1105 vero
343 1064 708 1129 quemadmodum
724 1063 884 1105 milites
905 1063 1146 1115 hibernent,
1169 1064 1363 1120 quotidie
1387 1078 1606 1106 sermones
1627 1079 1679 1107 ac
1701 1066 1782 1108 110

108 1120 241 1162 literae
272 1122 555 1176 perferuntur.
616 1121 714 1161 Non
746 1120 892 1172 modo,
922 1127 972 1161 ut
1007 1127 1225 1176 sumptum
1249 1120 1383 1162 faciat
1408 1121 1454 1162 in
1486 1122 1680 1174 militem,

112 1177 271 1218 nemini
301 1177 365 1218 vis
394 1177 597 1228 affertur;
628 1177 705 1219 sed
735 1191 787 1218 ne
821 1177 1010 1232 cupienti
1041 1177 1215 1233 quidem
1243 1179 1445 1234 cuiquam
1471 1179 1682 1234 permitti-

111 1241 204 1284 tur;
240 1233 396 1275 hiemis
436 1234 565 1283 enim,
599 1248 687 1275 non
728 1234 932 1285 avaritiae,
967 1233 1213 1290 perfugium
1246 1236 1430 1292 majores
1468 1235 1604 1276 nostri
1638 1235 1683 1276 in

113 1290 328 1332 sociorum
350 1297 479 1347 atque
501 1291 739 1332 amicorum
760 1290 888 1331 tectis
916 1305 1011 1331 esse
1039 1292 1280 1332 voluerunt.
1340 1292 1436 1346 Age
1466 1291 1581 1343 verb,
1603 1307 1682 1334 cae—

112 1347 214 1388 teris
244 1346 289 1387 in
319 1347 446 1388 rebus
479 1348 596 1403 quali
629 1347 688 1388 sit
725 1346 1022 1402 temperantia,
1060 1347 1344 1389 considerate.
1405 1347 1529 1389 Unde
1565 1349 1682 1390 illam
1703 1350 1784 1392 115

111 1411 276 1445 tantam
290 1404 569 1455 celeritatem,
588 1410 632 1444 et
646 1410 735 1444 tam
750 1402 1046 1444 incredibilem
1064 1418 1235 1444 cursum
1258 1404 1481 1446 inventum
1496 1405 1683 1462 putatis?

110 1474 200 1502 non
235 1460 348 1501 enim
376 1460 497 1502 illum
529 1459 686 1502 eximia
717 1459 783 1501 vis
812 1459 1036 1516 remigum,
1060 1466 1135 1500 aut
1170 1475 1237 1501 ars
1264 1460 1462 1502 inaudita
1486 1462 1684 1517 quaedam

114 1516 394 1574 gubernandi,
427 1524 502 1559 aut
526 1516 643 1559 venti
673 1516 805 1574 aliqui
840 1517 941 1558 novi
976 1522 1066 1557 tam
1097 1516 1290 1559 celeriter
1320 1517 1365 1558 in
1400 1517 1574 1560 ultimas
1598 1526 1682 1561 ter-

115 1589 182 1616 ras
196 1574 484 1629 pertulerunt;
521 1574 598 1615 sed
613 1574 680 1614 hae
698 1589 780 1625 res,
802 1589 899 1630 quae
915 1579 1095 1614 caeteros
1115 1573 1316 1615 remorari
1336 1574 1491 1627 solent,
1511 1590 1597 1617 non
1620 1591 1682 1618 re-

114 1631 362 1672 tardarunt:
392 1646 480 1673 non
496 1630 674 1672 avaritia
692 1630 746 1671 ab
763 1630 964 1672 instituto
984 1645 1111 1671 cursu
1131 1631 1185 1672 ad
1202 1631 1389 1687 praedam
1409 1631 1599 1688 aliquam
1615 1633 1686 1674 de·
1706 1633 1787 1678 120

116 1687 300 1739 vocavit,
327 1702 414 1729 non
439 1687 573 1729 libido
601 1687 656 1728 ad
682 1688 960 1743 voluptatem,
987 1698 1075 1728 non
1105 1687 1333 1729 amoenitas
1362 1688 1417 1729 ad
1438 1689 1687 1731 delectatio-

116 1759 230 1797 nem,
261 1758 348 1786 non
367 1744 571 1787 nobilitas
589 1743 706 1786 urbis
726 1744 780 1786 ad
802 1743 1114 1802 cognitionem,
1144 1759 1232 1787 non
1247 1744 1434 1802 denique
1454 1746 1575 1789 labor
1594 1746 1688 1805 ipse

1713 201 1771 246 49

785 1917 803 1934 ¹¹
817 1913 1018 1968 affrant.

167 2069 219 2098 99.
243 2067 301 2097 Per
316 2067 394 2099 hosce
407 2067 524 2108 annos]
570 2067 707 2108 Tempus
731 2066 885 2107 significat

122 2122 184 2152 quo
197 2111 282 2141 ducti
295 2116 364 2140 sunt
373 2111 526 2141 exercitus
537 2116 644 2140 contra
653 2110 885 2149 Mithridatem,

123 2155 249 2196 piratas,
266 2154 446 2189 Sertorium,
467 2159 498 2183 et
515 2154 712 2193 Spartacum.

170 2199 242 2228 103.
279 2195 444 2236 Hibernis]
491 2195 631 2226 Hiberna
647 2196 791 2225 dicuntur
804 2194 886 2230 loca,

126 2241 178 2271 ubi
195 2250 251 2280 per
266 2239 399 2270 hiemem
412 2238 562 2270 exercitus
577 2245 716 2269 manent.

929 2066 1057 2108 peiisit,
1081 2078 1144 2099 non
1161 2067 1256 2099 modo
1279 2067 1354 2109 quia
1377 2067 1495 2098 nemini
1512 2067 1621 2099 nocuit
1634 2067 1690 2098 sua

930 2110 1068 2146 avaritia,
1089 2112 1143 2141 sed
1161 2121 1201 2141 ne
1225 2121 1339 2141 nocere
1357 2111 1484 2151 quidem
1508 2111 1557 2141 vel
1581 2111 1691 2141 leviter

930 2153 992 2182 suis
1008 2153 1157 2193 permisit.

974 2198 1049 2226 114.
1072 2197 1136 2237 Age
1160 2195 1253 2236 verb]
1300 2195 1395 2227 Nunc
1418 2196 1458 2225 de
1482 2196 1690 2237 temperantia.

931 2237 1100 2278 Pompeiig
1139 2245 1186 2269 est
1214 2244 1317 2269 autem
1347 2239 1555 2279 temperantia
1579 2240 1689 2278 virtus,

170 2285 245 2314 108.
270 2282 379 2312 Manus
403 2284 479 2312 tanti
501 2281 665 2322 exercitiis]
712 2281 763 2311 Ita
777 2290 887 2321 perve-

127 2332 237 2357 nerunt
250 2326 282 2356 in
298 2325 406 2355 Asiam
423 2325 563 2365 legiones
588 2324 743 2365 Pompeii,
769 2329 804 2353 ut
823 2334 886 2353 non

127 2369 222 2400 mod&
245 2369 320 2399 nihil
357 2370 516 2409 rapuerint
542 2377 596 2408 per
618 2368 723 2405 viani3
761 2366 816 2396 sed
846 2377 886 2397 ne

128 2413 242 2454 pedem
256 2411 385 2453 quidem
400 2411 527 2442 tulerint
537 2411 623 2452 apud
640 2421 709 2441 eum
723 2410 777 2451 qui
792 2409 887 2441 hostis

128 2466 191 2486 non
208 2461 301 2486 esset.

172 2501 247 2529 111.
283 2497 324 2528 Ut
347 2502 493 2538 sumptum
504 2496 634 2538 faciat]
678 2494 807 2526 Nemini
843 2495 889 2526 vis

129 2542 258 2574 infertur
278 2546 312 2572 ut
335 2546 475 2582 sumptus
490 2540 566 2570 fiant
581 2550 653 2580 erga
667 2539 794 2574 milites,
817 2539 890 2569 sub-

132 2584 346 2619 ministrando.
369 2595 397 2614 v.
426 2594 456 2624 g.
482 2589 595 2619 vestes,
626 2582 803 2624 pecuniam,
831 2582 889 2614 ἃς.

134 2628 198 2657 Sed
219 2638 259 2658 ne
275 2625 461 2668 permittitur
475 2626 613 2667 quidem,
630 2631 664 2655 ut
679 2636 733 2655 eos
749 2630 889 2666 sumptus

135 2669 185 2700 vel
201 2670 262 2710 ipsi
273 2669 381 2700 Asiani
393 2674 504 2711 sponte
516 2669 644 2701 faciant.

179 2715 252 2745 113.
276 2713 402 2752 Major-es
412 2713 528 2754 nostri]
575 2712 769 2743 censuerunt
793 2711 891 2741 socios

133 2757 167 2787 in
188 2755 323 2787 hibernis
346 2766 409 2787 non
428 2766 496 2787 esse
518 2755 690 2796 gravandos
706 2755 891 2795 sumptibus.

134 2799 249 2839 Itaque
265 2797 336 2829 cum
356 2798 534 2830 innocentia
558 2799 654 2829 virtus
676 2798 715 2828 sit
735 2808 806 2838 quze
826 2797 894 2827 nul-

135 2841 158 2872 li
173 2845 277 2878 nocet,
291 2840 437 2880 colligere
458 2841 549 2873 facite
563 2841 646 2879 licet,
667 2846 785 2883 quanta
801 2840 895 2871 Pom-

931 2292 1000 2322 quae
1017 2291 1055 2311 ex
1069 2281 1154 2312 recta
1179 2281 1297 2312 ratione
1320 2281 1454 2318 libidini,
1467 2281 1634 2322 voluptati,
1659 2287 1692 2313 et

933 2324 1000 2354 aliis
1017 2325 1117 2363 pravis
1132 2324 1360 2362 affectionibus,
1376 2325 1564 2355 dominatur.

978 2369 1050 2397 119.
1096 2368 1250 2398 Remorum·
1277 2367 1394 2408 selena]
1447 2366 1592 2399 Avaritia
1628 2367 1691 2398 Lu-

931 2410 1046 2483 qullum
1080 2411 1098 2441 εἰ
1130 2411 1348 2453 persequendo
1382 2411 1567 2442 Mithridate
1596 2416 1692 2448 retar-

933 2458 1032 2483 (avit.

977 2499 1052 2527 121.
1088 2494 1156 2526 Non
1170 2495 1283 2537 libido]
1329 2495 1377 2526 Ea
1391 2495 1584 2527 continentia
1596 2496 1692 2529 fuisse

935 2538 1121 2580 Pompeium
1157 2545 1260 2570 narrat
1296 2539 1492 2575 Plutarchus,
1515 2545 1560 2575 ut,
1590 2541 1692 2580 captis

935 2582 1127 2613 Mithridatis
1142 2582 1319 2623 pellicibus,
1341 2593 1449 2613 omnes
1463 2581 1564 2613 salvas
1579 2583 1620 2613 ad
1636 2593 1692 2624 pa·

933 2631 1035 2656 rentes
1048 2625 1211 2657 remiserit.

977 2671 1052 2699 122.
1091 2667 1237 2698 Nobilitas
1275 2667 1382 2708 urbia]
1442 2666 1522 2698 Cum
1552 2667 1694 2698 solvisset

936 2710 1114 2746 Brundisio,
1137 2711 1248 2741 inuitas
1262 2713 1352 2742 urbes
1375 2709 1594 2750 pulcherrimas
1615 2721 1693 2755 prae-

936 2754 1076 2791 termisit,
1091 2753 1210 2785 mitum
1228 2754 1367 2785 Athenas
1380 2752 1529 2790 lustravit,
1542 2754 1597 2786 ubi
1607 2764 1695 2787 sacra

938 2797 1025 2837 fecit,
1039 2796 1147 2830 habita
1161 2797 1298 2829 oratione
1314 2797 1353 2828 ad
1368 2795 1530 2838 populum-
