1838 3017
784 149 931 183 Nolle.

71 219 132 252 tius
146 220 352 253 AEuobnrbos
376 222 417 254 de
433 224 461 254 vt
475 223 573 254 factus
589 226 635 255 est
651 224 833 265 inquisitor;

69 264 113 297 A.
129 265 306 306 Torquatus
318 266 359 297 de
373 266 500 297 ambitu.
537 266 645 298 Pridie
657 267 831 299 CaLMart.

69 306 103 338 in
119 314 229 339 senatu
244 308 321 339 dixit
336 308 518 340 Hortensius
539 310 612 351 (pro
636 311 776 350 decreto,
800 318 834 342 ut

70 350 215 392 arbitror)
235 351 276 382 de
300 352 457 383 veteribus
480 358 514 383 ut
529 359 616 384 extra
630 354 771 384 ordinem
788 353 832 385 le-

70 393 160 434 gibus
186 400 386 436 quaereretur.
431 395 515 426 Huic
545 397 706 427 sententiae
736 396 830 428 inter.

69 436 164 467 cessit
193 437 324 468 furiosus
354 437 407 468 ille
436 438 521 469 Trib.
549 438 641 470 1'leb.
671 440 831 470 Munatius

72 478 219 516 Plancus,
240 485 363 521 emptus
386 480 404 510 ἢ
429 480 607 512 Clodianis:
633 483 715 523 quod
733 483 832 514 innuit

70 521 141 553 Cic.
163 522 317 564 iuquiens,
355 522 480 564 Reliqua
516 524 637 556 Senatus
673 527 831 556 auctoritas

71 565 167 605 emptd
204 567 398 597 intercessione
444 567 559 598 sublata
600 574 651 598 est.
726 568 830 604 Quare

73 608 155 638 nova
174 607 243 650 lege
267 608 308 639 de
332 609 362 639 vi
385 609 424 640 ab
446 609 559 651 Appiis
582 610 832 642 adolescentibus

74 650 156 681 Milo
186 650 358 692 postulatus
384 658 431 683 est
458 653 543 694 apud
575 653 610 684 1..
639 653 831 684 Domitium:

73 693 134 724 hac
158 693 227 735 lege
252 695 333 724 novis
355 695 395 726 de
420 694 450 725 vi
475 696 678 736 quaestionem
705 697 832 733 habuit3

74 746 145 777 quae
159 735 231 767 etim
245 743 328 767 esset
350 737 522 778 multiplex,
544 739 657 779 nempe
682 739 721 768 de
744 739 831 769 caede

73 779 157 810 faeta
171 780 204 810 in
223 779 332 821 Appia
348 781 409 817 via,
432 781 472 811 de
494 781 641 811 incendio
664 781 767 816 curiae,
791 781 831 810 de

71 822 167 852 domo
184 822 297 863 Iaepidi
310 823 468 862 interregis
483 823 682 864 oppugnauh
705 833 773 853 cam
785 823 832 853 di·

75 864 141 895 vidi
158 865 324 905 postulavit
340 865 382 901 Q.
398 865 508 896 Fusius
521 871 654 901 senator,
676 866 707 896 id
725 871 783 902 est,
800 871 833 896 ut

70 907 116 938 de
144 908 236 938 rebus
262 907 390 949 singulis
413 908 549 939 actiones
571 909 755 939 haberentur
772 909 835 939 sin-

75 949 174 992 gulte:
201 955 234 981 et
257 951 315 981 hoc
339 955 385 981 est
406 952 490 992 quod
515 951 557 981 ait
580 951 701 988 Cicero,
732 951 836 982 Dii-isa

74 994 215 1024 sementia
241 999 279 1024 est
304 994 468 1034 postulante
499 995 588 1024 nescio
613 1005 677 1035 quo.
722 994 835 1035 Itaque

79 1036 162 1066 Milo
173 1036 276 1078 jussus
293 1036 392 1077 pridie
407 1035 494 1066 Non.
518 1037 632 1078 Aprilis
656 1038 696 1068 ad
720 1038 836 1068 comitii

77 1079 211 1110 tribuual
229 1079 335 1116 venit5
357 1079 375 1109 Ξι
398 1089 459 1120 quo
476 1089 530 1119 per
551 1079 686 1110 triduum
711 1091 747 1110 ex
768 1080 837 1120 lege

80 1120 227 1163 Pompeii
242 1122 371 1152 testibus
386 1122 510 1158 auditis,
534 1123 623 1153 tertio
645 1122 722 1153 Idus
738 1123 837 1164 April.

74 1164 216 1206 judicum
233 1165 352 1195 sortitio
375 1165 510 1205 acceptis
534 1166 656 1196 tabellis
676 1166 758 1197 sacta
781 1173 837 1197 est.

80 1208 158 1238 Tum
175 1209 214 1238 ad
228 1209 333 1239 horam
344 1208 510 1239 secundam
527 1215 719 1239 accusatores
734 1219 838 1250 coepc-

81 1257 153 1282 runt
167 1251 282 1287 dicere,
298 1251 421 1292 Appius
435 1251 543 1292 major,
557 1252 605 1281 M.
619 1251 785 1288 Antonius,
807 1258 839 1283 et

81 1294 121 1326 P.
147 1293 290 1325 Valerius
314 1293 440 1334 Nepos,
474 1294 527 1335 qui
550 1294 581 1324 iu
607 1295 729 1335 agenda
751 1296 836 1326 caede

81 1336 199 1373 Clodii,
221 1337 341 1367 duabus
364 1347 400 1368 ex
422 1337 491 1377 lege
516 1337 658 1378 Pompeii
681 1338 762 1368 horis
789 1339 836 1369 usi

82 1385 170 1411 sunt:
199 1379 244 1410 his
265 1390 344 1410 unus
367 1379 528 1421 respondit
550 1380 597 1410 M.
614 1379 696 1411 Tull.
713 1380 838 1412 Cicero.

81 1422 149 1454 Jac.
165 1422 320 1463 Cruqur’us.

124 1467 199 1496 312.
231 1466 286 1496 Sed
307 1465 400 1497 Stulti
419 1477 528 1501 sumus,
555 1466 631 1507 qui.]
678 1466 836 1497 Corrcctio

81 1509 221 1544 oratoris,
245 1509 470 1550 recapitulatio,
490 1509 600 1548 ironia,
623 1520 750 1550 quarum
763 1521 837 1540 con·

82 1557 189 1587 centu,
211 1556 245 1583 ut
259 1552 335 1582 alias
351 1552 461 1592 figuras
476 1552 628 1588 omittam,
652 1552 726 1583 mire
742 1553 838 1584 oratio

83 1599 287 1635 temperatur.
332 1595 442 1626 Abrah.

127 1637 178 1670 Ib.
207 1637 336 1668 Dederus
355 1639 442 1674 enim,
465 1638 555 1678 quum
580 1644 767 1669 contemneres
792 1649 843 1678 po-

82 1680 227 1722 pulares]
273 1681 486 1712 Constantiam
512 1681 548 1711 L.
570 1680 714 1717 Domitii,
751 1692 844 1722 quam

84 1724 117 1754 in
148 1723 280 1765 praetura
308 1724 459 1765 praestitit,
488 1724 650 1764 significat.
694 1723 776 1754 Nam
807 1735 845 1755 eo

85 1771 239 1806 tempore,
275 1765 344 1797 etim
373 1766 433 1798 Cn.
463 1767 602 1797 Manlius
635 1767 772 1797 tribunus
795 1766 845 1798 Pl.

87 1809 233 1840 subnixus
261 1809 470 1840 libertinorum
501 1815 533 1839 et
557 1820 711 1840 servorum
742 1820 845 1846 manu,

88 1852 327 1895 perditissimam
344 1852 445 1892 legem
461 1852 565 1888 ferret,
588 1857 623 1882 ut
644 1852 791 1883 libertinis
814 1852 846 1882 in

92 1895 231 1926 omnibus
243 1894 380 1926 tribubus
390 1895 566 1936 suffragium
576 1901 666 1931 esset,
679 1895 774 1936 idque
792 1906 847 1936 pet·

89 1938 254 1968 tumultuin
265 1946 382 1979 ageret,
395 1943 427 1969 et
436 1938 549 1969 clivum
564 1937 775 1978 Capitolinum
790 1938 845 1967 ob·

90 1981 216 2017 siderei,
244 1981 431 2011 discusserat
464 1986 706 2021 perruperatque
732 1985 846 2010 coetum

89 2023 261 2059 Domitius,
284 2023 328 2053 ita
350 2029 384 2053 ut
408 2023 493 2053 multi
509 2023 737 2053 manlianorum
753 2023 847 2052 inter-

90 2067 272 2104 ficerentu13
303 2076 365 2106 quo
392 2065 474 2096 sacto
501 2071 533 2096 et
559 2066 682 2106 piebem
709 2066 845 2095 intimam

93 2109 278 2145 offenderat,
301 2114 334 2139 et
356 2108 480 2140 senatus
497 2119 638 2150 magnam
654 2108 784 2149 gratiam
799 2108 848 2138 in-

92 2154 181 2184 ierat.
226 2153 327 2184 Ascon.

136 2197 212 2226 313.
239 2194 305 2225 Non
329 2195 468 2236 religione
491 2193 616 2234 aliqtui]
677 2192 752 2223 Non
777 2193 848 2223 ideo

94 2245 252 2281 permotus
268 2243 316 2269 est
329 2238 370 2267 ad
386 2237 619 2278 relinquendam
631 2246 668 2266 eo
681 2247 762 2267 auno
774 2247 851 2277 prae·

95 2288 170 2312 turae
187 2281 380 2323 petitionem,
396 2280 468 2321 quia
485 2280 604 2310 viderat
617 2289 679 2309 non
695 2280 789 2310 semei
805 2280 852 2309 in-

97 2325 267 2364 auspicatis
283 2323 403 2359 avibus,
425 2328 456 2352 et
469 2322 535 2353 aliis
552 2321 678 2353 sinistris
694 2322 850 2364 auspiciis,

94 2367 220 2398 coniitia
235 2365 399 2408 prohiberi.
441 2365 552 2395 Abrah.

140 2412 214 2441 322.
240 2409 364 2444 Quando
376 2409 455 2438 illius
466 2407 561 2448 posteri
574 2409 643 2444 sica,
655 2407 732 2449 δῖα]
779 2407 853 2438 Ma·

96 2453 243 2484 nise-stum
266 2457 314 2483 est
336 2451 488 2493 pertinere
512 2451 550 2480 ad
575 2451 606 2481 id
625 2456 758 2492 tempus,
780 2460 854 2491 quo,

96 2501 169 2537 post
191 2495 381 2537 rogationem
411 2493 430 2523 a
453 2493 565 2524 Publio
588 2493 701 2525 Clodio
728 2494 759 2524 in
785 2503 854 2524 eum

96 2539 337 2579 promulgatam,
360 2537 445 2568 Urbe
461 2537 564 2567 cessit.

145 2580 248 2617 Quare
279 2581 374 2619 dicat,
397 2581 537 2610 insidiata
565 2578 696 2619 Pompeio
716 2585 767 2616 est,
796 2579 857 2609 for-

100 2624 190 2653 tassis
214 2623 374 2664 quaeratis:
408 2623 522 2654 Pisone
549 2627 580 2653 ct
600 2621 737 2653 Gabinio
769 2621 857 2653 Coss.

100 2665 192 2706 pulso
209 2665 360 2697 Cicerone
386 2665 418 2696 in
434 2665 584 2701 exsilium,
608 2664 677 2696 etim
694 2664 759 2695 111.
783 2664 860 2694 Idus

100 2707 232 2740 Sextiles
251 2707 420 2752 Pompeius
434 2708 466 2742 in
483 2713 622 2742 senatum
637 2708 734 2747 venit,
749 2707 862 2740 dicitur

1584 148 1592 160 Ι
1617 148 1636 159 Ρ

1554 146 1639 190 53ο

876 235 966 254 servo
992 223 1028 254 1‘.
1044 222 1147 254 Clodii
1170 222 1264 254 sicam
1287 220 1452 256 excidisse,
1475 231 1576 264 eaque
1593 225 1632 255 ad

878 267 1046 298 Gabinium
1057 266 1214 298 consulem
1225 265 1342 302 delata,
1350 266 1534 302 dictumest,
1546 277 1636 297 servo

877 310 1060 351 imperatum
1077 309 1094 338 ii
1108 309 1145 339 P.
1163 309 1288 344 Clodio,
1310 314 1345 338 ut
1367 307 1536 349 Pompeius
1552 310 1635 340 occi-

877 354 1011 386 deretur.
1057 352 1225 402 Pompeius
1247 352 1349 382 statim
1375 351 1499 381 domum
1529 352 1634 390 rediit,

875 406 912 426 cx
929 407 966 426 eo
983 395 1067 426 domi
1084 400 1172 425 teuus
1183 394 1323 426 obsessus
1338 400 1387 425 est
1398 394 1492 425 etiam
1506 394 1525 424 εἰ
1541 393 1633 425 liber·

877 444 908 468 to
924 438 1027 470 Clodii
1044 437 1210 473 Damione,
1227 443 1258 468 ut
1275 449 1311 468 ex
1327 436 1415 468 Actis
1429 436 1497 477 ejus
1513 442 1637 479 tempo—

877 481 914 511 ris
945 481 1098 523 coguovi;
1128 481 1158 511 iu
1183 480 1295 521 quibus
1319 491 1366 510 xv.
1390 479 1460 512 Cal.
1480 480 1567 522 Sept.
1595 481 1634 512 L.

876 523 997 555 Novius
1011 524 1150 554 tribunus
1174 523 1264 555 1'leb.
1285 523 1407 563 collega
1422 522 1538 559 Clodii,
1562 522 1635 554 etim

878 565 994 597 Damio
1010 565 1174 597 adversum
1190 565 1329 597 Flavium
1347 572 1508 606 praetorem
1523 566 1635 607 appel-

875 609 952 640 laret
981 610 1132 647 tribunos,
1160 614 1192 639 et
1219 608 1328 639 tribuni
1353 609 1394 638 de
1421 608 1633 649 appellatione

875 656 1106 693 cognoscerent,
1130 651 1174 681 ita
1197 650 1381 681 sententiam
1400 651 1496 682 dixit:
1521 650 1558 681 Ει
1584 651 1636 681 hoc

874 696 1037 733 apparitore
1062 693 1099 723 P.
1126 694 1220 723 Clodii
1242 694 1409 723 vulneratus
1429 704 1514 730 sum‚·
1542 699 1569 724 et
1585 694 1634 724 ho-

876 738 998 767 minibus
1017 738 1139 766 armatis
1151 736 1291 776 praesidt'is
1305 737 1444 775 dispositis
1457 736 1473 764 ii
1490 737 1636 775 republica

874 786 997 809 remotus
1018 789 1100 809 sum:
1132 778 1234 809 Cnaeus
1257 778 1408 819 Pompeius
1427 779 1548 809 obsessus
1573 785 1636 816 est,-

874 821 938 851 ciim
958 823 1094 862 appeller,
1118 833 1174 852 non
1190 827 1260 851 utar
1273 823 1333 861 ejus
1353 823 1473 862 exemplo
1492 832 1572 862 quem
1591 824 1637 853 vi—

876 870 995 904 tupero;
1018 871 1045 895 et
1061 865 1210 907 judicium
1234 865 1329 895 collam
1352 871 1377 896 et
1400 866 1512 907 reliqua
1534 866 1569 895 de
1590 867 1637 896 in·

878 910 1049 938 tet-cessione.
1093 907 1208 938 Ascon.

920 953 996 982 32‘2.
1042 949 1116 981 Nece
1151 950 1268 991 Papirii
1300 951 1493 992 cruentavit]
1540 951 1637 983 Pom-

880 993 979 1034 peius,
1003 1000 1074 1035 post
1096 993 1283 1035 triumphum
1309 994 1568 1030 Mithridaticum,
1584 995 1639 1026 Ti-

881 1037 982 1076 granis
1007 1036 1102 1066 lilium
1133 1036 1164 1067 in
1193 1036 1310 1067 catenis
1336 1037 1523 1078 deposuerat
1552 1039 1636 1078 apud

882 1079 1021 1110 Flaxium
1044 1085 1235 1117 senatorem3
1260 1079 1314 1121 qui
1336 1079 1445 1120 postezi
1467 1080 1536 1111 etim
1555 1089 1641 1111 esset

883 1128 992 1163 praetor
1008 1122 1119 1153 eodem
1137 1132 1230 1158 anno,
1254 1133 1315 1164 quo
1339 1123 1476 1154 tribunus
1499 1123 1548 1154 Pl.
1565 1122 1639 1155 Clo·

881 1165 962 1201 dius,
985 1165 1075 1206 petIit
1097 1166 1135 1195 ab
1152 1176 1189 1195 eo
1205 1165 1334 1196 Clodius
1347 1176 1438 1207 super
1450 1176 1580 1202 coenarn,
1605 1173 1641 1197 ut

881 1207 1045 1248 Tigranem
1062 1208 1326 1248 adducijuberet,
1350 1215 1383 1238 ut
1405 1219 1475 1239 eum
1498 1208 1642 1247 viderct;

881 1251 1051 1282 adductum
1080 1251 1245 1282 collocavit
1273 1251 1304 1281 iu
1332 1251 1526 1282 convivium:
1564 1252 1642 1283 dein

883 1293 988 1324 Flavio
1003 1304 1065 1324 uon
1080 1293 1225 1325 reddidit.
1271 1294 1437 1335 Tigranem
1456 1295 1584 1332 dimisit,
1608 1302 1645 1326 et.

880 1337 989 1367 habuit
1003 1342 1087 1368 extra
1101 1342 1237 1373 catenas,
1250 1347 1308 1368 nec
1321 1338 1474 1377 repetenti
1486 1337 1642 1379 Pompeio

880 1379 1031 1416 reddidit;
1054 1380 1164 1421 postea]
1174 1380 1205 1410 in
1222 1390 1331 1410 navem
1345 1380 1505 1421 deposuit3
1529 1381 1640 1412 etcum

880 1423 1059 1464 profugeret
1078 1423 1142 1459 ille,
1167 1428 1352 1463 tempestate
1374 1423 1496 1454 delatus
1512 1430 1558 1454 est
1574 1423 1643 1455 Au-

880 1465 973 1503 tium;
998 1464 1080 1496 illico
1105 1471 1138 1495 ut
1159 1466 1366 1496 deduceretur
1383 1466 1421 1496 ad
1439 1478 1485 1503 se,
1510 1467 1640 1498 Clodius

882 1507 966 1539 Sext.
975 1507 1122 1539 Clodium
1135 1508 1218 1538 misit
1227 1509 1280 1549 qui
1293 1519 1363 1540 eum
1374 1509 1544 1540 reduceret.
1571 1510 1642 1540 Fla-

882 1552 947 1582 vius
960 1561 1096 1593 quoque,
1113 1562 1144 1582 re
1155 1551 1292 1592 cognita,
1309 1552 1348 1582 ad
1364 1552 1573 1593 diripiendum
1587 1553 1644 1583 Ti-

884 1605 1008 1635 granem
1025 1595 1180 1636 profectus
1197 1599 1262 1624 est:
1290 1595 1330 1625 ad
1347 1605 1490 1636 quartum
1504 1596 1647 1636 lapidem·

886 1638 925 1667 ab
941 1637 1024 1668 Urbe
1041 1648 1146 1678 pugna
1161 1638 1243 1667 facta
1263 1643 1327 1676 est;
1351 1639 1382 1669 in
1407 1638 1470 1679 quil
1492 1638 1583 1669 multi
1605 1649 1645 1671 ex

888 1679 1018 1721 utraque
1034 1686 1122 1720 parte
1138 1680 1329 1716 ceciderunt,
1351 1680 1454 1722 plures
1477 1686 1578 1713 tamen
1605 1692 1645 1712 ex.

887 1722 998 1758 Flavii,
1026 1723 1106 1753 inter
1133 1733 1210 1763 quos
1241 1728 1273 1753 et
1302 1723 1351 1755 Μ.
1376 1723 1520 1764 Papirius
1547 1735 1645 1767 eques

889 1764 1049 1796 Romanus
1079 1766 1274 1806 publicanus,
1297 1766 1454 1798 familiaris
1479 1767 1647 1808 Pompeio.

889 1807 1011 1840 Flavius
1037 1808 1244 1839 siue*comite
1267 1807 1402 1840 Romam
1427 1809 1476 1840 vix
1499 1811 1651 1852 perfugit.

889 1852 991 1882 Ascon-

933 1893 982 1926 Ib.
1016 1893 1154 1925 Potuitne
1190 1893 1227 1925 L.
1258 1894 1365 1926 Caecilii
1382 1896 1542 1934 justissimi
1563 1896 1647 1938 fort.

888 1936 967 1977 δια]
1017 1937 1054 1970 L.
1073 1937 1215 1968 Caecilius
1237 1937 1350 1973 Rufus,
1375 1940 1414 1969 de
1437 1950 1499 1980 quo
1523 1940 1649 1976 dicitur,

889 1985 1000 2020 praetor
1019 1980 1077 2009 suit
1097 1979 1134 2010 P.
1158 1980 1292 2011 Lentulo
1314 1979 1490 2021 Spinthere,
1515 1982 1556 2018 Q.
1574 1982 1650 2013 Me-

889 2022 962 2052 tello
982 2021 1110 2062 Nepote
1130 2022 1218 2052 Coss.
1241 2033 1303 2063 quo
1326 2033 1407 2053 anno
1428 2023 1538 2054 Cicero
1562 2026 1652 2056 resti-

889 2069 973 2095 tutus
990 2070 1047 2094 est.
1079 2064 1110 2094 Is
1124 2063 1193 2095 cum
1206 2065 1322 2095 faceret
1337 2065 1425 2096 ludos
1437 2066 1646 2107 Apollinares.

890 2107 935 2137 ita
954 2107 1058 2137 intima
1070 2107 1245 2143 multitudo,
1259 2108 1412 2139 concitata
1425 2119 1557 2140 annonae
1572 2112 1650 2142 cati·

892 2155 967 2186 tate,
976 2150 1171 2185 tumultuata,
1182 2157 1239 2185 est,
1251 2156 1284 2180 ut
1295 2161 1413 2187 ornnes,
1425 2152 1518 2193 quiin
1530 2154 1650 2186 theatro

894 2193 1056 2231 spectandi
1085 2193 1179 2223 causa
1205 2193 1420 2229 consederant,
1450 2195 1650 2234 pellerentur.

894 2235 947 2266 De
974 2235 1153 2277 oppugnata
1175 2236 1268 2266 domo
1290 2247 1443 2277 nusquam
1457 2238 1559 2270 adhuc
1575 2239 1648 2281 legi.

896 2278 1064 2319 Pompeius
1081 2285 1192 2314 tamen,
1214 2278 1282 2309 etim
1299 2279 1482 2311 defenderet
1495 2281 1653 2315 Milonem

895 2322 978 2362 apud
993 2321 1153 2363 populum,
1176 2322 1216 2351 de
1232 2322 1261 2351 vi
1277 2329 1440 2354 accusante
1457 2323 1584 2361 Clodio,
1595 2326 1653 2356 ob.-

895 2364 992 2402 stitit;
1025 2369 1056 2394 et
1079 2363 1207 2405 legimus
1231 2365 1315 2406 apud
1340 2365 1484 2397 Tironem
1507 2366 1654 2401 libertum

898 2406 1066 2442 Ciceronis,
1089 2407 1119 2436 iu
1135 2407 1210 2437 libro
1234 2412 1342 2448 quarto
1357 2408 1397 2439 de
1413 2408 1478 2440 vita
1493 2408 1571 2451 ejus,
1596 2422 1656 2454 op,-

897 2460 1034 2491 pressum
1057 2450 1076 2479 ἰι
1094 2449 1207 2480 Clodio
1230 2450 1266 2482 L.
1294 2449 1454 2482 Caecilitun
1480 2459 1654 2493 praetorem.

899 2493 1002 2523 Ascon.
1017 2492 1174 2523 Pedianus.

943 2538 1017 2567 331.
1049 2535 1229 2570 Quibusnam
1254 2536 1288 2566 de
1309 2535 1421 2577 servia]
1466 2538 1550 2570 Hinc
1574 2534 1660 2571 infir-

900 2584 1001 2609 matur
1016 2578 1093 2609 fides
1109 2578 1297 2619 quaestionis,
1319 2577 1403 2620 quod
1421 2585 1452 2608 et
1467 2587 1571 2611 essent
1593 2593 1657 2619 ser—

900 2621 932 2651 vi
948 2621 1064 2657 Clodii,
1086 2627 1118 2651 et
1140 2622 1157 2652 ἐ
1180 2622 1272 2652 domo
1297 2622 1481 2652 accusatoris
1503 2624 1656 2664 produce-

902 2669 1016 2704 rentur,
1038 2669 1071 2695 et
1092 2664 1159 2704 ipse
1181 2670 1339 2697 accusator
1363 2664 1490 2703 liaberet
1510 2668 1656 2709 quaestio.

903 2717 986 2740 nem.
1031 2707 1138 2741 Abrah.
