1858 3095
710 158 798 190 PRO
823 158 981 190 COELIO.

80 235 323 292 luctusque,
354 234 552 278 declarat.
615 234 740 287 Nam,
761 235 877 292 quod
898 242 964 276 est
984 233 1215 289 objectnn‘i,
1238 233 1526 289 municipibus
1540 246 1636 276 esse
1656 234 1712 275 20

80 292 399 334 adolescentem
420 306 505 333 non
526 291 542 314 ¹³
556 292 780 347 probatum
803 292 915 341 suis3
950 291 1107 331 nemini
1126 306 1312 347 unquam
1329 290 1526 347 praesenti
1550 290 1637 332 Pu-

80 349 240 390 teolani
274 350 451 405 majores
484 348 666 389 honores
700 349 955 398 habuerunt,
987 347 1119 403 quam
1165 348 1333 389 absenti
1367 347 1430 388 M.
1467 346 1634 398 Coeli03

80 419 208 460 quem
230 413 273 446 et
287 406 507 446 absentem
528 405 571 445 in
591 405 901 460 amplissimum
915 405 1105 445 ordinem
1123 404 1395 460 cooptarunt,
1418 410 1460 444 et
1481 418 1532 444 ea
1548 418 1635 444 non

78 461 243 517 petenti
265 461 521 508 detulerunt,
553 476 647 517 quae
668 461 812 502 multis
830 461 1076 518 petentibus
1095 461 1382 516 denegarunt:
1418 460 1634 515 iidemque

79 531 195 559 nunc
215 517 472 559 lectissimos
485 518 613 568 viros,
636 525 679 559 et
699 519 834 559 nostri
856 518 1018 559 ordinis
1036 524 1079 558 et
1099 517 1264 572 equites
1286 516 1521 565 Romanos,
1536 530 1635 557 cum
1654 514 1710 556 25

78 573 294 629 legatione
315 574 369 614 ad
391 574 473 615 hoc
487 574 717 630 judicium,
739 581 894 615 etcum
918 573 1186 630 gravissima,
1206 580 1335 628 atque
1358 572 1633 613 ornatissima

77 629 338 681 laudatione,
379 630 599 672 miserunt.

664 631 827 672 Videor
854 630 957 670 mihi
986 629 1147 684 jecisse
1178 629 1458 669 fundamenta
1490 628 1635 669 desen-

79 685 214 726 sionis
254 701 385 738 meae3
417 702 512 743 quae
539 687 781 727 firmissima
817 692 932 735 sunt,
970 685 1198 738 [nitantur]
1228 684 1397 740 judicio
1433 698 1636 736 suorum,

75 755 217 798 neque
234 743 348 784 enim
369 743 490 784 vobis
514 742 617 784 satis
638 742 968 783 ccommendata
994 741 1120 796 hujus
1154 748 1257 781 aetas
1280 755 1374 782 esse
1391 747 1554 796 posset,
1586 741 1636 788 si,

76 811 164 838 non
185 799 313 839 modo
338 799 504 854 parenti
533 799 608 840 tali
647 799 750 849 viro,
781 797 925 838 verum
952 798 1081 838 etiam
1105 797 1339 852 municipio
1361 804 1450 838 tam
1479 797 1635 838 illustri
1655 799 1714 839 30

740 853 972 910 Equidem,
1003 861 1052 894 ut
1087 854 1141 894 ad
1177 868 1242 894 me
1264 860 1461 904 revertar,
1493 854 1547 894 ab
1568 854 1634 894 his

77 868 129 895 ae
150 860 238 894 tam
258 855 391 910 gravi,
416 854 679 910 displiceret.

77 909 271 951 fontibus
307 911 490 967 profluxi
532 911 586 952 ad
620 910 843 952 hominum
878 910 1058 951 famam:
1111 915 1154 950 et
1191 925 1311 951 meus
1344 910 1415 951 hic
1451 910 1635 952 forensis

75 966 199 1008 labor
212 966 398 1023 vitaeque
420 967 526 1008 ratio
547 967 782 1008 dimanavit
803 967 857 1008 ad
880 965 1243 1008 existimationem
1263 966 1484 1007 hominum
1506 967 1636 1023 paulo

72 1022 201 1064 latius
252 1024 624 1065 commendatione
660 1039 711 1065 ac
740 1023 908 1079 judicio
966 1037 1172 1064 meorum.

67 1080 238 1135 jectum
259 1087 325 1121 est
356 1080 409 1121 de
430 1079 656 1136 pudicitia,
688 1080 889 1135 quodque
913 1080 1102 1121 omnium
1133 1086 1430 1121 accusatorum
1450 1095 1537 1121 non
1559 1080 1638 1121 cri·
1656 1082 1715 1122 35

1233 1023 1359 1074 Nam,
1409 1024 1525 1079 quod
1558 1024 1637 1064 ob-

76 1136 280 1187 minibus‚
301 1137 377 1177 sed
395 1137 590 1187 vocibus,
609 1136 949 1191 maledictisque,
974 1136 1236 1176 celebratum
1255 1144 1334 1187 est,
1356 1136 1398 1177 id
1415 1151 1637 1193 nunquam

73 1199 164 1232 tam
184 1192 338 1233 acerbe
360 1193 468 1234 feret
502 1193 566 1233 M.
589 1193 768 1240 Coelius,
800 1200 848 1233 ut
881 1192 897 1215 *¹
916 1207 1013 1232 eum
1033 1193 1240 1247 poeniteat
1276 1208 1363 1234 non
1399 1193 1636 1234 deformem

74 1262 171 1289 esse
192 1255 362 1300 natum3
395 1255 495 1289 sunt
516 1249 630 1289 enim
651 1249 735 1289 ista
755 1248 985 1289 maledicta
1005 1249 1255 1304 pervulgata
1279 1249 1321 1289 in
1344 1263 1508 1300 omnes,
1531 1264 1641 1305 quo-

75 1319 168 1345 rum
183 1305 227 1344 in
248 1304 542 1346 adolescentia
561 1305 697 1346 forma
718 1312 762 1346 et
782 1305 949 1360 species
971 1304 1268 1345 fuitliberalis.

783 1360 1020 1402 Accusatio
1042 1360 1203 1402 crimen
1224 1361 1454 1411 desiderat,
1485 1377 1573 1404 rem
1589 1369 1641 1403 ut
1658 1364 1719 1416 40,

75 1361 347 1411 maledicere,
377 1361 492 1401 aliud
506 1375 722 1402 accusare.

1328 1304 1416 1345 Sed
1437 1306 1553 1347 aliud
1571 1313 1639 1348 est

73 1416 266 1469 definiat,
279 1417 498 1460 hominem
510 1424 558 1460 ut
570 1424 706 1470 notet,
716 1423 966 1475 argumento
979 1417 1147 1473 probet,
1160 1424 1271 1460 teste
1286 1418 1511 1460 confirmet
1525 1435 1535 1460 :
1551 1433 1638 1461 ma-

247 1587 265 1612 b
273 1594 469 1642 gratum.

115 1760 168 1791 20.
202 1757 428 1800 Municipilms]
474 1757 657 1801 Municipes
683 1759 833 1790 diceban-

72 1803 135 1836 tur,
159 1802 225 1842 qui,
247 1802 280 1832 in
310 1802 470 1833 civitatem
494 1801 672 1833 Romanam
701 1803 832 1844 recepti,

74 1845 208 1874 muneris
222 1844 340 1886 publici
354 1845 522 1886 participes
535 1845 666 1875 fiebant:
690 1846 747 1876 sed
763 1851 833 1876 tan-

73 1886 147 1916 dem
162 1887 289 1917 abusivi?=
307 1887 480 1928 municipes
495 1887 572 1918 dicti
595 1894 667 1918 sunt
694 1899 757 1918 suae
778 1899 832 1919 cu·

70 1927 186 1969 jusque
201 1929 332 1960 civitatis
347 1929 442 1960 cives.
488 1930 539 1960 Ita
556 1930 723 1971 Ulpianus.

117 1974 170 2001 21.
194 1971 378 2012 Puteolani]
424 1972 548 2003 Puteoli
563 1974 670 2003 civitas
695 1974 831 2014 Campa-

73 2012 145 2049 nite,
165 2015 293 2054 propt'er
318 2024 414 2054 aquas
430 2015 558 2052 calidas,
588 2016 607 2045 ’3,
632 2016 831 2047 multitudine

76 2061 240 2096 puteorum
255 2057 426 2088 nominata.

120 2101 173 2129 ⁶23.
195 2097 233 2128 1η
248 2100 452 2138 amplissimum
467 2100 621 2140 ordinem]
670 2100 832 2140 Amplissi-

77 2151 144 2171 mus
167 2142 243 2171 ordo
273 2142 330 2172 fuit
367 2142 549 2176 senatorius,
590 2142 687 2183 major
710 2145 748 2172 ab
774 2144 832 2174 lioc

75 2189 232 2223 equester,
255 2189 286 2214 et
304 2184 425 2214 infimus
442 2185 597 2224 plebeius:
629 2185 834 2226 amplissimus

77 2232 181 2256 autem
195 2227 270 2257 ordo
298 2227 329 2257 in
347 2227 522 2267 municipiis
547 2229 637 2258 Curia
653 2228 832 2265 dicebatur,

76 2266 188 2298 Romae
199 2267 271 2299 ver&
280 2270 421 2306 Senatus;
435 2275 478 2307 et,
491 2269 543 2310 qui
554 2269 664 2300 Romae
673 2270 832 2306 Senatmes,

75 2309 108 2340 in
127 2312 301 2353 municipiis
317 2312 490 2342 Decio-iones
510 2313 712 2349 dicebantur-3
737 2319 769 2343 at
782 2313 833 2344 liic

78 2352 194 2385 Coelius
210 2355 252 2385 ita
268 2366 300 2386 se
323 2356 385 2385 suis
408 2356 563 2395 probavit,
581 2362 614 2386 ut
635 2355 667 2386 in
683 2355 770 2386 illum
786 2366 834 2386 or-

78 2396 184 2427 dinem
202 2397 302 2437 ipsum
318 2397 507 2437 cooptarint.

122 2441 176 2470 25.
199 2438 374 2471 lectissimos
387 2440 487 2480 viros]
514 2440 603 2470 Soliti
619 2445 705 2471 erant
717 2440 835 2470 Roma-

79 2491 188 2512 norum
221 2483 297 2514 socii
328 2482 463 2513 Romam
486 2483 605 2522 legatos
627 2483 759 2518 mittere,
781 2483 836 2524 qui

81 2533 138 2564 pro
152 2524 211 2555 reis
224 2526 434 2556 testimonium
450 2525 665 2568 dicerent,qui
681 2536 712 2556 se
728 2526 837 2556 lauda-

79 2565 181 2596 biliter
204 2567 237 2597 in
258 2568 418 2609 provincia
447 2573 615 2609 gesserant,
638 2568 688 2598 vel
714 2579 768 2609 pro
793 2568 837 2599 eis

79 2608 204 2639 nomine
221 2612 312 2641 totius
329 2611 488 2651 municipii
506 2611 758 2651 deprecarentur.

124 2650 173 2680 Ib.
200 2650 299 2683 Nostri
319 2654 458 2694 ordinis]
503 2653 579 2684 Non
602 2653 751 2684 miserunt
766 2659 836 2684 tan-

79 2692 145 2722 tum
169 2692 358 2727 Puteolanos
381 2702 550 2734 senatores,
574 2699 628 2727 sed
653 2697 746 2727 etiam
771 2696 837 2726 Ro-

80 2745 187 2766 manos
200 2746 208 2773 ;
231 2738 420 2778 quamquam
435 2745 595 2770 senatores
611 2738 723 2769 Romae
738 2739 840 2769 domi-

80 2777 184 2809 cilium
201 2780 363 2819 naberent,
375 2786 491 2820 tamen,
507 2781 578 2813 esim
594 2787 682 2813 erant
696 2783 727 2814 in
742 2781 840 2812 muni-

730 1596 744 1614 c
753 1592 934 1644 plaeere,

1198 1590 1294 1632 dille
1313 1591 1465 1632 doleat.

875 1760 966 1801 cipiis
991 1760 1074 1790 unde
1098 1759 1154 1790 orti
1183 1765 1282 1796 erant,
1314 1760 1409 1801 legati
1434 1761 1639 1794 decurionum

877 1804 1005 1834 decreto
1021 1803 1235 1835 mittebantur.

920 1849 973 1878 ⁶28.
1008 1845 1157 1876 Nitamur
1175 1847 1294 1885 judicio
1318 1846 1464 1887 suorum]
1510 1849 1636 1888 Legunt

877 1889 942 1924 alii,
964 1890 1090 1922 nitatur,
1114 1889 1276 1919 referendo
1309 1890 1348 1919 ad
1381 1900 1487 1920 vocem
1510 1890 1638 1931 dqfensi-

876 1933 956 1968 ouis;
980 1930 1059 1961 ader]
1084 1936 1117 1961 ut
1139 1931 1191 1961 ille
1223 1932 1262 1961 sit
1296 1942 1415 1968 sensus,
1450 1932 1636 1963 Firmissima

875 1975 1078 2004 fundamenta
1102 1979 1184 2009 sunt,
1208 1975 1233 2004 si
1253 1974 1374 2015 judicio
1398 1985 1522 2006 suorum
1536 1977 1636 2006 muni-

875 2017 979 2057 cipum
996 2016 1087 2047 Coelii
1109 2017 1251 2046 defensio
1266 2017 1393 2049 nitatur.

920 2062 973 2090 31.
1018 2060 1062 2088 Ab
1083 2059 1128 2088 his
1143 2058 1310 2100 fiinibus]
1355 2057 1472 2090 Probat
1489 2059 1643 2099 exemplo¹

877 2112 932 2131 sno
957 2101 1080 2136 Cicero,
1103 2111 1137 2130 se
1162 2102 1220 2133 sibi
1242 2103 1280 2132 ab
1299 2101 1357 2131 irae
1373 2102 1484 2132 eadem
1501 2102 1641 2142 popula-

877 2145 954 2174 rium
971 2154 1092 2174 suorum
1108 2144 1378 2174 commendatione
1393 2145 1505 2176 fecisse
1519 2145 1641 2175 famarm

878 2187 960 2227 apud
978 2186 1129 2216 homines.

922 2232 975 2260 32.
1000 2228 1129 2260 Forensis
1151 2228 1259 2268 labina]
1292 2229 1354 2259 Per
1375 2230 1530 2261 forensem
1545 2230 1640 2260 labo-

876 2282 952 2307 rem,
974 2271 1169 2309 industriam,
1191 2271 1254 2311 qua
1278 2272 1362 2303 valet
1385 2273 1417 2303 in
1443 2273 1546 2304 causis
1562 2283 1639 2313 per-

878 2314 1002 2345 orandis
1016 2315 1047 2344 in
1060 2314 1138 2349 foro,
1156 2314 1320 2354 significat.

922 2359 975 2387 36.
1008 2356 1124 2388 Vocibus
1152 2357 1392 2398 maledictisque]
1437 2358 1600 2394 Convicjm
1614 2367 1647 2392 et

877 2410 971 2431 voces
1001 2399 1083 2440 saepe
1101 2399 1184 2429 idem
1200 2399 1387 2439 significant.
1435 2401 1527 2432 Certe
1554 2402 1650 2447 Ulpi-

879 2453 955 2473 anus
969 2442 1035 2472 vult
1056 2443 1214 2472 conuicium
1231 2443 1396 2483 appellari,
1420 2447 1513 2484 quasi
1545 2458 1646 2478 muro-

879 2486 968 2523 cium,
983 2485 1041 2515 hoe
1057 2490 1115 2520 est,
1139 2485 1157 2514 ’ἶι
1179 2484 1347 2516 collatione
1363 2496 1490 2525 vocum,
1524 2488 1595 2520 cum
1612 2491 1646 2519 in

879 2538 974 2557 unuin
1004 2528 1177 2568 complures
1203 2538 1296 2559 voces
1321 2530 1536 2561 conferuntur.
1582 2532 1647 2562 Hie

881 2575 984 2600 autem
1001 2570 1133 2600 C-oelium
1150 2570 1189 2599 ab
1206 2571 1407 2611 impudicitia
1422 2578 1563 2603 excusat.

918 2615 973 2643 40.
999 2612 1071 2643 Rem
1085 2619 1119 2643 ut
1134 2612 1283 2655 deliniat]
1308 2614 1374 2650 Qui
1386 2619 1522 2650 accusat,
1546 2616 1644 2647 debet

879 2662 997 2685 certum
1019 2655 1136 2686 crimen
1162 2655 1283 2691 afferre,
1305 2667 1336 2687 v.
1350 2667 1378 2695 g.
1396 2657 1523 2692 furtum,
1549 2660 1643 2690 sacri-

881 2698 1008 2738 legium,
1031 2698 1162 2733 caedem,
1178 2698 1238 2730 διε.
1258 2699 1342 2740 quod
1365 2698 1434 2738 lege
1450 2699 1644 2740 judiciorum

883 2740 988 2783 aliqua
1003 2740 1188 2773 vindicetur.

1630 157 1718 200 215
