1858 3095
663 209 923 244 PHILIPPICA
950 211 979 242 1.
1579 206 1667 252 4c3

42 284 234 335 Manliae,
268 284 477 328 neminem
506 285 735 342 patricium
766 287 831 329 M.
853 286 1066 327 Manlium
1097 283 1240 327 vocari
1271 283 1399 334 licet3
1430 283 1494 324 sic
1520 288 1582 335 tu,

38 349 210 398 propter
228 343 353 384 unius
385 342 618 384 Dictatoris
640 345 799 394 odium,
823 358 977 385 nomen
1013 342 1250 383 Dictatoris
1272 339 1462 383 funditus
1492 355 1585 381 sus-

39 398 187 440 tulisti.
251 400 363 441 Num
384 400 576 455 hujusce,
599 400 696 442 esim
717 416 791 457 pro
810 401 944 442 salute
964 400 1207 454 reipublicae
1224 406 1343 440 tanta
1360 396 1585 453 gessisses,
1603 392 1657 432 65

40 453 219 497 sortunae
240 463 296 504 te,
318 470 417 497 num
448 458 753 512 amplitudinis,
775 472 873 498 num
896 457 1117 506 claritatis,
1137 470 1239 496 num
1267 455 1428 511 gloriae,
1451 454 1586 509 poeni-

39 511 182 552 tebat?
214 512 336 553 Unde
354 513 480 568 igitur
497 514 638 555 subiti»
660 523 777 556 tauta
798 515 880 555 ista
901 513 1106 554 mutatio?
1140 513 1236 552 Non
1258 526 1432 567 possum
1452 510 1587 551 addu-

40 567 97 618 ci,
112 576 156 610 ut
169 569 360 625 suspicer
375 578 414 610 te
432 571 614 625 pecunia
632 578 818 626 captum.
851 571 984 620 Licet,
1002 569 1117 625 quod
1132 569 1284 624 cuique
1300 568 1419 617 libet,
1439 567 1586 621 loqua-

40 629 132 675 tur3
155 625 324 667 credere
345 640 430 667 nou
452 635 518 668 est
540 643 740 679 uecesse3
772 627 877 668 nihil
897 627 1010 668 enim
1033 639 1217 679 unquam
1235 624 1278 664 in
1294 631 1335 664 te
1352 622 1587 670 sordidum,

41 680 148 722 nihil
179 682 336 723 humile
367 684 577 739 cognovi3
614 683 875 740 quamquam
906 683 1046 723 solent
1075 679 1326 721 edomestici
1359 679 1587 734 depravare
1606 674 1661 714 70

38 751 369 794 nonnunquam:
404 740 479 781 sed
511 741 607 781 novi
630 741 871 781 firmitatem
902 745 1043 788 tuam3
1075 745 1203 792 atque
1224 736 1400 783 utinam,
1423 741 1470 775 ut
1500 735 1589 775 cul-

40 807 153 849 pam,
173 794 237 836 sic
257 796 384 837 etiam
406 797 694 852 suspicionem
715 796 846 836 vitare
868 794 1108 850 potuisses!
1142 793 1253 833 lllud
1275 792 1409 847 magis
1430 805 1589 842 vereor,

39 863 108 900 ue,
130 851 331 908 ignorans
352 867 495 893 verum
525 853 604 894 iter
633 852 794 907 gloriae,
828 851 1059 908 gloriosum
1089 857 1230 905 putes,
1260 848 1355 904 plus
1386 855 1427 889 te
1459 861 1590 888 unum

39 921 168 962 posse
190 907 318 970 quam
338 923 511 958 omnes;
543 918 586 949 et
615 909 745 949 metui
778 908 804 948 a
832 907 997 949 civibus
1018 906 1119 956 tuis,
1141 904 1270 962 quam
1291 904 1430 960 diligi,
1450 903 1592 945 malis.

42 963 169 1010 Quod
189 978 225 1004 s1
246 963 306 1005 ita
328 973 467 1020 putaS‚
487 973 623 1006 totam
642 965 813 1021 ignoras
830 965 940 1005 viam
963 963 1120 1019 gloriae.
1155 962 1310 1003 Carum
1328 976 1421 1003 esse
1438 961 1589 1011 civem,
1609 956 1666 996 75

39 1019 150 1061 bene
173 1020 225 1061 de
247 1021 467 1077 republica
489 1021 654 1072 mereri,
671 1020 848 1071 laudari,
866 1020 966 1070 coli,
983 1019 1119 1074 diligi,
1138 1019 1370 1075 gloriosum
1387 1025 1474 1069 est;
1505 1031 1592 1058 me-

42 1076 105 1117 tui
126 1075 237 1127 vero,
259 1085 302 1119 et
322 1077 366 1119 in
387 1078 486 1119 odio
509 1093 616 1128 esse,
639 1078 912 1127 invidiosum,
935 1076 1206 1126 detestabile,
1229 1075 1504 1124 imbecillum,
1522 1087 1594 1114 ca·-

43 1132 224 1174 ducum:
265 1135 379 1189 quod
411 1134 604 1176 videmus
636 1135 764 1175 etiam
794 1134 838 1173 in
863 1132 1051 1184 ffahulis,
1084 1132 1165 1187 ipsi
1196 1132 1269 1183 illi,
1291 1131 1364 1187 qui
1399 1132 1593 1181 Oderint,

43 1191 144 1230 dum
168 1197 379 1242 metuant,
400 1191 568 1243 dixerit,
587 1190 871 1247 perniciosum
891 1189 1036 1230 fuisse.
1068 1189 1258 1240 Utinam,
1276 1187 1452 1238 Antoni,
1469 1200 1593 1227 avum

44 1251 167 1287 tuum
187 1247 478 1299 meminisses3
511 1249 563 1289 de
584 1262 668 1304 quo
691 1254 832 1288 tamen
853 1246 986 1287 multa
1007 1245 1163 1286 audisti
1184 1260 1236 1287 ex
1257 1259 1337 1294 me,
1360 1257 1495 1299 eaque
1516 1258 1595 1284 sae-
1614 1237 1669 1279 80

42 1302 232 1358 pissime.
265 1304 470 1345 Putas-ne
493 1305 611 1345 illum
633 1303 992 1344 immortalitatem
1013 1302 1160 1343 mereri
1182 1302 1383 1350 voluisse,
1404 1308 1451 1341 ut
1471 1314 1596 1355 prop-

44 1365 108 1400 ter
128 1374 339 1401 armorum
367 1361 662 1402 habendorum
691 1360 908 1401 licentiam
938 1358 1223 1400 metueretur?
1284 1357 1362 1397 Illa
1383 1363 1472 1397 erat
1493 1355 1595 1406 vita,

43 1414 118 1456 illa
137 1417 327 1458 secunda
347 1418 532 1468 fortuna,
554 1417 749 1458 libertate
772 1431 866 1458 esse
886 1430 1029 1472 parem
1052 1414 1233 1465 caeteris,
1249 1413 1487 1470 principem
1503 1412 1598 1467 dig-

44 1472 190 1514 nitate.
253 1473 419 1530 Itaque,
440 1481 489 1515 ut
509 1473 702 1515 omittam
731 1488 797 1515 res
829 1473 896 1514 avi
918 1472 980 1514 tui
1011 1485 1251 1528 prosperas,
1273 1469 1598 1512 acerbissimum

45 1529 136 1583 ejus
157 1529 270 1571 diem
301 1545 545 1586 supremum
573 1531 733 1581 malim,
753 1530 883 1586 quam
916 1529 962 1570 L.
984 1528 1131 1569 Cinnae
1162 1527 1445 1577 dominatum,
1468 1527 1488 1566 ὲ
1511 1539 1596 1580 quo
1617 1518 1672 1561 85

43 1585 114 1626 ille
136 1586 427 1628 crudelissime
448 1594 515 1628 est
534 1587 799 1628 interfectus.
832 1585 922 1626 Sed
943 1583 1046 1641 quid
1068 1584 1257 1626 oratione
1278 1590 1320 1624 te
1341 1583 1513 1624 flectam
1525 1583 1541 1622 22
1563 1581 1600 1622 si

47 1642 161 1683 enim
182 1643 344 1685 ss'exitus
368 1644 416 1685 C.
442 1643 625 1685 Caesaris
647 1644 813 1684 efficere
845 1657 931 1683 non
961 1647 1118 1698 potest,
1139 1647 1188 1681 ut
1218 1640 1338 1681 malis
1360 1653 1483 1680 carus
1505 1652 1600 1679 esse

46 1698 177 1755 quam
197 1700 344 1752 metui,
364 1700 470 1741 nihil
493 1701 748 1757 cujusquam
775 1698 973 1756 proficiet
1001 1713 1082 1739 nec
1101 1697 1258 1739 valebit
1281 1695 1443 1746 orati03
1473 1708 1601 1750 quem

45 1756 120 1812 qui
140 1757 312 1798 beatum
331 1757 464 1799 fuisse
484 1764 651 1813 putant,
673 1755 897 1798 miserrimi
919 1755 1001 1812 ipsi
1023 1761 1134 1796 sunt.
1195 1752 1356 1794 Beatus
1377 1757 1445 1793 est
1459 1764 1601 1799 nemo,

47 1812 122 1868 qui
144 1812 197 1854 eii
227 1814 323 1870 lege
343 1813 462 1863 vivit,
481 1820 531 1855 ut
559 1827 645 1855 non
675 1812 805 1855 modo
824 1811 1014 1868 impune,
1035 1811 1112 1852 sed
1144 1809 1274 1852 etiam
1304 1822 1402 1850 cum
1432 1806 1602 1849 summa
1619 1803 1676 1846 90

46 1869 333 1912 interfectoris
365 1870 516 1928 gloria,
546 1870 730 1911 interfici
761 1868 914 1926 possit.
974 1866 1116 1916 Quare
1139 1867 1264 1908 flecte
1295 1872 1354 1918 te,
1375 1879 1537 1922 quaeso,
1559 1870 1605 1906 et

47 1927 230 1983 majores
265 1933 364 1969 tuos
396 1927 587 1985 respice3
618 1934 748 1984 atque
778 1926 840 1968 ita
879 1926 1070 1983 guberna
1099 1921 1421 1980 rempublicam,
1451 1927 1501 1963 ut
1528 1935 1604 1962 na-

48 1989 140 2024 tum
168 1990 212 2025 te
243 1998 338 2026 esse
369 1984 483 2026 cives
513 1984 576 2026 tui
607 1985 848 2041 gaudeant3
879 1981 971 2024 sine
993 1995 1093 2039 quo,
1113 1995 1195 2022 nec
1224 1980 1376 2021 beatus
1406 1993 1488 2020 nec
1517 1978 1605 2020 cla-

49 2054 122 2081 rus
153 2039 382 2096 quisquam
412 2056 506 2082 esse
536 2047 695 2097 potest.
754 2039 812 2080 Et
846 2039 995 2096 populi
1026 2038 1199 2094 quidem
1228 2035 1412 2077 Romani
1437 2033 1605 2091 judicia

50 2096 187 2137 multa
222 2098 347 2138 ambo
388 2096 572 2149 habetis,
603 2097 760 2152 quibus
790 2109 866 2137 vos
903 2109 990 2136 non
1021 2095 1124 2135 satis
1155 2092 1312 2134 moveri
1346 2089 1602 2147 permoleste
1621 2089 1679 2133 95

51 2153 157 2194 sero.
218 2153 335 2201 Quid
371 2153 496 2201 enim,
532 2153 855 2209 gladiatoribus,
891 2152 1099 2192 clamores
1133 2147 1506 2190 innumerabilium
1545 2146 1606 2189 ci-

52 2208 198 2250 vium?
248 2209 352 2266 quid
387 2209 533 2266 populi
566 2210 828 2252 concursus?
877 2208 982 2264 quid
1021 2205 1216 2263 Pompeii
1248 2211 1402 2247 statuae
1432 2205 1608 2260 plausus

52 2265 239 2308 infiniti?
282 2266 388 2323 quid
427 2267 595 2308 duobus
635 2267 816 2309 tribunis
855 2264 1011 2323 plebis,
1043 2264 1117 2321 qui
1147 2261 1269 2305 vobis
1300 2259 1607 2305 adversantur?

259 2386 274 2404 ²
270 2382 328 2436 fa
334 2384 408 2424 mil
410 2384 451 2424 ἱα
458 2396 537 2424 res·
767 2380 780 2405 s
787 2380 1019 2434 tragoediis.
1250 2382 1266 2408 ⁸
1277 2390 1402 2418 mors.

97 2506 151 2536 ⁷8.
176 2505 312 2543 Oderint,
334 2506 405 2537 dum
427 2506 587 2547 metuant]
647 2504 812 2537 Sententia
899 2507 953 2537 96.
978 2503 1058 2539 Quid
1073 2503 1158 2538 enim,
1169 2498 1408 2542 gladiatoribus]
1432 2497 1472 2530 Id
1486 2502 1545 2538 est,
1557 2507 1616 2540 per

56 2547 116 2578 isia
130 2555 276 2590 usurpata
290 2549 350 2580 fuit
363 2550 402 2581 ab
413 2549 512 2581 Accio
525 2548 621 2592 poeta
637 2549 765 2590 tragico,
779 2548 811 2579 in
854 2548 946 2579 ludos
960 2546 1172 2589 gladiatorios,
1186 2545 1218 2574 in
1228 2544 1340 2583 quibus
1352 2543 1440 2584 plura
1455 2541 1615 2572 hominum

60 2590 150 2622 Αῑῐθὶ
166 2592 309 2633 Ρθῐῦῡῦῧ·
856 2592 944 2634 paria
960 2592 1131 2621 decertant.
1156 2587 1208 2617 De
1218 2587 1268 2618 his
1282 2587 1363 2617 ludis
1376 2585 1509 2617 diximus
1519 2583 1615 2624 saepfi.

104 2636 159 2665 79.
180 2635 271 2666 Avum
289 2635 399 2675 tuum]
446 2636 498 2667 De
521 2637 580 2668 hoc
603 2645 662 2667 avo
684 2633 818 2666 Antonii
905 2635 960 2666 97.
994 2633 1074 2668 Quid
1101 2631 1230 2670 Pompeii
1254 2629 1387 2670 statura]
1446 2626 1615 2658 Interfecto

63 2676 180 2708 dictum
196 2683 243 2708 est
257 2678 396 2718 superius
410 2684 475 2709 not.
493 2680 531 2710 ad
549 2680 570 2712 l.
586 2681 618 2710 4.
863 2676 998 2715 Caesare,
1015 2676 1114 2717 posita
1129 2679 1175 2704 est
1192 2672 1334 2713 Pompeii
1345 2676 1446 2701 statua
1457 2669 1474 2699 a
1485 2667 1617 2710 populo,

108 2722 160 2751 88-
185 2719 306 2763 Quem]
349 2721 514 2753 Caesarem.
863 2730 931 2761 quae
947 2718 1060 2750 corona
1073 2715 1219 2749 redimita
1233 2720 1356 2755 reperta
1370 2719 1428 2744 est.

109 2765 163 2794 94·
186 2762 296 2802 Populi
317 2762 441 2795 Romani
454 2765 601 2807 judica]
646 2764 751 2796 Multa
767 2763 820 2804 ju·
907 2764 960 2793 98.
993 2761 1073 2796 Quid
1097 2760 1207 2791 duobus
1229 2758 1353 2788 tribunis
1372 2753 1486 2804 pabit]
1541 2752 1617 2785 Duo

65 2805 149 2836 dicia
163 2805 297 2846 populus
312 2806 410 2847 dedit,
424 2809 536 2851 quibus
550 2813 680 2844 mortem
691 2807 821 2841 Caesaris
864 2805 910 2836 illi
927 2804 1040 2836 tribuni
1053 2804 1179 2835 fuerunt
1191 2800 1334 2831 Tiberius
1349 2797 1513 2848 Canutius,
1525 2802 1564 2845 et
1580 2797 1618 2827 L.

68 2849 291 2894 ιζοιῑΨῐοῑκΝῗῑ·
866 2848 990 2883 Nonius
1003 2846 1173 2892 Asprenas.
1217 2840 1406 2883 Dolabeuae,
1419 2841 1477 2876 Sibi
1497 2839 1620 2883 Syriam

1220 2885 1298 2928 22
