1858 3095
741 137 794 170 IN
818 137 1034 171 PISONEM.

113 217 306 273 probata.
344 215 418 259 Me
428 214 766 272 Cn.P0mpeius,
781 215 925 257 multis
945 214 1256 257 obsistentibus
1278 214 1369 272 ejus
1387 228 1488 271 erga
1504 226 1572 256 me
1595 220 1682 256 stu-

113 273 185 315 dio
205 283 332 331 atque
354 273 501 324 amori,
533 288 698 329 semper
719 273 882 324 dilexit,
911 288 1076 329 semper
1098 273 1173 314 sua
1197 271 1498 328 conjunctione
1520 271 1683 327 dignis-

113 330 266 372 simum
290 330 516 387 judicavit,
547 344 714 386 semper
740 330 843 370 snon
876 329 1005 370 modo
1034 330 1306 379 incolumem,
1339 329 1415 370 sed
1444 328 1572 369 etiam
1593 342 1681 368 am-

112 387 352 442 plissimum
361 395 488 443 atque
503 386 817 428 ornatissimum
834 386 968 428 voluit
980 402 1087 428 esse.
1119 386 1283 427 Vestra:
1298 385 1681 435 fraudes‚vestrum

112 445 269 494 scelus,
300 450 450 484 vestrae
471 444 786 485 criminationes
818 443 1068 484 insidiarum
1092 458 1292 493 mearum,
1326 442 1439 482 illius
1473 441 1681 497 periculo-

113 515 218 551 rum,
252 499 411 541 nefarie
442 500 568 551 fictae,
604 500 728 541 simul
757 515 916 551 eorum,
950 500 1021 555 qui
1051 498 1349 541 familiaritatis
1380 497 1556 540 licentia
1585 511 1681 538 suo-

111 570 201 597 rum
241 556 651 613 improbissimorum
683 572 924 598 sermonum
960 556 1254 598 ²{domicilium
1288 556 1331 595 in
1365 554 1539 595 auribus
1573 555 1680 610 ejus,

113 612 299 668 impulsu
329 621 482 666 vestro,
517 615 849 665 collocaverunt,
881 620 1030 654 vestrae
1063 612 1322 668 cupiditates
1356 610 1754 667 provinciarum,55

111 669 358 722 effecerunt,
393 678 440 712 ut
472 685 552 727 ego
571 672 840 722 excluderer,
872 683 1106 725 omnesque
1127 668 1198 723 qui
1227 682 1307 719 me,
1339 667 1413 723 qui
1445 666 1558 707 illius
1589 666 1682 722 glo-

110 725 230 777 riam,
266 727 339 783 qui
370 728 678 784 rempublicam
714 727 874 767 salvam
910 740 1003 766 esse
1040 725 1286 781 cupiebant,
1323 737 1515 765 sermone
1552 730 1681 778 atque

112 783 232 824 aditu
262 783 598 838 prohiberentur.
659 782 826 830 Quibus
859 782 984 823 rebus
1018 789 1084 823 est
1116 781 1351 837 perfectum
1385 787 1434 820 ut
1462 779 1521 820 illi
1553 777 1681 834 plane

110 839 213 880 ¹¹suo
243 846 354 880 stare
375 839 542 896 judicio
570 853 656 880 non
686 840 853 890 liceret3
886 838 980 880 cum
1014 838 1120 880 certi
1150 837 1346 879 homines
1374 851 1460 877 non
1491 836 1681 877 studium

110 895 201 950 ejus
231 893 257 935 ἒι
287 909 354 936 me
384 895 661 948 alienassent,
697 897 775 937 sed
810 895 1015 936 auxilium
1054 894 1357 936 retardassent.

1420 892 1590 934 Non-ne
1628 893 1680 934 ad

110 958 152 992 te
184 951 229 993 L.
271 951 490 1003 Lentulus,
527 952 600 1008 qui
640 960 730 994 tum
770 960 859 994 erat
899 960 1068 1008 proetor,
1109 966 1195 993 non
1232 952 1287 998 Q,
1319 950 1475 1006 Sanga,
1516 964 1602 991 non
1635 949 1678 990 L.

109 1007 350 1064 Torquatus
382 1016 514 1066 pater,
544 1024 631 1051 non
663 1009 727 1050 M.
762 1009 962 1050 Lucullus
993 1009 1139 1050 venit?
1190 1008 1263 1064 qui
1300 1021 1447 1048 omnes
1482 1006 1534 1047 ad
1568 1021 1680 1058 eum,

110 1065 317 1120 multique
338 1066 551 1116 mortales,
575 1073 741 1107 oratum
758 1066 802 1107 in
819 1066 1048 1117 Albanum,
1072 1066 1441 1120 obsecratumque,
1463 1070 1681 1112 venerant,

109 1135 162 1162 ne
192 1135 308 1162 meas
338 1122 531 1164 fortunas
565 1122 794 1174 desereret,
830 1137 927 1164 cum
957 1122 1203 1178 reipublicae
1234 1122 1372 1162 salute
1403 1121 1680 1175 conjunctas3

110 1192 220 1233 quos
240 1177 311 1219 ille
331 1179 386 1220 ad
409 1185 450 1220 te
472 1186 515 1220 et
535 1179 590 1220 ad
617 1187 737 1221 tuum
759 1180 970 1235 collegam
990 1179 1168 1230 remisit,
1204 1185 1251 1218 ut
1270 1192 1444 1219 causam
1464 1176 1681 1233 publicam
1699 1176 1754 1217 65

112 1234 401 1290 susciperetis,
433 1242 482 1276 ut
515 1235 569 1276 ad
600 1243 796 1277 senatum
827 1236 1059 1277 referretis:
1097 1251 1142 1277 se
1179 1241 1329 1275 contra
1367 1240 1574 1274 armatum
1610 1233 1683 1274 tri-

114 1290 278 1332 bunum
298 1291 438 1346 plebis
455 1290 547 1332 sine
565 1292 742 1333 consilio
764 1292 938 1348 publico
961 1292 1178 1333 decertare
1196 1291 1329 1341 nolle,
1365 1290 1612 1331 consulibus
1630 1303 1684 1331 ex

113 1346 215 1388 S.C.
237 1347 542 1403 rempublicam
563 1349 908 1397 defendentibus,
941 1363 986 1389 se
1006 1363 1122 1390 arma
1143 1353 1421 1402 sumpturum.

1497 1346 1683 1401 Ecquid,

110 1402 274 1454 infelix,
306 1404 555 1456 recordaris,
585 1405 688 1461 quid
719 1404 1014 1461 responderis?
1037 1405 1080 1446 in
1110 1419 1195 1461 quo
1224 1403 1283 1444 illi
1315 1417 1461 1444 omnes
1493 1403 1683 1458 quidem,

108 1460 185 1501 sed
203 1460 462 1516 Torquatus,
494 1469 648 1518 praeter
672 1469 866 1513 caete1·OS‚
898 1462 1067 1503 furebat
1088 1459 1364 1504 contumacia
1385 1459 1580 1515 responsi
1599 1459 1682 1511 tui3

109 1523 152 1558 te
173 1531 260 1558 non
281 1532 375 1559 esse
396 1524 485 1559 tam
506 1518 672 1570 fortem,
694 1517 821 1574 quam
840 1519 932 1574 ipse
952 1518 1192 1574 Torquatus
1211 1517 1255 1557 in
1273 1517 1498 1558 consulatu
1513 1516 1683 1569 fuisset,

108 1580 183 1615 aut
198 1588 302 1630 ego:
331 1574 438 1616 nihil
454 1589 562 1632 opus
579 1589 674 1617 esse
691 1575 834 1627 armis,
854 1575 959 1616 nihil
975 1575 1272 1625 contentione3
1305 1588 1373 1615 me
1387 1587 1514 1630 posse
1530 1572 1682 1615 iterum

164 1687 275 1730 snon
295 1689 412 1730 mod&
440 1691 604 1743 optavit
631 1704 763 1731 meam
794 1691 992 1738 salutem,
1013 1690 1088 1730 sed
1115 1691 1245 1730 etiam
1274 1690 1619 1742 amplitudinem,
1641 1694 1682 1730 et

135 1747 299 1787 loriam.

101 1760 157 1843 {n
176 1805 258 1844 sust
278 1804 500 1845 voluntate
520 1817 622 1859 erga
641 1818 723 1845 me.

151 1918 204 1948 48.
228 1917 339 1949 illultis
352 1917 572 1957 obsistentibus]
607 1917 693 1954 Piso,
708 1916 873 1953 Gabinius,

114 1957 231 1994 Clodii,
257 1960 373 2000 aliique
387 1970 491 1990 omnes
507 1959 664 1997 Clodiani,
689 1961 874 2002 Pompeium

115 2001 291 2032 abalienare
307 2002 325 2031 ἕι
341 2001 493 2033 Cicerone
509 2003 611 2033 conati
628 2009 710 2034 sunt.

157 2046 210 2076 52.
246 2045 468 2075 Criminationes
493 2046 692 2086 insidiarum]
751 2045 876 2076 Cicero-

114 2097 185 2117 nem
213 2087 256 2117 illi
285 2087 464 2118 detulerunt
491 2088 530 2118 ad
566 2089 760 2128 Pompeium,
788 2087 876 2128 quasi

116 2130 182 2169 ejus
214 2130 284 2160 vitre
314 2130 440 2160 insidias
464 2130 665 2167 collocassem
700 2132 740 2161 de
765 2131 877 2171 quibus

116 2172 182 2203 fuse
198 2172 334 2214 loquitur
349 2173 379 2202 in
396 2172 482 2203 Orat.
498 2183 552 2212 pro
569 2174 685 2204 Sextio.

159 2217 212 2246 56.
243 2215 306 2257 Ego
318 2216 506 2257 excluderer]
553 2215 668 2255 Affert‚
684 2226 738 2256 per
751 2215 879 2257 conglo-

113 2258 287 2295 bationem,
322 2269 428 2289 omnes
466 2259 599 2289 rationes
634 2259 746 2296 quibus
775 2259 879 2289 conati

119 2302 218 2332 sunta}
235 2301 443 2332 familiaritate
460 2301 604 2342 Pompeii
621 2301 805 2333 Ciceronem
826 2312 879 2332 ex-

117 2343 252 2375 cludere.

161 2389 214 2418 61.
238 2387 276 2419 L.
294 2386 465 2428 Lentulus]
511 2386 570 2418 Hic
587 2398 668 2418 anno
691 2388 788 2429 primo
804 2387 878 2418 belli

117 2429 216 2461 civilis
231 2430 337 2461 consul
354 2431 422 2460 suit.

159 2472 208 2504 Ib.
234 2473 271 2508 Q.
294 2473 421 2514 Sanga]
469 2472 510 2509 Q.
527 2473 641 2504 Fabius
657 2472 760 2514 Sanga
776 2474 801 2504 is
821 2474 879 2504 suit

117 2516 170 2555 qui
193 2515 309 2548 indicia
322 2515 543 2557 conjurationis
560 2516 748 2548 Catilinariae
765 2517 803 2548 ad
822 2517 874 2548 Ci-

117 2568 260 2589 ceronem
277 2558 400 2589 detulit.

154 2599 202 2630 11».
226 2601 263 2631 L.
283 2601 565 2642 Torquatuspater]
612 2601 802 2644 Torquatum
819 2613 874 2644 pa-

112 2646 189 2672 trem
214 2645 362 2680 nominat,
385 2645 424 2674 ad
448 2645 501 2675 tilii
523 2644 702 2683 discrimen,
728 2646 782 2688 qui
807 2652 870 2676 tum

114 2685 244 2716 florebat
259 2686 289 2716 iu
303 2687 473 2728 republica.

156 2730 210 2758 63.
233 2728 272 2758 1η
286 2730 458 2770 Albanum]
505 2731 633 2762 Fundus
646 2731 786 2762 Albanus
803 2742 872 2772 per-

115 2770 208 2802 tinuit
222 2772 261 2803 ad
277 2771 474 2814 Pompeium,
497 2773 558 2815 quo
578 2775 804 2809 secessisse-dc
823 2775 872 2807 iu-

359 1747 639 1788 &obsederunt
658 1761 788 1789 aures
807 1748 1128 1801 improbissimis
1147 1747 1424 1788 sermonibus

1483 1745 1502 1768 ¹¹
1511 1760 1683 1788 manere

919 1917 1035 1948 dustria
1049 1917 1154 1948 scribit
1170 1917 1369 1956 Plutarchus,
1392 1922 1437 1953 ut,
1460 1917 1530 1947 cum
1553 1916 1591 1947 ad
1611 1927 1681 1947 eum

919 1960 1030 1992 Cicero
1052 1961 1199 2000 venisset,
1222 1972 1290 1991 sese
1312 1972 1368 2002 per
1390 1960 1542 2001 posticum
1566 1960 1682 1990 subdu-

918 2009 1014 2034 cerer.

962 2048 1014 2077 66.
1060 2047 1213 2076 Armatam
1238 2046 1416 2087 tribunum]
1462 2046 1541 2077 Cum
1568 2044 1681 2075 Clodio

920 2090 1093 2128 decertare,
1111 2096 1142 2120 et
1156 2089 1260 2120 venire
1275 2090 1307 2120 in
1323 2089 1566 2124 contentionem,
1583 2087 1682 2117 noluit

922 2132 1102 2172 Pompeius.

967 2177 1021 2207 67.
1047 2175 1120 2205 Coss.
1147 2185 1177 2205 est
1206 2174 1487 2214 senariis-consulta]
1546 2172 1680 2203 Senatfis

920 2217 996 2248 illud
1021 2218 1193 2249 consultum
1217 2218 1284 2255 suit,
1307 2218 1375 2249 cum
1393 2218 1518 2248 dicebat
1535 2222 1679 2248 senatus:

926 2261 1047 2291 Videant
1075 2262 1209 2298 consules,
1237 2272 1273 2292 ne
1299 2263 1370 2301 quid
1394 2261 1557 2291 detrimenti
1582 2261 1680 2299 capiat

921 2305 1098 2343 respublica:
1129 2315 1190 2345 quo
1220 2304 1370 2334 versiculo
1393 2305 1437 2334 ait
1466 2304 1576 2335 Cicero
1605 2301 1679 2333 satis

923 2353 1055 2377 armatos
1070 2347 1163 2377 fuisse
1175 2348 1326 2378 consules.

964 2392 1017 2420 71..
1043 2389 1202 2430 Torquatus
1226 2392 1258 2421 in
1291 2390 1468 2431 consulatu]
1528 2389 1599 2420 Fuit
1626 2389 1678 2420 ille

922 2433 1048 2473 quidem
1079 2434 1192 2473 agresti
1223 2434 1269 2463 vir
1297 2434 1434 2474 ingenio,
1464 2443 1526 2474 quo
1551 2433 1678 2463 consule

921 2476 1024 2517 erupit
1052 2476 1150 2517 prima
1176 2476 1320 2507 Catilinae
1345 2476 1530 2517 conjuratio,
1558 2475 1589 2505 in
1617 2475 1679 2516 qua

920 2529 990 2549 eum
1006 2529 1076 2550 cum
1094 2519 1188 2550 Cotta
1203 2519 1323 2560 colleg-21
1345 2518 1410 2559 ejus
1431 2519 1602 2549 interlicere
1625 2529 1679 2547 vo·

919 2561 1026 2592 lebant
1041 2562 1116 2592 socii
1128 2562 1360 2603 conjurationis,
1370 2562 1428 2593 Cn.
1443 2560 1677 2598 Pis0‚Catilina,

920 2609 952 2634 et
968 2605 1133 2636 Antonius.

959 2648 1012 2679 72).
1036 2647 1097 2678 Aut
1122 2649 1199 2689 egat]
1247 2649 1357 2680 Cicero
1382 2649 1509 2679 alteram
1534 2646 1678 2687 conjura-

916 2690 1030 2721 tionem
1048 2693 1214 2731 oppressit,
1231 2693 1270 2723 dc
1284 2692 1346 2734 qu&
1356 2691 1473 2722 dictum
1486 2694 1532 2721 est
1547 2692 1577 2722 in
1590 2691 1678 2721 Orat.

915 2739 1022 2765 contra
1039 2734 1218 2766 Catilinam.

1676 137 1759 181 287

1699 327 1754 369 50

1699 892 1754 933 60

1701 1462 1756 1503 70
