1858 3095
925 130 1044 173 vm.
1229 141 1232 145 ⁴
1659 134 1781 188 xxvii

188 206 518 261 denuntiaverit.
549 203 700 260 Itaque
718 202 761 244 in
779 203 941 255 Senatu
958 219 1055 258 eum
1069 205 1220 248 adesse
1232 204 1366 261 jussit
1381 218 1494 255 xm.
1511 205 1610 248 Kal.
1627 206 1788 250 Octob.

185 261 259 309 'ubi
283 264 521 312 orationem
542 268 692 302 contra
709 259 962 302 Ciceronem
984 262 1207 302 absentem
1225 276 1311 302 non
1328 268 1416 302 tam
1437 261 1560 311 dixit,
1582 264 1710 318 quam
1726 264 1788 305 fu-

186 318 297 365 riose
320 318 519 363 evomuit.
563 317 761 358 Ciceroni
786 317 977 372 cupienti
999 318 1151 359 adesse
1172 319 1212 358 in
1235 317 1412 369 Senatu,
1434 332 1509 373 per
1530 319 1789 361 amicosnon

186 373 323 430 licuit,
345 391 394 418 eo
413 374 529 432 quod
545 373 763 415 Antonius
788 373 813 414 a
835 373 1045 415 Cicerone
1068 375 1198 416 caedis
1219 374 1388 425 initium
1408 374 1599 425 facturus
1623 384 1791 431 putare-

186 427 270 476 tur.
330 431 522 473 Antonio
543 430 710 471 Tullius
733 430 954 486 respondit
974 431 1106 472 nobili
1130 438 1172 473 et
1189 430 1335 472 divina
1358 429 1436 471 suf>⁴
1457 430 1603 486 Philip
1638 431 1721 482 ica,
1748 432 1792 472 in

187 489 275 553 qua
296 496 431 536 totam
448 486 625 529 Antonii
648 486 778 527 vitam
798 487 989 528 excussit
1005 487 1191 544 egregie.
1252 486 1411 528 Verum
1431 501 1517 527 non
1539 488 1591 527 ad
1617 486 1678 528 uit
1699 490 1790 528 An-

187 545 345 596 tonius,
367 559 496 602 quem
524 551 668 585 tamen
701 543 824 599 quasi
853 552 1108 599 praesentem
1143 544 1397 600 alloquitur:
1431 542 1604 584 obviam
1636 558 1789 599 nempe

188 600 575 658 iveratlegionibus
586 606 784 655 quatuor,
795 615 906 656 quae,
923 600 967 640 in
982 600 1287 641 Macedoniam
1303 599 1327 640 a
1342 598 1511 640 Caesare
1522 599 1680 650 missae,
1694 606 1793 655 post

189 659 282 700 e‘us
300 659 461 699 caedem
476 657 520 697 in
537 656 708 697 Italiam
724 656 950 708 redierant,
967 664 1014 698 ut
1027 671 1098 697 eas
1115 657 1194 697 sibi
1212 655 1396 713 pecunia
1412 654 1674 707 conciliaret,
1689 663 1731 696 et
1748 656 1790 697 in

190 674 353 756 Ilrbem
372 713 620 755 adduceret.
654 712 930 754 Brundisium
951 712 1010 754 ita
1044 728 1096 754 ue
1118 712 1234 754 venit
1256 726 1343 753 vu.
1366 711 1467 753 Idus
1490 711 1650 753 Octob.
1691 711 1794 753 Pro-

191 771 307 815 fecto
326 770 535 821 Autonio,
553 768 818 810 Octavianus
832 768 1014 825 primum
1026 786 1051 810 a
1066 769 1252 820 Calatia,
1267 783 1364 819 mox
1379 767 1403 809 a
1414 767 1623 819 Casilino,
1634 774 1795 809 vetera-

187 841 266 881 nos
285 827 438 868 milites
455 826 628 878 excivit,
639 840 819 882 quorum
832 826 901 866 alii
912 826 1048 868 secuti
1060 827 1301 882 exemplum
1311 824 1427 866 brevi
1442 824 1677 865 exercitum
1692 839 1791 866 con-

191 883 411 925 flaverunt.
444 883 596 924 Cicero
617 890 709 924 tum
729 882 1027 934 rusticabatur,
1049 890 1092 924 et
1111 882 1242 924 libros
1265 882 1318 922 de
1341 881 1508 922 Officiis
1530 881 1793 922 absolvebat.

189 937 305 993 'Sunt
325 940 399 997 qui
427 945 581 997 putent
609 954 660 980 eo
688 946 879 995 tempore
910 938 1138 980 Paradoxa
1164 937 1403 995 scripsisse.
1462 937 1573 978 Cum
1599 937 1797 978 rediisset

190 995 378 1042 Romam
390 996 622 1044 Antonius,
633 1003 760 1052 atque
778 996 929 1037 adesse
941 996 1147 1052 jussisset
1158 996 1363 1037 Senatum
1379 994 1421 1034 in
1433 993 1664 1050 Capitolio,
1678 993 1796 1035 audi-

194 1053 256 1095 vit
267 1053 481 1109 legionem
497 1052 700 1093 Martiam
718 1059 761 1093 et
779 1059 972 1108 quartam
988 1053 1041 1093 ad
1057 1052 1344 1094 Octavianum
1363 1050 1632 1101 transivisse:
1665 1049 1797 1106 quare

194 1117 338 1153 mente
355 1109 560 1159 concidit,
579 1116 623 1150 et
636 1109 782 1151 statim
799 1109 842 1149 in
861 1109 1047 1149 Galliam
1069 1109 1308 1161 citeriorem
1325 1107 1555 1164 paludatus
1572 1121 1796 1162 properare

195 1166 531 1222 decrevit,quam
541 1172 768 1221 acceperat
778 1165 969 1221 apopulo
986 1166 1086 1206 :sed
1098 1165 1255 1206 Brutus
1266 1179 1361 1205 eum
1374 1163 1591 1220 provincia
1600 1163 1798 1211 exclusit,

195 1221 440 1277 etedictum
449 1222 681 1277 proposuit,
693 1236 780 1277 quo
791 1221 1068 1278 promittebat
1078 1220 1395 1277 seprovinciam
1407 1219 1591 1260 Galliam
1609 1219 1652 1259 in
1669 1219 1800 1261 Sena-

196 1279 266 1320 tfis
289 1277 522 1334 populique
541 1277 724 1318 Romani
745 1284 961 1333 potestate
979 1284 1255 1318 retenturum.
1278 1277 1446 1328 Cicero,
1464 1276 1647 1318 Romam
1661 1291 1797 1325 rever-

199 1349 288 1386 sus,
305 1333 402 1385 cum
418 1332 656 1374 audivisset
668 1333 890 1374 decretum
908 1332 933 1374 a
950 1333 1085 1374 Bruto
1096 1333 1378 1390 propositum,
1392 1332 1509 1373 venit
1522 1332 1565 1372 in
1579 1332 1802 1385 Senatum,

201 1389 285 1448 quo
306 1390 450 1446 plures
472 1404 570 1430 cum
592 1404 643 1430 eo
667 1388 896 1431 Senatores
911 1391 1165 1431 convenere.
1194 1389 1453 1430 Retulerunt
1471 1388 1647 1429 Tribuni
1668 1390 1805 1445 plebis

198 1447 254 1488 ad
267 1446 492 1497 Senatum,
508 1445 560 1486 de
576 1445 777 1502 praesidio
793 1445 1026 1488 Consulum
1042 1445 1361 1502 designatorum
1376 1444 1531 1493 Pansae
1546 1452 1590 1486 et
1598 1444 1744 1497 Hirtii,
1758 1453 1806 1488 ut

201 1504 388 1547 Senatus
411 1502 512 1543 Kal.
533 1502 630 1543 Jan.
650 1501 745 1544 tuto
767 1502 932 1554 haberi,
962 1509 1005 1544 et
1026 1502 1252 1544 sententiae
1275 1501 1328 1543 de
1351 1500 1520 1542 summa
1539 1516 1582 1542 re
1597 1502 1698 1558 pub.
1717 1502 1804 1544 dici

201 1565 395 1617 possent.
427 1557 597 1610 Cicero,
619 1573 741 1600 suam
757 1565 948 1615 rogatuS,
970 1559 1153 1611 censuit,
1167 1569 1215 1600 ut
1235 1558 1481 1615 praesidium
1495 1558 1807 1612 decerneretur,

203 1622 260 1668 et,
283 1631 378 1675 quae
389 1614 598 1658 Octavius
615 1615 761 1658 Caesar
775 1615 950 1671 egisset,
967 1615 1146 1672 publica
1166 1616 1423 1657 auctoritate
1440 1616 1805 1667 confirmarentur,

203 1676 282 1715 &c.
343 1672 411 1714 De
439 1671 507 1714 his
536 1671 633 1714 vide
658 1671 946 1728 Philippicam
966 1672 1147 1714 tertiam.
1208 1672 1389 1714 Factum
1411 1678 1477 1713 est
1497 1671 1629 1727 igitur
1649 1671 1692 1712 in
1715 1673 1806 1729 ejus

204 1728 464 1771 sententiam
485 1727 927 1770 senatus-consultum
946 1745 956 1780 3
996 1736 1053 1781 et,
1074 1744 1326 1797 progressus
1346 1730 1391 1769 in
1418 1729 1686 1781 concionem,
1703 1729 1808 1786 quid

204 1791 348 1837 actum
368 1792 483 1828 esset
504 1784 548 1826 in
565 1784 742 1838 Senatu,
760 1785 1009 1841 Philippica
1029 1793 1183 1845 quarta
1202 1785 1390 1842 exponit.
1719 1788 1722 1790 ’

639 1927 810 1956 ANNUS
847 1928 996 1956 umus
1033 1929 1268 1958 con'rAE
1300 1915 1399 1958 710.

394 2024 511 2066 Coss.
537 2022 586 2065 C.
616 2025 727 2066 Vibio
743 2026 910 2075 Ραηεᾶ,
933 2025 986 2065 A.
1007 2024 1172 2073 Hirtio,
1188 2028 1289 2063 ante
1314 2021 1530 2064 Christum
1550 2023 1619 2062 42.

639 2082 857 2123 Ciceronis
876 2082 1167 2134 seoeagesimus
1187 2085 1386 2132 quartus.

270 2190 478 2241 Kalendis
499 2191 526 2234 J
529 2191 691 2233 anuarii
709 2191 922 2243 Consules
946 2192 1153 2234 Senatum
1173 2190 1417 2232 habuerunt
1436 2190 1482 2233 in
1502 2190 1737 2247 Capitolio,
1759 2193 1813 2234 de

215 2248 422 2300 Antonio,
432 2248 507 2304 qui
525 2248 742 2290 Mutinam
763 2249 1007 2301 obsidebat,
1025 2256 1068 2291 et
1081 2248 1138 2289 D.
1154 2246 1334 2300 Brutum
1351 2249 1642 2305 oppugnabat.
1660 2248 1813 2291 Cicero

209 2305 260 2355 jd
275 2304 366 2360 egit
378 2312 426 2354 ut
441 2305 580 2347 hostis
596 2306 814 2348 Antonius
824 2306 1107 2362 judicaretur,
1124 2304 1194 2346 alii
1208 2311 1256 2347 ut
1270 2305 1399 2360 legati
1417 2306 1471 2346 ad
1489 2319 1586 2346 eum
1599 2305 1816 2347 mitteren-

214 2368 298 2404 tur.
330 2361 495 2403 Habuit
516 2362 647 2418 igitur
667 2362 862 2419 quintam
886 2362 1188 2419 Philippicam,
1211 2361 1255 2401 in
1269 2361 1356 2417 qua
1376 2361 1636 2417 legationem
1652 2362 1815 2404 dissua-

216 2418 305 2467 det,
327 2418 554 2467 contendit
564 2420 679 2460 bello
693 2419 931 2465 Antonium
949 2434 1042 2460 esse
1056 2418 1412 2475 persequendum,
1430 2419 1613 2460 honores
1634 2433 1728 2459 esse
1744 2420 1817 2460 de-

214 2475 456 2523 cernendos
467 2475 535 2527 iis,
546 2475 620 2531 qui
637 2475 841 2518 adversus
850 2491 947 2518 eum
955 2475 1283 2531 Rempublicam
1294 2474 1509 2525 defensuri
1520 2483 1679 2516 essent.
1693 2475 1718 2516 J
1722 2475 1818 2518 udi-

221 2538 342 2581 catus
358 2531 511 2573 fuisset
522 2531 661 2573 hostis
677 2532 906 2584 Antonius,
919 2532 1001 2574 nisi
1019 2532 1203 2581 Salvius,
1221 2530 1434 2572 Tribunus
1448 2531 1598 2587 plebis,
1614 2531 1816 2574 interces-

216 2587 361 2636 sisset.
396 2588 604 2630 Decrevit
618 2595 762 2630 tamen
780 2589 964 2631 Senatus
985 2596 1034 2630 ut
1049 2589 1208 2633 Brutus
1228 2588 1486 2637 laudaretur,
1498 2587 1614 2642 quod
1625 2588 1815 2633 Antonio

217 2644 404 2691 Galliam
425 2660 511 2692 non
533 2645 842 2698 concessisset3
874 2652 921 2687 ut
935 2645 1080 2697 Caesar
1102 2645 1366 2698 Octavianus
1383 2658 1481 2685 cum
1497 2643 1643 2685 Pansa
1658 2644 1817 2689 bellum

219 2708 398 2756 gereret,
413 2702 669 2753 sententiam
678 2703 775 2744 loco
786 2702 997 2745 consulari
1011 2702 1187 2754 diceret,
1199 2701 1482 2743 Consulatum
1494 2706 1659 2756 peteret
1668 2701 1817 2748 decem

221 2757 344 2806 annis
364 2758 479 2815 puers
495 2758 628 2816 ‚quam
642 2759 738 2817 lege
751 2759 817 2809 fas
835 2765 966 2808 esset.
996 2758 1174 2810 Decreti
1193 2764 1294 2809 sunt
1308 2757 1453 2814 itaque
1469 2757 1602 2814 legati
1618 2758 1673 2813 ed
1682 2758 1818 2813 Anto-
