1790 3090
93 133 176 177 108

735 133 788 166 IN
813 132 1073 168 CATILINAM
1096 134 1144 167 11.

159 209 438 266 apparatibus
473 209 756 264 delectantur,
786 211 831 252 in
851 217 1020 254 tantum
1049 226 1106 253 aes
1137 210 1322 254 alienum
1348 210 1628 265 ³inciderunt,
1658 218 1721 265 ut,

159 265 196 307 si
217 267 321 309 salvi
341 281 436 308 esse
456 266 605 320 velint,
636 267 755 324 Sylla
774 268 831 310 sit
848 268 901 310 iis
922 269 938 292 ι’
952 270 1004 310 ab
1025 269 1171 311 inferis
1192 269 1472 332 excitandus3
1500 269 1574 326 qui
1590 269 1720 311 etiam

87 322 140 364 10
158 324 389 365 nonnullos
423 330 614 380 agrestes
635 324 847 377 homines,
883 332 1034 367 tenues
1070 333 1198 382 atque
1217 334 1233 351 ‘³
1249 332 1440 382 egenteS,
1462 340 1506 366 1n
1527 327 1722 368 eamdem

156 378 287 421 istam
316 395 436 436 spem
458 380 700 436 rapinarum
719 388 912 424 veterum
933 383 1209 439 impulerunt.
1269 383 1391 431 Quos
1409 396 1489 439 ego
1505 389 1722 438 utrosque,

158 435 364 488 Quirites,
385 436 430 477 in
447 437 600 478 eodem
621 452 776 493 genere
797 439 1083 493 praedatorum
1104 438 1452 497 direptorumque
1472 452 1602 495 pono.
1635 439 1722 480 Sed

157 507 231 534 eos
252 494 337 535 hoc
353 507 523 546 moneo,
555 494 755 535 desinant
787 494 939 546 furere,
971 501 1014 536 et
1042 495 1377 552 proscriptiones
1409 502 1453 538 et
1483 496 1720 537 dictaturas

157 549 361 604 cogitare.

155 677 344 719 passurae
366 679 460 706 esse
481 664 719 706 videantur.

419 550 582 592 Tantus
605 551 720 593 enim
739 551 908 592 illorum
921 557 1162 607 temporum
1177 552 1300 594 dolor
1318 552 1336 577 ‘¹
1348 553 1515 594 inustus
1532 558 1598 594 est
1614 551 1720 594 civi-

86 606 138 648 15
156 605 250 658 tati,
272 613 321 648 ut
332 607 424 663 jam
444 607 530 648 ista
558 622 645 649 non
665 607 793 649 modo
810 607 1005 649 homines
1037 608 1113 649 sed
1135 623 1188 650 ne
1215 609 1404 665 pecudes
1421 609 1596 666 quidem
1616 608 1722 650 mihi

780 665 991 714 Quartum
1006 679 1143 721 genus
1163 672 1229 706 est
1247 664 1350 706 sane
1371 667 1534 709 varium
1549 672 1593 707 et
1613 665 1720 706 mix-

156 727 248 760 tum
289 727 332 761 et
363 721 670 770 turbulentum,
702 720 775 777 qui
802 722 1060 778 jampridem
1098 728 1373 778 premuntur:
1405 722 1479 778 qui
1501 736 1720 778 nunquam

156 784 400 833 emergent:
432 777 520 834 qui,
537 777 693 834 partim
713 778 881 827 inertia,
903 779 1057 834 partim
1078 778 1188 820 male
1207 779 1394 834 gerendo
1411 778 1603 834 negotio,
1624 793 1718 834 par-

154 831 233 873 tim
254 833 382 874 etiam
400 834 654 891 sumptibus,
686 834 730 875 in
750 841 891 877 vetere
914 850 994 876 aere
1016 834 1156 877 alieno
1176 835 1404 877 vacillant:
1437 834 1510 892 qui
1531 835 1722 877 vadimo-

81 890 137 931 20
154 889 252 940 niis,
267 890 460 945 judiciis,
481 891 866 954 proscriptionibus
879 892 1105 943 bonorum,
1120 891 1586 949 defatigati,permulti,
1605 898 1649 933 et
1665 906 1717 933 ex

154 944 271 986 Urbe
286 953 330 986 et
345 961 396 987 ex
416 948 544 1003 agris,
562 962 606 988 se
623 963 667 988 m
680 948 754 988 illa
770 955 911 990 castra
923 949 1116 990 conferre
1126 949 1341 991 dicuntur.
1373 949 1519 991 Hosce
1533 963 1615 1005 ego
1631 963 1719 990 non

153 1007 242 1042 tam
256 1001 410 1043 milites
424 1018 559 1054 acres,
576 1003 707 1059 quam
721 1004 1031 1060 [insidiatores]
1050 1006 1204 1056 lentos,
1223 1020 1318 1047 esse
1339 1005 1540 1057 arbitr0r3
1558 1005 1632 1061 qui
1645 1005 1720 1047 ho-

154 1058 289 1100 mines
311 1058 507 1115 primum,
539 1059 576 1100 si
597 1066 709 1101 stare
729 1074 816 1101 non
846 1069 1043 1116 possunt,
1076 1069 1296 1114 corruant3
1328 1062 1405 1102 sed
1435 1062 1510 1113 ita,
1549 1069 1598 1102 ut
1631 1076 1719 1103 non

154 1114 282 1156 modo
304 1115 471 1167 civitas,
493 1116 570 1157 sed
596 1131 650 1157 ne
672 1116 803 1157 vicini
826 1117 1002 1172 quidem
1034 1117 1218 1173 proximi
1239 1117 1453 1168 sentiantt,
1483 1131 1584 1158 nam
1611 1117 1719 1159 illud

79 1174 134 1214 25
153 1185 240 1212 non
260 1171 472 1227 intelligo,
493 1173 786 1229 quamobrem,
819 1174 856 1213 si
876 1173 1016 1215 vivere
1044 1172 1225 1215 honeste
1254 1189 1343 1215 non
1361 1180 1560 1230 possunt,
1580 1174 1718 1230 perire

151 1227 333 1284 turpiter
353 1228 515 1270 velint:
547 1235 622 1270 aut
644 1244 718 1270 cur
744 1229 906 1272 minore
935 1231 1081 1272 dolore
1111 1230 1325 1286 perituros
1356 1245 1403 1272 se
1435 1245 1534 1273 cum
1554 1230 1716 1280 multis,

152 1284 284 1340 quam
306 1284 342 1326 si
363 1285 444 1327 soli
463 1292 654 1342 pereant,
676 1286 965 1328 arbitrentur?
1017 1286 1228 1335 Quintum
1245 1302 1381 1344 genus
1404 1294 1471 1329 est
1486 1287 1718 1343 parricida-

151 1356 260 1393 rum,
293 1342 556 1393 sicariorum,
587 1343 772 1400 denique
811 1343 1003 1385 omnium
1038 1344 1403 1386 facinorosorum:
1435 1359 1544 1401 quos
1574 1359 1656 1402 ego
1692 1343 1718 1385 ὲ

154 1396 342 1440 Catilina
361 1414 449 1441 non
468 1414 644 1452 revoc03
666 1414 766 1442 nam
782 1414 920 1456 neque
938 1400 1084 1443 divelli
1105 1401 1159 1442 ab
1178 1416 1228 1443 eo
1246 1406 1454 1458 possunt;
1477 1409 1519 1443 et
1540 1407 1717 1458 pereant

149 1512 302 1568 possit.

79 1456 135 1498 30
153 1455 256 1496 sane
277 1454 321 1497 in
333 1456 575 1509 latrocinio,
589 1456 794 1513 quoniam
809 1464 910 1498 sunt
922 1457 983 1499 ita
997 1457 1135 1509 multi,
1149 1464 1196 1499 ut
1209 1472 1282 1499 eos
1295 1472 1448 1514 capere
1465 1472 1611 1499 carcer
1629 1472 1717 1499 non

361 1513 634 1555 Postremum
663 1520 805 1555 autem
825 1528 959 1570 genus
985 1521 1065 1566 est,
1086 1528 1174 1555 non
1194 1514 1334 1555 solum
1356 1528 1547 1565 numero,
1566 1514 1712 1555 verum

150 1568 281 1610 etiam
321 1583 475 1625 genere
506 1570 618 1626 ipso,
663 1576 791 1626 atque
831 1570 935 1622 vite,
974 1571 1092 1627 quod
1132 1570 1351 1627 proprium
1395 1579 1463 1612 est
1497 1570 1712 1624 Catilinae,

150 1625 204 1667 de
236 1626 327 1682 ejus
364 1626 549 1681 delectu,
579 1626 710 1669 immo
743 1626 845 1670 verb
876 1627 1205 1684 deecomplexu
1236 1629 1327 1685 ejus
1364 1642 1416 1670 ac
1448 1627 1571 1682 sinu3
1602 1642 1713 1685 quos

177 1812 194 1831 ²¹
205 1812 516 1854 eontraoeewunt
536 1815 710 1854 tantum
729 1825 790 1854 ces
807 1813 1013 1855 alienum.

902 1875 917 1893 e
929 1870 980 1911 de
983 1869 1346 1924 familiarissimis
1363 1870 1449 1923 ipsi
1468 1874 1510 1910 et
1528 1870 1707 1910 intimis.

148 1870 164 1888 ⁰
174 1868 449 1911 mendic-ulos.
564 1867 582 1892 ‘¹
597 1871 776 1911 allatus.

192 2049 244 2079 11.
269 2047 455 2089 Rapinarum
470 2049 623 2090 veterum]
653 2051 716 2091 Spe
728 2050 906 2091 rapinarum

149 2094 350 2163 ἓίῐῖῗκεωῃῐ,
372 2093 480 2134 quales
502 2093 594 2124 factae
619 2099 691 2124 sunt
714 2094 907 2135 temporibus

222 2145 260 2166 ae.

173 2145 246 2208 y13.
268 2176 515 2219 Proscriptionesae]
560 2178 711 2210 Homines
749 2179 904 2221 ejusmodi

149 2224 259 2250 tenues
288 2225 320 2250 et
334 2221 426 2261 egeni
453 2232 517 2251 non
544 2222 664 2252 debent
692 2233 815 2263 sperare
837 2223 903 2254 fore

148 2269 183 2293 ut
198 2263 382 2293 dictatorem
403 2274 436 2294 se
451 2265 620 2295 constituat
635 2265 782 2302 Catilina,
805 2270 836 2296 et
863 2266 904 2296 si-

149 2305 229 2335 milis
251 2306 292 2336 sit
317 2306 426 2348 Syllae,
449 2307 502 2347 qui
527 2318 633 2338 eorum
659 2309 796 2339 omnium
821 2309 904 2340 bona

147 2349 336 2420 prltiztscripsin
348 2359 425 2390 quos
439 2350 500 2380 suis
516 2352 654 2391 partibus
669 2352 836 2382 contrarios
851 2353 905 2382 ha-

192 2435 245 2466 17.
269 2434 308 2464 Et
339 2436 565 2477 turbulentum-J
621 2436 718 2467 Aliud
747 2437 905 2467 hominum

148 2486 256 2517 genus,
296 2477 349 2518 qui
388 2478 554 2509 Catilinam
593 2484 776 2520 sequuntur,
800 2480 906 2510 turbu-

146 2519 265 2550 lentum
281 2525 328 2550 est
342 2524 374 2550 et
399 2522 592 2559 seditiosum,
617 2534 655 2553 ex
671 2522 760 2553 turba
781 2528 813 2553 et
828 2523 907 2553 mul-

147 2562 293 2600 titudine,
306 2568 338 2593 et
351 2563 448 2594 veluti
459 2565 634 2596 colluvione
647 2566 817 2603 hominurn,
834 2577 907 2597 con-

147 2605 265 2636 flatum.

189 2648 240 2680 Ib.
298 2647 457 2689 Nunquam
492 2651 666 2693 emergam]
730 2651 902 2684 Translatio

148 2696 270 2732 sumpta
294 2692 333 2722 ab
357 2693 456 2733 aquis,
479 2704 520 2724 ex
551 2695 662 2736 quibus
691 2695 805 2726 dicitur
834 2696 903 2737 quis

147 2744 316 2776 emergere,
332 2740 481 2776 tanquam
501 2748 539 2768 ex
561 2737 735 2779 naufragio.
780 2738 903 2780 Signifi-

144 2781 197 2808 cat
224 2777 297 2810 veto
325 2779 466 2813 homines
496 2779 651 2824 ejusmodi
676 2792 837 2825 nunquam
853 2783 903 2815 di-

1147 1811 1166 1835 b
1180 1811 1445 1853 revocandus
1461 1812 1520 1852 acl
1533 1812 1681 1853 vitam.

950 2049 1030 2080 vites
1044 2049 1122 2088 fore,
1138 2049 1213 2091 quia
1228 2058 1288 2081 aere
1303 2048 1404 2081 alieno
1417 2059 1577 2092 nunquam
1591 2048 1705 2081 libera-

951 2094 1075 2123 buntur.

995 2138 1048 2168 19.
1096 2135 1298 2177 Vadimoniis]
1325 2135 1513 2167 Vadimonia
1527 2140 1599 2167 sunt
1612 2146 1707 2177 spon-

948 2179 1050 2209 siones
1066 2178 1198 2210 sistendi
1214 2189 1247 2209 se
1262 2178 1439 2219 injudicio,
1463 2180 1575 2220 quibus
1598 2179 1621 2209 si
1638 2180 1707 2220 quis

948 2223 1049 2258 deest,
1065 2221 1211 2253 adversus
1225 2232 1295 2253 eum
1303 2222 1458 2263 judicium
1471 2224 1574 2262 datur,
1592 2227 1625 2253 et
1639 2233 1705 2253 cre-

947 2265 1030 2295 ditur
1042 2265 1075 2296 in
1090 2265 1157 2306 ejus
1172 2266 1378 2306 possessiones
1390 2265 1530 2296 mittitur.

991 2311 1045 2339 21.
1068 2307 1108 2338 1η
1121 2309 1175 2339 illa
1189 2308 1313 2349 castra]
1338 2308 1473 2340 Faexilla
1486 2307 1647 2339 hominum
1663 2309 1704 2339 ad

950 2357 1050 2382 castra
1064 2351 1178 2382 Manlii
1186 2352 1375 2382 confluebat.

993 2396 1046 2424 22.
1069 2394 1256 2425 Insidiatores
1292 2395 1406 2435 lentos]
1465 2393 1563 2425 Multi
1595 2393 1706 2435 legunt

949 2436 1133 2477 inficiatores,
1155 2437 1189 2468 id
1213 2443 1273 2476 est,
1294 2438 1433 2468 homines
1457 2437 1639 2468 exercitatos
1663 2438 1704 2468 ad

948 2481 1127 2520 negandum
1142 2480 1254 2522 quibus
1269 2481 1395 2512 debent.
1437 2479 1489 2510 Ita
1503 2480 1658 2511 Muretus.

993 2525 1046 2555 23.
1073 2523 1246 2564 Cori-nant]
1271 2523 1304 2554 Si
1325 2524 1358 2554 in
1371 2523 1433 2554 suis
1448 2522 1538 2553 bonis
1558 2528 1638 2554 stare
1659 2523 1706 2555 illi

950 2576 1013 2596 non
1029 2570 1169 2607 possunt,
1185 2572 1284 2597 semet
1296 2566 1382 2607 ipsos
1404 2565 1604 2605 interficiant;
1628 2577 1702 2597 nam

949 2609 1025 2650 ipsis
1041 2609 1197 2640 honestius
1227 2614 1274 2640 est
1288 2608 1430 2649 pacifice,
1445 2608 1540 2649 quam
1554 2609 1703 2640 tumultu-

946 2651 1010 2688 ose,
1027 2657 1140 2683 etcum
1154 2652 1333 2693 reipublicae
1349 2652 1499 2692 pericu10,
1513 2653 1600 2683 mori.

989 2698 1043 2727 30.
1065 2695 1104 2726 In
1119 2696 1294 2736 latrocinio]
1339 2695 1465 2726 Bellum
1478 2695 1512 2726 id
1526 2701 1633 2726 contra
1645 2705 1702 2736 pa-

946 2738 1036 2769 triam
1062 2737 1258 2770 latrocinium
1280 2748 1402 2780 semper
1424 2738 1607 2778 nominavit,
1628 2739 1703 2781 quia

946 2782 1112 2824 conjuratis
1126 2792 1190 2815 non
1203 2781 1356 2827 indictum
1371 2781 1485 2829 fuerat.
