1838 3017
683 145 845 182 VARIAE
875 142 1133 181 LECTIONES.

724 522 814 554 PRO
840 522 876 554 L.

135 696 272 728 Murena
295 707 416 739 semper
438 697 633 729 scribendum
655 703 762 728 censet
781 698 898 728 Manu-

179 741 251 776 tius,
273 740 342 772 cum
367 741 386 771 ai
409 741 494 782 pisce
516 751 629 771 nomen
645 743 695 776 sit,
719 741 773 781 qui
789 741 899 772 Graece

180 784 305 823 Μύραινα
316 783 444 820 dicitur;
462 784 516 814 sed
534 784 654 824 lapides
666 783 833 823 Capitolini
846 784 901 813 lia-

180 827 255 856 bent
269 826 415 863 Murum
440 831 470 856 et
488 826 530 856 sic
546 825 703 866 scripsisse
718 831 794 856 vett.
806 825 901 857 Rom.

179 867 253 899 ideo
269 869 432 899 verisimile
449 868 495 907 fit,
512 869 584 909 quia
603 868 686 909 apud
702 868 901 898 Plutarchum

180 917 308 942 vocatur
323 914 475 951 Μουρήνας.
533 911 594 942 Sed
615 922 677 941 non
693 912 771 941 tanti
785 922 830 942 res
844 917 902 947 est,

179 959 214 983 ut
228 953 258 983 in
276 954 328 985 lite
344 954 518 985 dirimenda
533 955 739 986 immoremur.

139 996 211 1028 Par.
226 995 253 1028 I.
269 996 328 1027 Lin
345 1001 374 1027 1.
399 996 566 1038 Fremitus]
595 997 677 1028 Edu.
690 1004 766 1028 vett.
779 1002 810 1027 et
822 1007 901 1027 nou-

179 1039 257 1070 nulli
272 1040 368 1071 MSS.
385 1041 502 1071 habeut
516 1042 694 1079 deprecatus.

138 1079 187 1113 II.
221 1087 251 1113 1.
274 1088 344 1124 post
367 1093 475 1114 vocem
503 1085 658 1114 seteritatis
685 1083 902 1114 Hotomannus

182 1135 218 1156 ex
235 1125 413 1166 conjectura
430 1126 613 1167 interponit,
628 1127 710 1156 Cato.
727 1125 825 1156 MSS.
840 1137 902 1156 non

179 1169 396 1207 consentiunt3
421 1169 610 1210 subintelligi
625 1168 752 1209 quidem
765 1174 880 1210 potest.

140 1211 201 1242 IV.
236 1213 290 1243 32.
328 1211 493 1252 Tempestivi
515 1213 664 1254 convivit]
722 1212 773 1242 Sic
797 1211 904 1252 legen-

184 1254 258 1284 dum
282 1261 410 1285 censent
431 1254 540 1286 Lamb.
570 1255 661 1285 Grut.
692 1259 724 1284 et
750 1254 902 1286 Graevius.

179 1296 382 1337 'tempestiva
402 1304 506 1328 autem
528 1297 682 1333 convivia,
707 1298 905 1337 tempestivas

182 1340 297 1381 epulae,
322 1340 381 1372 ἃς.
409 1346 567 1375 vocantur,
596 1351 665 1381 quae
691 1345 762 1370 ante
798 1341 903 1370 liuram

188 1388 368 1414 consuetam
389 1383 425 1424 (i.
440 1394 467 1414 e.
483 1383 615 1423 nonam)
637 1383 850 1419 instituuntur,
873 1389 906 1414 et

186 1425 218 1456 in
244 1425 369 1467 longum
395 1427 622 1466 protrahuntur.
669 1425 734 1462 Qui
752 1426 812 1456 vim
836 1432 905 1456 tem-

183 1471 282 1508 pestivi
327 1470 518 1505 nesciebant,
562 1474 767 1510 reposuerunt
801 1471 906 1499 intem-

182 1513 294 1551 pestivi,
310 1513 395 1554 quod
411 1513 465 1542 viri
481 1512 565 1542 docti
583 1512 650 1552 jam
665 1512 783 1541 dudum
800 1523 906 1554 repro·

187 1554 311 1586 bittunt.

145 1596 205 1628 VI.
229 1600 283 1628 50.
307 1597 529 1639 Promulgata.]
565 1597 615 1628 Ita
641 1597 725 1629 Vict.
743 1602 775 1629 et
802 1597 905 1629 Graev.

187 1639 204 1671 ἐ
221 1640 318 1671 MSS.
335 1641 376 1672 al.
401 1641 584 1682 pervulgata.

145 1685 199 1714 6².
223 1682 314 1714 Nullo
329 1684 410 1725 νειμ]
440 1683 491 1714 ΑΙ.
510 1683 602 1714 Nullo
613 1686 691 1715 usui.

145 1727 199 1757 63.
221 1725 426 1766 superstitibus
438 1727 648 1767 prementibus]
700 1726 864 1757 Manutius
877 1731 910 1758 et

187 1768 405 1800 Hotomannus
428 1770 614 1809 praesentibus
640 1770 811 1800 delendum
837 1781 910 1801 cen-

149 1831 152 1834 ·
189 1816 269 1847 sent,
299 1817 455 1853 tamquam
480 1823 595 1843 meram
623 1813 911 1854 interpretationem

174 1855 273 1885 'vocis
290 1855 426 1896 antiquae
446 1856 657 1895 superstitibus.

147 1896 228 1928 VH.
249 1899 302 1929 55.
323 1897 481 1928 Pellitur&
495 1898 613 1939 medio]
638 1897 688 1929 Ita
702 1898 814 1938 legitur
825 1897 910 1938 apud

191 1939 341 1979 Gellium,
366 1941 388 1972 l.
403 1944 455 1971 20.
479 1951 509 1972 c.
524 1943 577 1972 10.
599 1947 631 1971 et
646 1942 689 1971 sic
705 1942 799 1971 etiam
815 1940 911 1974 MSS.

191 1982 300 2013 Lauib.
317 1983 367 2013 alii
381 1983 496 2014 habent
511 1984 626 2014 tollitur
640 1983 656 2013 ἑ
669 1984 771 2014 medio.

148 2024 246 2056 vm.
269 2028 323 2056 27.
345 2025 454 2067 Pugna
478 2026 661 2067 excitatum]
721 2027 772 2056 Sic
798 2026 848 2056 ed.
872 2025 909 2057 C.

191 2068 303 2109 Stepb.
326 2075 358 2099 ct
379 2070 470 2106 aliae3
495 2069 548 2099 sed
568 2069 666 2099 MSS.
680 2069 820 2099 nonnulli
834 2080 912 2110 pug-

191 2111 229 2141 πά
243 2113 378 2142 excitaret
389 2123 399 2148 ‚·
423 2111 463 2142 al.
478 2111 580 2152 pugmi
595 2111 740 2141 excitarit.

147 2155 203 2185 70.
235 2155 464 2193 Arbitrareeur]
527 2154 579 2185 Sic
608 2165 714 2185 omnes
742 2153 839 2184 MSS.
879 2157 913 2184 ut

193 2198 355 2234 παθητικῶς
397 2198 513 2228 dictum
559 2198 610 2232 sit,
647 2196 910 2238 quemadmodum

182 2240 325 2282 fateatur
351 2241 383 2271 in
408 2240 498 2272 Orat.
522 2243 552 2270 9.
577 2245 685 2270 contra
710 2239 849 2275 Rullum,
884 2250 914 2270 c.

194 2286 247 2315 Ξῖ.
308 2283 476 2314 Lambinus
504 2283 716 2313 arbitraremur
742 2281 834 2313 malle
869 2282 914 2313 vi·

195 2327 296 2357 detur.

150 2367 288 2400 Ix.13.
315 2367 449 2410 Opibus]
495 2368 546 2399 Sic
562 2368 731 2399 Hotoman.
754 2372 786 2398 et
803 2368 913 2400 Lamb.

195 2412 363 2454 legendum
379 2417 536 2442 statuunt:
553 2411 609 2442 sed
622 2412 697 2442 edd.
711 2410 764 2441 alii
776 2415 807 2441 et
819 2410 915 2442 MSS.

195 2465 252 2496 pro
267 2455 364 2496 opibus
379 2455 495 2485 babent
509 2465 604 2494 opera.

154 2497 195 2529 X.
220 2499 272 2530 16.
290 2497 511 2538 Permutatio]
537 2498 587 2528 Sic
600 2495 710 2537 optimi
725 2495 819 2526 MSS.
832 2495 916 2538 vulg.

195 2542 345 2572 salutatio.

155 2585 208 2617 23.
232 2583 373 2614 Testatam
394 2594 454 2614 rem
478 2583 580 2624 alfia]
627 2582 706 2613 Sunt
723 2582 776 2623 qui
799 2581 918 2613 malunt

197 2632 346 2658 testantem
373 2627 458 2666 aly'ic.
519 2626 581 2656 Sed
613 2635 668 2667 per
696 2630 829 2656 testatam
856 2636 916 2656 rem

196 2669 272 2700 nihil
296 2669 379 2699 aliud
411 2669 489 2705 vult,
520 2669 578 2700 nisi
606 2679 675 2699 eam
698 2678 821 2699 causam
845 2678 916 2708 quae

198 2711 327 2742 testibus
361 2717 466 2743 contra
494 2712 570 2744 alios
599 2709 820 2754 comparandis
849 2716 915 2742 tota

197 2755 297 2786 fuerat
317 2760 480 2796 occupata.

1609 140 1700 186 543

901 519 1114 553 MURENA.

942 699 995 727 40.
1020 693 1093 725 cutm
1109 700 1136 724 te
1146 694 1180 724 de
1195 691 1295 733 curm]
1341 691 1392 721 Sic
1415 695 1447 722 et
1461 689 1559 721 MSS.
1573 693 1606 719 et
1630 687 1706 719 edd.

986 744 1060 768 vett.
1076 737 1131 768 sed
1149 736 1335 767 recentiores
1351 734 1506 764 omittunt.

942 784 996 812 74.
1024 780 1126 810 Vestrae
1147 778 1303 819 satietati]
1349 777 1400 808 Sic
1427 781 1459 807 et
1486 775 1708 806 Hotomannus

989 830 1020 854 et
1036 822 1205 854 Lambinus
1222 822 1339 861 legunt,
1355 826 1387 850 et
1403 820 1446 850 sic
1458 830 1491 850 se
1503 819 1606 859 legere
1617 818 1708 848 malle

989 867 1069 897 ‹licit
1096 865 1249 901 Graevius,
1275 863 1333 894 nisi
1365 863 1523 894 obstarent
1548 861 1645 892 MSS.
1677 866 1710 891 et

990 910 1064 940 edd.
1082 909 1135 948 qni
1152 908 1269 938 habent
1282 912 1378 937 vestrae
1393 906 1546 945 sapientie.

944 955 1019 983 107.
1044 951 1188 982 Ιπάισαιὶι
1213 957 1297 990 atque
1321 950 1451 991 uadum]
1496 948 1546 978 Sic
1576 946 1710 988 primum

987 1007 1024 1026 ex
1046 994 1226 1036 conjectura
1242 993 1473 1027 Hotomannus,
1492 991 1576 1031 quod
1600 990 1713 1031 postea.

989 1039 1098 1069 Lamb.
1113 1043 1146 1067 et
1160 1036 1352 1067 aliieMSS.
1370 1033 1600 1066 confirmarunt.
1644 1033 1711 1064 Atii

990 1081 1067 1112 editi
1091 1081 1209 1110 liabent
1229 1079 1368 1110 indicavit
1389 1083 1473 1118 atque
1494 1077 1602 1106 innuit.
1648 1075 1711 1106 Sed

989 1125 1109 1155 {vulnere
1136 1133 1219 1172 saepe
1245 1124 1304 1152 hoc
1330 1121 1421 1151 modo
1446 1123 1574 1159 usurpat
1588 1118 1713 1150 Cicero.

993 1166 1113 1198 Siclib.
1131 1169 1162 1196 ⁶2.
1178 1167 1208 1195 in
1222 1165 1310 1196 Verr.
1327 1174 1398 1203 cap.
1414 1165 1468 1194 4⁸².
1484 1162 1590 1197 Videte,
1604 1163 1635 1192 in
1647 1171 1715 1202 quos

990 1221 1017 1240 se
1046 1211 1159 1249 laqueos
1182 1209 1321 1238 induerit.
1366 1206 1408 1236 Et
1430 1216 1510 1240 mox,
1537 1204 1646 1239 Videte,
1666 1209 1714 1240 ut,

948 1270 950 1272 >
990 1253 1062 1282 dum
1078 1252 1206 1291 expedire
1228 1262 1256 1282 se
1278 1251 1352 1287 vult,
1377 1250 1494 1279 induat.
1540 1248 1592 1278 Sic
1605 1247 1714 1282 etiam,

992 1297 1023 1326 5.
1039 1296 1070 1324 in
1089 1295 1178 1325 Verr.
1195 1296 1248 1325 64.
1291 1293 1351 1323 Suri
1375 1292 1546 1334 confessione
1570 1291 1715 1320 induatur

991 1340 1095 1379 acjug
1079 1338 1197 1367 unietur
1211 1348 1257 1367 ue
1249 1347 1314 1367 esse
1327 1341 1377 1366 est.

948 1380 1009 1412 XI.
1043 1383 1099 1412 32.
1124 1380 1220 1411 Exitio
1240 1382 1287 1410 vix
1308 1377 1470 1418 cuiquam]
1510 1375 1630 1407 Vocem
1653 1376 1713 1406 exi-

992 1426 1032 1455 tio
1060 1424 1174 1465 primus
1199 1422 1332 1454 restituit
1362 1420 1542 1452 Lambinus.
1564 1418 1630 1450 sine
1652 1417 1716 1459 qua

992 1478 1099 1498 sensus
1122 1471 1189 1497 crat
1210 1465 1354 1496 mutilus:
1388 1464 1448 1494 nisi
1473 1461 1551 1493 forte
1579 1472 1617 1492 ex
1640 1471 1716 1492 con-

991 1510 1110 1551 jectura
1127 1508 1297 1540 Camerarii
1314 1507 1482 1548 legendum
1505 1508 1562 1545 ipse
1584 1505 1631 1535 vix
1651 1505 1718 1535 cui-

996 1564 1094 1593 quam,
1106 1552 1157 1592 ὃςε.

951 1596 1031 1627 XII.
1057 1598 1109 1626 11.
1133 1595 1280 1629 Quanta
1270 1606 1300 1624 m
1315 1595 1375 1634 ipso
1389 1593 1533 1636 imperio]
1556 1593 1596 1624 Iu
1620 1593 1716 1624 editis

995 1638 1185 1687 quibusdam.
1195 1638 1238 1667 sic
1253 1638 1394 1672 habetur,
1418 1642 1528 1677 quanta
1551 1639 1582 1667 in
1605 1637 1718 1667 homine

995 1692 1148 1722 quoquam,
1174 1682 1207 1710 in
1226 1682 1286 1720 ipso
1308 1681 1434 1719 imperio.
1482 1678 1545 1710 Sed
1560 1680 1648 1710 istam
1665 1689 1717 1710 ac·

996 1725 1168 1756 cessionem
1180 1722 1287 1753 merito
1298 1722 1460 1764 repudiant
1472 1721 1581 1754 Lamb.
1592 1725 1716 1754 Manut.

998 1773 1031 1798 et
1048 1767 1181 1797 melioris
1196 1771 1279 1796 nott-2.
1297 1766 1374 1797 edd.

954 1808 1357 1842 X111.11.1.rtn0nesse
1371 1808 1487 1850 nequa]
1518 1807 1571 1839 Al.
1583 1809 1642 1840 viri
1663 1817 1718 1840 esse

998 1863 1098 1894 neque.

954 1898 1007 1928 51.
1031 1897 1094 1926 Aut
1117 1896 1286 1934 seposuisses,
1319 1899 1372 1924 aut
1405 1894 1488 1937 min]
1533 1895 1583 1926 Sic
1610 1904 1717 1924 omnes

999 1939 1068 1969 libri
1082 1938 1188 1978 scripti
1204 1944 1236 1968 et
1252 1938 1329 1968 editi
1343 1937 1474 1977 optimi;
1496 1944 1529 1968 at
1544 1937 1653 1968 Lamb.
1679 1947 1718 1967 ex

999 1980 1192 2012 Hotomanni
1207 1980 1383 2021 conjecturis
1399 1979 1484 2020 legit,
1511 1987 1565 2011 aut
1586 1981 1610 2010 si
1632 1985 1718 2018 potu.-

999 2026 1074 2059 isses,
1102 2025 1164 2054 mit.
1179 2024 1232 2053 sed
1257 2023 1322 2053 sine
1337 2022 1450 2060 caus315
1474 2033 1544 2053 nam
1559 2023 1720 2061 seposuisses

998 2067 1082 2097 idem
1099 2070 1147 2095 est
1161 2076 1197 2095 ac
1213 2066 1239 2096 si
1257 2065 1399 2103 dixisset,
1421 2075 1453 2095 ex
1474 2066 1667 2097 obseruatione
1689 2070 1718 2094 et

996 2107 1132 2140 memor-iti
1154 2109 1301 2138 hominum
1316 2108 1485 2139 removisses.

955 2154 1008 2184 61.
1032 2152 1193 2182 Commotus
1206 2161 1242 2181 ue
1254 2153 1291 2181 sis
1301 2163 1312 2189 ;
1332 2151 1380 2181 sed
1395 2157 1489 2182 tamen
1509 2159 1560 2189 est,
1583 2155 1671 2185 etiam
1686 2155 1719 2185 in

1000 2194 1173 2226 dissolvenda
1196 2193 1370 2234 severitate]
1416 2194 1498 2226 Libri
1524 2197 1588 2228 sere
1614 2208 1719 2228 ornnes

1001 2238 1312 2269 habent—commotus
1334 2247 1368 2267 ne
1393 2239 1449 2268 sis:
1481 2240 1578 2277 etiam,
1603 2242 1635 2271 in
1661 2241 1720 2272 dis·

1002 2280 1131 2312 solvenda
1142 2282 1309 2317 severitate,·
1328 2281 1376 2312 sed
1391 2287 1496 2312 tamen.

958 2327 1010 2357 63.
1058 2323 1155 2364 Vera]
1188 2323 1241 2355 Sic
1258 2324 1353 2356 MSS.
1379 2326 1417 2356 al.
1447 2324 1610 2357 Enimvers».
1655 2326 1719 2357 Sed

1006 2366 1075 2398 Ver&
1102 2367 1145 2398 sic
1172 2377 1256 2408 saepe
1284 2376 1447 2411 usurpatur
1468 2369 1552 2411 apud
1573 2369 1720 2411 probatos

1004 2416 1156 2441 auctores.

958 2457 1010 2486 71.
1038 2453 1221 2494 Cnmimem]
1267 2453 1319 2484 Sic
1334 2454 1410 2485 editi
1426 2454 1591 2495 permulti,
1615 2459 1647 2484 ut
1670 2464 1720 2484 su-

1003 2507 1070 2538 pra,
1087 2497 1160 2532 Quis
1170 2496 1234 2526 verri
1252 2496 1285 2528 C.
1301 2496 1391 2527 Laelt'o
1403 2499 1524 2529 comior.
1518 2501 1533 2521 1
1556 2498 1618 2528 Sed
1633 2496 1722 2528 Grae-

1004 2539 1083 2575 vius,
1099 2544 1222 2570 secutus
1233 2544 1300 2581 opt.
1313 2539 1422 2578 MSS„
1439 2540 1516 2580 legit
1530 2540 1636 2570 hocin
1651 2539 1720 2570 loco

1002 2583 1232 2614 communiorem.
1280 2563 1438 2613 Utrumvis
1461 2583 1535 2613 satis
1555 2582 1721 2620 convenit;

1003 2626 1058 2656 sed
1074 2626 1230 2656 communis
1246 2625 1327 2667 saepe
1345 2631 1493 2655 mutatum
1507 2631 1554 2656 est
1573 2626 1604 2656 in
1625 2626 1721 2657 comis.

1004 2668 1168 2699 Communis
1196 2673 1298 2698 autem
1324 2674 1372 2698 est
1397 2668 1509 2703 facitis,
1530 2669 1722 2704 commodus,

1002 2711 1174 2752 popularis,
1189 2716 1220 2741 ct
1230 2710 1383 2751 aeqnitatis
1400 2710 1533 2752 patienS.
1555 2711 1639 2744 Vide
1653 2710 1721 2742 Cic.

1003 2764 1057 2796 ep.
1074 2756 1104 2787 9.
1120 2753 1174 2785 lib.
1192 2756 1224 2785 4.
1242 2754 1281 2784 ad
1298 2753 1384 2785 Fam.
