1858 3095
697 196 958 230 ΡιιιΠΡΡιοΑ
983 197 1011 228 1.
1635 196 1718 242 401

74 284 172 328 quoe
184 271 300 314 bona
310 271 391 329 ipsi
404 272 582 324 videtur,
597 273 734 325 (mihi,
751 289 803 316 ne
821 275 990 330 gravius
1005 274 1225 331 quidpiam
1241 273 1397 323 dicam,
1415 287 1589 318 avorum
1603 281 1647 319 et

76 330 275 371 avunculi
305 330 370 372 sui
397 330 667 372 consulatum
692 331 727 372 si
749 331 1000 381 imitaretur,
1032 332 1286 374 fortunatior
1306 332 1538 382 videretur)
1569 333 1647 374 sed
1665 333 1692 373 5

79 398 176 427 eum
197 387 446 429 iracundum
468 387 595 428 audio
616 403 709 429 esse
734 387 905 430 factum.
958 389 1097 431 Video
1119 398 1276 440 autem,
1298 389 1432 446 quam
1451 389 1508 430 sit
1527 389 1650 430 odio-

81 455 176 484 sum
211 444 363 485 habere
397 444 549 485 iratum
582 445 778 486 eumdem
812 453 855 486 et
880 455 1102 495 armatum,
1136 446 1233 487 cum
1266 454 1385 488 tauta
1416 445 1651 502 praesertim

79 499 341 556 'gladiorum
363 501 419 541 sit
438 501 690 557 impunitas:
723 502 797 544 sed
813 517 1046 557 proponam
1067 503 1175 559 bjus,
1196 511 1240 544 et
1259 503 1446 558 (opinor)
1465 517 1650 558 aequum,

79 556 199 611 quod
230 556 296 598 M.
319 556 558 599 Antonium
594 573 680 600 non
716 559 892 600 arbitror
924 560 1258 615 repudiaturum.
1337 558 1447 614 Ego,
1480 559 1516 600 si
1548 559 1651 614 quid

82 611 127 653 in
157 612 288 654 vitam
317 615 408 669 ejus
440 624 514 655 aut
544 615 586 655 in
617 630 755 657 mores
786 631 884 657 cnm
924 616 1185 657 contumelia
1224 615 1386 665 dixero,
1425 615 1653 671 quomiuds
1677 614 1727 655 lO

83 668 190 710 mihi
216 669 542 712 inimicissimus
564 671 634 723 sit,
666 687 752 713 non
773 674 1006 722 recusabo3
1038 673 1103 712 sin
1127 672 1483 713 consuetudinem
1517 686 1657 713 meam

83 727 234 782 [quam
247 726 291 768 in
307 728 527 783 republica
541 743 708 784 semper
720 728 868 781 habui]
886 736 1075 778 tenuero,
1091 728 1135 769 id
1150 736 1227 778 est,
1246 728 1280 768 si
1296 727 1443 778 libere,
1457 743 1553 783 quae
1563 743 1658 770 sen-

83 782 205 835 tiam,
225 783 279 825 de
299 785 523 840 republica
541 785 704 835 dixero,
724 785 904 840 primurn
921 786 1139 839 deprecor,
1161 799 1213 826 ne
1231 784 1455 826 irascatur:
1487 783 1657 833 deinde,

87 838 124 880 si
145 840 230 882 hoc
247 855 334 882 non
354 841 550 897 impetro,
571 849 685 896 peto,
706 848 753 881 nt
775 841 837 882 sic
858 841 1079 892 irascatur,
1101 848 1148 882 ut
1167 841 1271 883 civi:
1302 841 1428 882 armis
1447 848 1601 892 utatur,
1622 841 1658 882 si

89 895 150 937 ita
164 911 339 939 necesse
353 905 432 948 est,
456 904 502 938 ut
522 897 642 948 dicit,
665 898 731 938 sui
748 897 1008 939 defendendi
1025 898 1182 939 causa:
1214 897 1266 938 iis
1287 897 1359 953 qui
1382 912 1457 953 pro
1475 897 1658 954 Republ,
1681 896 1732 938 15

89 967 187 1009 quae
201 952 307 1010 ipsis
323 954 416 995 visa
432 962 568 1005 erunt,
585 954 786 1004 dixerint,
803 954 886 995 ista
903 969 1019 995 arma
1032 970 1083 996 ne
1097 961 1295 996 noceant.
1330 954 1447 1002 Quid
1462 953 1544 996 hac
1561 969 1661 1010 pos-

90 1009 300 1052 tulatione
320 1010 405 1052 dici
429 1018 574 1067 potest
594 1011 784 1067 aequius?
817 1010 945 1058 Quod
969 1011 1005 1052 si
1024 1017 1092 1063 (ut
1113 1011 1138 1052 a
1159 1011 1418 1067 quibusdam
1445 1011 1548 1052 mihi
1568 1012 1660 1067 ejus

92 1066 369 1109 familiaribus
401 1067 565 1109 dictum
598 1068 681 1119 est)
710 1067 848 1110 omnis
880 1083 992 1119 eum,
1023 1084 1117 1124 qnae
1144 1069 1324 1109 habetur
1345 1075 1494 1109 contra
1513 1069 1664 1110 volun-

93 1130 228 1165 tatem
248 1125 353 1180 ejus,
376 1126 510 1166 oratio
529 1124 713 1181 graviter
734 1124 929 1176 offendit,
944 1125 1111 1166 etiarnsi
1129 1125 1367 1166 nullainest
1383 1123 1664 1176 contumelia;

96 1180 280 1222 feremus
311 1181 437 1223 amici
469 1190 677 1223 naturam.
737 1181 824 1223 Sed
854 1182 986 1224 iidem
1012 1182 1073 1223 illi
1103 1182 1163 1223 ita
1193 1197 1381 1224 mecum:
1422 1179 1523 1223 Non
1549 1181 1665 1223 idem
1683 1179 1739 1222 20

96 1238 175 1279 tibi
197 1238 439 1280 adversario
459 1238 642 1280 Caesaris
662 1238 826 1289 licebit,
858 1240 974 1295 quod
998 1239 1148 1280 Pisoni
1170 1253 1343 1280 socero:
1376 1244 1420 1280 et
1445 1238 1574 1280 simul
1593 1238 1667 1280 ad-

97 1302 277 1337 monent
296 1295 516 1352 quiddam,
548 1296 665 1351 quod
686 1295 956 1337 cavebimus:
987 1311 1068 1338 nec
1090 1296 1169 1337 erit
1192 1296 1365 1352 justior,
1397 1295 1446 1337 P.
1464 1295 1515 1337 C.
1535 1295 1580 1336 in
1601 1309 1669 1337 se-

97 1358 247 1393 natum
263 1366 350 1393 non
365 1352 563 1393 veniendi
579 1352 716 1393 morbi
733 1367 878 1403 causa,
897 1352 1027 1408 quam
1039 1352 1202 1394 mortis.
1254 1353 1355 1404 Sed,
1375 1367 1449 1408 per
1469 1352 1574 1393 deos
1590 1351 1670 1393 im-

98 1408 319 1450 mortales!
351 1416 394 1449 te
414 1409 528 1450 enim
545 1409 730 1460 intuens,
753 1409 993 1461 Dolabella,
1024 1410 1096 1466 qui
1117 1424 1162 1450 es
1182 1408 1286 1449 mihi
1307 1409 1564 1460 carissimus,
1585 1422 1671 1450 non

98 1479 276 1522 possum
289 1465 342 1506 de
359 1466 580 1522 utriusque
596 1467 786 1507 vestrum
802 1480 939 1508 errore
956 1466 1150 1508 reticere.
1180 1465 1323 1507 Credo
1337 1465 1466 1517 enirn,
1486 1480 1579 1516 vos,
1594 1465 1672 1506 ho-
1689 1465 1745 1506 25

99 1522 238 1564 mines
250 1521 434 1574 nobiles,
443 1536 599 1579 magna
610 1523 807 1578 quaedam
816 1530 1074 1579 spectantes,
1082 1537 1168 1564 non
1177 1522 1489 1578 pecuniam,(ut
1497 1521 1674 1579 quidam

102 1578 231 1620 nimis
248 1579 408 1620 creduli
425 1579 715 1635 suspicantur)
737 1594 831 1636 quae
848 1594 1014 1636 semper
1034 1581 1086 1621 ab
1108 1579 1373 1634 amplissimo
1393 1593 1567 1635 quoque
1589 1579 1674 1620 cla-

104 1635 360 1691 rissimoque
381 1643 628 1691 contempta
647 1643 732 1687 est;
763 1651 849 1678 non
870 1651 973 1692 opes
994 1636 1221 1686 violentas,
1244 1643 1287 1676 et
1306 1637 1467 1692 populo
1480 1635 1674 1677 Romano

105 1691 282 1734 minime
314 1692 532 1734 ferendam
564 1693 815 1748 potentiam,
847 1694 924 1734 sed
952 1693 1174 1734 caritatem
1206 1693 1376 1741 civium,
1408 1699 1450 1733 et
1481 1692 1675 1748 gloriam,

106 1749 376 1805 concupisse.
436 1749 518 1790 Est
533 1757 676 1790 autem
697 1750 833 1805 gloria
852 1751 945 1791 laus
965 1750 1081 1792 recte
1095 1750 1319 1800 factorum,
1340 1763 1676 1806 magnorumque
1693 1748 1749 1790 30

108 1805 152 1846 in
173 1805 477 1861 rempublicam
509 1805 770 1857 meritorum,
805 1822 899 1862 quae
925 1807 1021 1848 cum
1053 1807 1201 1863 optimi
1227 1807 1451 1862 cujusque,
1482 1812 1572 1846 tum
1602 1805 1680 1846 eti-

108 1877 177 1904 am
209 1862 512 1914 multitudinis,
543 1863 792 1904 testimonio
814 1865 1129 1920 comprobatur.
1189 1863 1405 1912 Dicerem,
1437 1862 1679 1913 Dolabella,

109 1919 183 1976 qui
203 1918 319 1961 recte
339 1919 549 1961 factorum
569 1919 732 1961 fructus
754 1927 882 1972 esset,
913 1921 997 1962 nisi
1027 1928 1070 1962 te
1091 1927 1244 1976 praeter
1264 1926 1442 1960 caeteros
1465 1919 1681 1975 paulisper

109 1991 205 2017 esse
237 1984 459 2032 expertum
492 1976 694 2018 viderem.
757 1977 896 2025 Quem
926 1984 1051 2033 potes
1080 1976 1290 2018 recordari
1324 1975 1369 2016 in
1403 1975 1493 2016 vita
1524 1975 1604 2016 tibi
1631 1975 1680 2015 il-

109 2032 271 2074 luxisse
305 2032 419 2074 diem
449 2033 668 2082 laetiorem,
699 2032 829 2088 quarn
856 2033 968 2085 curn,
999 2034 1171 2090 expiato
1203 2033 1310 2084 foro,
1341 2031 1550 2088 dissipato
1581 2046 1682 2073 con-
1699 2032 1754 2073 35

113 2103 241 2130 cursu
260 2088 500 2145 impiorum,
518 2089 784 2146 principibus
806 2090 981 2132 sceleris
1002 2090 1132 2146 poena
1156 2088 1336 2140 affectis,
1352 2087 1470 2130 Urbe
1482 2087 1681 2133 incendio

342 2209 593 2245 aarmorum.
943 2203 1137 2258 bsequam
1160 2205 1457 2248 conditionem.

159 2365 190 2393 4.
213 2362 342 2392 Amrum
367 2367 393 2392 et
416 2361 582 2402 avunculi]
645 2360 695 2393 M.
716 2359 885 2397 Antonius.
973 2364 1026 2393 20.
1049 2361 1103 2392 Sed
1114 2364 1200 2394 iidem
1214 2363 1290 2404 illi]
1323 2363 1362 2394 Id
1378 2368 1436 2400 est,
1452 2362 1543 2395 amici
1557 2362 1689 2395 Antonii

117 2411 220 2436 orator
237 2405 290 2435 ille
316 2404 545 2441 celeberrimus,
568 2407 607 2435 de
627 2414 691 2444 quo
714 2409 776 2435 tam
801 2405 883 2446 saepe
927 2405 970 2436 ita
988 2416 1105 2436 mecum
1122 2406 1299 2447 loquuntur.

120 2449 243 2485 Cicero,
267 2458 342 2487 avus
359 2448 415 2478 suit
431 2449 521 2488 hujus
535 2448 636 2478 Marci
653 2447 795 2480 Antonii,
851 2448 883 2479 Is
971 2451 1023 2479 21.
1048 2448 1174 2490 Pisoni]
1234 2450 1308 2482 Piso
1330 2450 1395 2487 ille,
1428 2451 1469 2482 de
1492 2460 1554 2492 quo
1583 2450 1690 2491 supra,

117 2498 222 2533 partes
242 2490 339 2533 Synae
363 2497 486 2522 secutus
502 2496 560 2527 cst,
583 2496 616 2521 et
631 2490 648 2520 a
665 2490 767 2522 Cinna
788 2491 883 2522 inter·
927 2502 1014 2522 socer
1029 2492 1088 2522 fnit
1103 2492 1245 2523 Caesaris.

117 2535 229 2566 fectus.
275 2533 458 2565 Avunculus
474 2533 616 2575 ejusdem
640 2534 699 2564 fuit
714 2534 751 2564 L.
766 2534 881 2571 Caesar,
970 2537 1021 2567 22.
1045 2535 1129 2569 Quod
1143 2537 1328 2577 carebimus]
1361 2535 1489 2566 Iudicat
1502 2536 1609 2571 tacite,
1623 2546 1656 2567 se
1672 2535 1692 2566 τὶ

119 2577 212 2608 Juliae
226 2577 329 2613 frater,
353 2588 390 2608 ex
411 2577 472 2618 qua
488 2583 578 2607 natus
589 2582 637 2608 est
651 2576 699 2607 hic
712 2575 880 2616 Antonius,
923 2578 1126 2610 familiaribus
1139 2579 1272 2610 Antonii
1282 2580 1376 2610 fuisse
1389 2579 1593 2614 admonitum,
1605 2578 1690 2620 quod

121 2620 174 2661 qui
190 2620 294 2651 consul
310 2619 380 2657 fuit,
402 2620 447 2650 vir
469 2621 573 2662 magni
595 2619 726 2650 nominis
750 2626 782 2652 et
803 2621 882 2652 inte·
927 2621 982 2651 sibi
994 2622 1096 2651 monis
1108 2622 1278 2662 periculum
1292 2623 1330 2653 ab
1338 2622 1476 2653 Antonio
1485 2622 1692 2662 impenderet.

124 2663 240 2704 gritatis
254 2663 286 2693 in
300 2663 470 2704 republica.
970 2665 1023 2694 35.
1048 2663 1170 2704 Espt'ato
1184 2665 1283 2707 sora]
1328 2665 1476 2705 Expiavit
1497 2665 1596 2695 sorum
1624 2663 1693 2695 Do-

166 2707 220 2737 20.
233 2705 366 2737 Faernus
379 2707 465 2737 amic-i
476 2705 646 2748 naturam]
685 2706 886 2747 Quandoque
931 2707 1056 2742 labella,
1079 2707 1150 2738 curn
1174 2709 1348 2739 columnam
1369 2718 1424 2738 seu
1440 2717 1522 2738 aram
1538 2707 1621 2738 illam
1636 2708 1694 2740 de-

125 2748 217 2779 amici
240 2748 319 2779 serre
351 2749 468 2780 debent
490 2751 658 2781 amicorum
683 2749 887 2786 iracundiam,
927 2749 1020 2790 jecit,
1043 2760 1112 2792 quae
1127 2751 1167 2781 ab
1181 2751 1321 2786 Amatio,
1345 2751 1385 2781 de
1401 2761 1463 2791 quo
1478 2750 1571 2792 supra
1586 2761 1694 2793 parag.

127 2796 158 2821 et
166 2802 238 2866 :iam
252 2791 457 2831 dissimulare,
478 2804 582 2836 neque
597 2792 701 2825 statim
717 2793 756 2824 ab
772 2792 810 2824 iis
827 2793 889 2824 dis-
935 2796 966 2822 1.
980 2798 1046 2823 not.
1061 2795 1103 2826 ad
1119 2794 1142 2827 Ι.
1157 2796 1212 2829 35.
1235 2793 1351 2826 Caesari
1366 2799 1471 2826 erecta
1483 2792 1615 2838 estff‘post
1629 2793 1696 2836 ejus

125 2844 162 2866 ce
188 2845 251 2867 ere.
935 2841 1076 2871 mortem.
