1858 3095
700 171 960 208 PHILIPPICA
986 172 1013 207 l'.

77 249 193 306 saepe
216 250 375 305 justum
396 250 578 300 fuisset),
598 258 772 309 propter
794 259 1009 308 perpetuae
1040 251 1261 295 dictaturae
1291 256 1505 295 recentem
1535 266 1624 296 me·

75 307 270 358 moriam,
290 307 483 349 funditus
505 322 556 348 ex
577 308 796 365 republica
817 309 1076 351 sustulisset.
1122 310 1343 351 Liberatus
1362 310 1492 352 caedis
1513 310 1624 366 peri·
1640 307 1696 349 35

78 364 178 405 culo
199 364 349 420 paucis
369 363 467 420 post
497 364 649 407 diebus
681 372 854 407 senatus
877 366 1124 408 videbatur:
1157 381 1293 408 uncus
1324 367 1537 422 impactus
1559 373 1626 408 est:

77 418 260 476 fugitivo
282 420 357 468 illi,
377 421 449 476 qui
470 421 514 463 in
537 422 588 462 C.
610 422 738 463 Marii
758 437 913 464 nomen
933 423 1157 464 invaserat.
1204 424 1348 479 Atque
1370 423 1462 464 haec
1482 423 1627 464 omnia.

76 476 360 518 communiter
391 492 490 519 eum
521 479 709 535 collega:
742 479 825 520 alia
859 479 984 534 porro
1024 479 1194 535 propria
1229 480 1484 531 Dolabellae3
1515 494 1624 536 quae,
1685 490 1687 493 '

75 531 158 574 nisi
176 533 343 589 collega
355 534 714 586 abfuisset,credo
727 536 788 577 eis
803 535 932 577 fuisse
949 536 1087 577 futura
1101 536 1356 577 communia.
1388 536 1514 586 Nam,
1528 535 1625 578 cum

75 596 264 645 serperet
282 589 326 630 in
348 589 462 632 Urbe
484 591 696 633 infinitum
717 593 911 644 ⁰n1a1um,
934 593 1062 648 idque
1084 598 1274 632 manaret
1295 591 1338 632 in
1358 591 1450 633 dies
1471 592 1623 644 latius3
1642 589 1698 631 40

77 644 292 702 iidemque
317 647 487 689 bustum
509 648 552 689 in
573 649 665 690 foro
686 649 889 700 facerent,
911 648 982 704 qui
1003 649 1119 688 illam
1148 648 1404 703 insepultam
1435 649 1627 703 sepultu-

75 715 166 743 ram
203 702 460 755 effecerant3
492 712 535 746 et
568 704 762 761 quotidie
799 706 934 760 magis
966 703 1184 760 magisque
1221 704 1375 759 perditi
1414 704 1625 755 homines,

75 770 174 800 cum
204 758 270 800 sui
306 760 513 802 similibus
548 762 694 812 servis,
729 761 857 802 tectis
892 775 944 801 ac
974 760 1148 816 templis
1180 759 1304 801 Urbis
1337 760 1621 808 minarentur;

74 815 174 857 talis
209 816 518 858 animadversio
546 818 628 858 fuit
662 817 914 868 Dolabellae,
945 818 1043 858 cum
1079 818 1122 857 in
1155 817 1340 858 audaces
1375 818 1626 860 sceleratos-

72 882 156 968 ¹(pie
175 885 335 924 servos,
355 880 446 914 tum
472 874 516 914 in
543 874 730 930 impuros
754 882 797 916 et
827 874 1013 915 nefarios
1044 874 1226 925 liberos;
1258 875 1440 931 talisque
1462 875 1625 917 eversio
1643 873 1699 914 45

73 927 188 970 ilius
222 936 453 971 exsecratae
488 930 713 983 columnae,
746 938 795 973 ut
826 932 977 972 mirum
1014 930 1117 972 mihi
1147 930 1352 980 videatur,
1381 939 1469 972 tam
1500 931 1626 973 valde

71 984 282 1041 reliquum
295 993 463 1043 tempus
480 987 534 1029 ab
552 1002 636 1029 uno
655 989 726 1029 illo
743 988 812 1029 die
830 987 1100 1029 dissensisse.
1163 987 1278 1029 Eece
1294 988 1408 1029 enim
1425 988 1628 1029 Calendis

72 1040 213 1084 Juniis
233 1043 408 1100 (quibus
437 1051 484 1085 ut
513 1045 776 1095 adessemus,
799 1045 1007 1096 edixerat)
1031 1050 1193 1085 mutata
1223 1044 1384 1085 omnia:
1417 1044 1521 1085 nihil
1553 1059 1628 1101 per

73 1101 425 1150 senatum‚multa
437 1108 481 1142 et
496 1116 652 1158 magna
666 1117 741 1158 per
756 1102 1020 1159 [populum‚]
1041 1108 1085 1142 et
1100 1101 1276 1142 absente
1294 1102 1453 1157 populo
1467 1107 1512 1142 et
1525 1100 1628 1142 invi-

74 1162 134 1197 to.
195 1155 403 1201 Consules
425 1158 638 1216 designati
665 1173 710 1201 se
742 1158 898 1201 audere
929 1158 1146 1215 negabant
1174 1158 1218 1200 in
1249 1165 1445 1201 senatum
1461 1157 1703 1201 veniret-50

637 1342 807 1384 ‘seditio
828 1343 1066 1384 domestica.

119 1530 173 1560 34.
208 1527 286 1570 Saepe
313 1531 429 1571 justum
459 1529 593 1573 ficissen]

659 1529 829 1562 Dictatoris
872 1539 962 1561 novae
983 1531 1126 1571 quaedam
1149 1529 1304 1573 imagines
1319 1530 1448 1563 Caesaris
1472 1531 1634 1567 combure-

75 1570 210 1612 dignitas
229 1572 311 1614 saepe
328 1573 413 1615 justa
427 1573 497 1611 suit,
512 1573 582 1605 cum
605 1573 740 1614 legitime
757 1584 831 1605 con-
873 1573 995 1610 bantur,
1010 1580 1043 1605 ut
1058 1574 1139 1605 illius
1155 1575 1267 1605 mortui
1290 1585 1327 1607 ac
1350 1575 1465 1616 sepulti
1487 1574 1634 1607 memoria

75 1614 245 1645 cedebatur
259 1615 278 1645 ὲ
293 1616 431 1652 consule,
444 1617 574 1657 populo,
588 1617 637 1647 vel
650 1622 778 1656 senatu3
801 1622 834 1647 et

75 1655 148 1698 'post
161 1668 214 1688 sex
229 1667 352 1690 menses
367 1659 594 1700 deponebatur.

119 1698 169 1730 ΙΙ).
194 1699 343 1733 Recentem
363 1702 553 1744 nwmm‘iam]
597 1701 753 1733 Antonius
777 1702 832 1734 de-

75 1748 227 1780 creverat,
252 1754 292 1775 ne
318 1745 386 1786 quis
413 1745 563 1787 deinceps
592 1745 725 1776 dictator
748 1756 834 1776 crea-

74 1790 171 1826 retur,
197 1794 324 1828 propter
346 1793 502 1820 recentem
530 1788 613 1818 illam
635 1789 834 1827 dictaturam,

75 1838 169 1869 quam
185 1830 244 1860 sibi
258 1830 362 1862 Caesar
375 1837 559 1873 perpetuam
572 1831 746 1862 vindicarat
760 1841 834 1862 con-

75 1876 121 1902 tra
137 1872 165 1903 le
191 1883 234 1905 es.

120 1883 348 1949 35.gL2'beratus
360 1918 442 1948 caedis
459 1915 610 1958 pericula]
657 1916 834 1947 Periculum

77 1957 206 1996 indicat,
223 1960 308 2001 quod
332 1961 418 1991 nasci
441 1966 565 2002 poterat
580 1971 616 1990 ex
633 1961 771 2001 quodam
786 1961 833 1990 su-

77 2001 174 2040 gitivo
199 2008 232 2032 et
260 2003 420 2044 incognito
450 2003 587 2038 bomine,
611 2004 665 2044 qui
695 2003 713 2033 a
745 2002 834 2034 Livio

78 2043 164 2085 Epit.
189 2044 243 2077 lib.
267 2047 339 2077 116.
363 2045 396 2076 C.
413 2046 566 2083 Amatius3
590 2045 718 2076 Valerio
733 2045 785 2076 lib.
803 2048 833 2076 9.

79 2097 150 2128 cap.
182 2089 235 2119 15.
295 2088 482 2128 Herophilus,
520 2090 655 2129 equarius
690 2088 835 2125 medicus,-

79 2130 119 2160 ab
150 2127 298 2172 Appiano
334 2130 389 2161 lib.
419 2133 450 2162 3.
482 2131 618 2162 Amatius
651 2130 836 2161 nominatur.

79 2171 112 2202 Is
135 2173 242 2214 itaque
266 2184 299 2205 se
322 2173 417 2204 filium
434 2173 471 2206 C.
494 2174 601 2212 Marii,
619 2179 651 2205 et
672 2173 836 2214 propterea

81 2215 212 2250 Caesaris
225 2217 361 2254 affinem,
375 2217 549 2248 dictitabat.
595 2217 760 2248 Hominem
781 2226 836 2257 po-

79 2259 221 2300 pularem
251 2265 284 2290 et
313 2259 492 2290 seditiosum
524 2259 690 2295 Antonius,
718 2259 837 2290 indicta

81 2302 187 2338 causa,
209 2302 329 2333 summa
353 2312 423 2334 cum
448 2302 672 2344 approbatione
700 2301 837 2339 senatus,

79 2344 250 2384 interfecit3
274 2351 307 2377 et
339 2346 519 2377 interfectus
555 2356 635 2377 unco
663 2345 761 2376 ferreo
796 2347 836 2376 art

83 2387 252 2420 Gemonias
267 2389 377 2426 scalas,
394 2391 432 2419 ad
449 2399 556 2429 rupem
579 2388 745 2429 Tarpeiam
760 2393 838 2419 trae-

82 2436 129 2462 tus
145 2437 209 2470 est;
236 2433 318 2463 unde
340 2432 372 2463 in
391 2433 527 2464 Tiberim
552 2432 678 2463 fluvium
700 2431 838 2462 damnati

80 2473 334 2516 projiciebantur.

125 2520 179 2548 41.
216 2517 308 2549 Iidem
340 2517 481 2559 bustum]
547 2517 678 2548 Bustum
715 2516 839 2559 proprie

83 2559 170 2590 locus
191 2561 315 2599 dicitur,
335 2561 389 2592 ubi
409 2562 541 2592 cadaver
565 2560 758 2591 combustum
780 2566 841 2591 est.

84 2601 203 2634 Verum
229 2604 280 2636 hic
310 2604 438 2635 sumitur
466 2614 521 2644 pro
551 2604 619 2645 ipso
647 2604 836 2635 monimento

86 2645 170 2686 quod
196 2647 228 2677 in
252 2647 399 2678 honorem
422 2646 552 2678 Caesaris
575 2651 712 2677 erectum
732 2652 791 2685 est,
808 2651 840 2677 et

87 2689 127 2719 ad
153 2689 239 2730 quod
262 2690 399 2732 plurimae
425 2689 491 2731 ejus
519 2689 670 2732 imagines
692 2698 840 2731 appensae

89 2737 170 2763 sunt.

129 2775 179 2806 Ib.
206 2773 379 2815 Insepnteam
400 2776 606 2818 sepulturam]
652 2776 755 2807 Vocat
775 2774 844 2807 Cae-

876 1627 998 1656 semper
1013 1623 1197 1659 superesset.

920 1661 973 1690 44.
1015 1659 1050 1690 ln
1086 1661 1208 1692 audaces
1241 1659 1468 1701 sceleratosque]
1539 1660 1635 1692 Plebs

876 1701 1007 1732 solidam
1034 1703 1221 1742 columnam,
1251 1704 1332 1734 duce
1362 1703 1502 1740 Amatio,
1533 1704 1634 1744 prope

877 1745 985 1786 viginti
1009 1747 1136 1786 pedum,
1160 1746 1275 1788 lapidis
1305 1745 1481 1782 Numidici,
1507 1745 1542 1783 in
1568 1746 1635 1777 foro

877 1788 908 1818 in
931 1788 1023 1818 busto
1039 1788 1169 1820 Caesaris
1192 1795 1352 1826 statuerat,
1373 1794 1405 1819 et
1427 1788 1636 1830 inscripserat,

880 1831 1001 1861 Parenti
1025 1831 1155 1870 Patr-ite,-
1183 1838 1278 1873 atque
1303 1831 1387 1873 apud
1415 1832 1558 1863 eamdem
1586 1843 1635 1863 sa·

876 1873 1045 1910 criticabat,
1070 1882 1144 1906 vota
1170 1875 1372 1916 suscipiebat,
1398 1881 1429 1905 et
1458 1879 1636 1907 controver-

877 1917 936 1947 sias
950 1918 1112 1958 quasdam,
1125 1918 1307 1960 interposito
1321 1928 1375 1960 per
1385 1917 1538 1948 Caesarem
1549 1917 1636 1961 jure-

870 1959 1019 2001 jurando,
1044 1961 1246 1997 distrahebat,
1267 1966 1302 1991 ut
1331 1960 1497 1991 Suetonius
1518 1960 1636 1993 scribit.

878 2003 970 2033 Hanc
1001 2003 1179 2039 Dolabella,
1210 2003 1369 2034 consulum
1393 2003 1481 2039 alter,
1502 2003 1636 2039 sustulit,

878 2051 911 2076 et
926 2046 1065 2077 homines
1079 2047 1254 2083 seditiosos,
1268 2047 1322 2087 qui
1343 2045 1427 2075 illam
1443 2041 1635 2076 eversionem

878 2087 1007 2118 moleste
1033 2088 1185 2126 ferebant,
1212 2090 1324 2130 partim
1348 2088 1381 2118 in
1412 2097 1534 2118 crucem
1558 2089 1636 2131 egit,

879 2130 991 2172 partim
1015 2131 1056 2162 de
1081 2142 1154 2162 saxo
1181 2132 1306 2172 dejecit.
1353 2130 1437 2161 Vide
1463 2130 1556 2170 epist.
1581 2132 1636 2161 17.

880 2173 934 2203 lib.
952 2176 1004 2204 14.
1020 2174 1060 2204 ad
1077 2172 1146 2206 Att.
1164 2180 1196 2205 et
1218 2175 1310 2215 epist.
1331 2176 1384 2205 14.
1405 2172 1460 2206 lib.
1477 2175 1509 2206 9.
1533 2173 1574 2205 ad
1590 2173 1638 2206 fa-

880 2216 944 2246 mil.

923 2260 974 2289 46.
1000 2258 1156 2292 Ersecracae
1167 2259 1334 2300 columnae]
1379 2258 1472 2290 Hanc
1493 2259 1638 2291 eamdem

879 2302 1055 2333 columnam
1077 2303 1201 2334 bustum
1227 2301 1399 2344 appellavit
1423 2302 1528 2343 supra,
1551 2303 1638 2345 quod

881 2345 1060 2383 Dolabella,
1076 2347 1205 2377 absente
1222 2345 1344 2387 collega
1358 2345 1510 2381 Antonio,
1525 2344 1556 2376 in
1571 2347 1638 2376 foro

881 2389 1002 2420 evertit.

922 2433 976 2464 47.
1000 2431 1044 2462 Ab
1058 2442 1117 2462 uno
1130 2433 1182 2462 illo
1195 2431 1268 2472 dia]
1311 2429 1464 2472 Intelligit
1475 2431 1558 2462 dIcm
1575 2442 1638 2472 quo

879 2475 1011 2515 repressi
1025 2474 1167 2506 scelerati
1188 2480 1273 2514 sunt,
1289 2479 1322 2505 et
1343 2473 1487 2506 columna
1508 2474 1640 2516 disjecta.

882 2523 930 2549 est
943 2518 963 2548 a
979 2517 1156 2548 Dolabella.

925 2563 978 2591 48.
1004 2560 1171 2602 Edixerat]
1225 2559 1379 2592 Antonius
1401 2559 1508 2591 consul
1531 2559 1640 2596 edixit,

882 2609 918 2634 ut
939 2603 1062 2643 Cicero,
1084 2604 1137 2645 qui
1163 2613 1268 2634 mense
1291 2602 1392 2645 Aprili
1409 2606 1441 2632 et
1461 2601 1550 2633 Maio
1571 2613 1640 2633 rure

883 2646 984 2676 fuerat
996 2647 1029 2677 in
1042 2646 1123 2678 villis
1150 2646 1225 2687 suis,
1241 2646 1364 2678 adesset
1386 2645 1419 2674 in
1445 2651 1555 2676 senatu
1571 2643 1642 2678 Cal.

883 2687 997 2721 Juniis.

927 2734 981 2765 50.
1007 2731 1140 2764 Consules
1152 2732 1326 2774 designata]
1350 2731 1470 2765 Hirtius
1480 2735 1513 2763 ct
1526 2727 1642 2775 Pansa,

888 2775 1030 2808 consules
1059 2776 1225 2818 designati,
1251 2775 1329 2806 inire
1365 2777 1505 2819 proximo
1535 2785 1642 2808 meuse

89 2818 163 2851 saris
185 2818 374 2861 sepulturam
396 2819 594 2862 insepultam,
609 2819 683 2861 quia
704 2818 845 2861 quotidie
889 2817 1037 2852 Januario
1052 2819 1244 2852 consulatum
1260 2817 1431 2852 debebant.

1212 2861 1339 2902 ‘2132

1619 172 1706 217 389
