1858 3095
735 165 786 197 IN
818 165 1034 198 PISONEM.
1691 171 1772 211 281

109 238 241 280 tantis
261 238 388 280 rebus
404 238 552 294 gestis,
570 237 744 280 minimi⁸
758 238 943 280 fructum
962 238 1155 280 laborum
1172 244 1356 290 tuorum,
1371 239 1543 294 praemia
1560 240 1669 295 peri-

110 295 319 347 culorum,
337 295 504 337 virtutis
527 295 726 351 insignia,
745 302 1019 338 contemnere
1042 295 1253 337 debuisti:
1286 310 1424 352 neque
1446 295 1546 335 vero
1566 311 1668 337 con-

111 352 342 409 tempsisti,
359 351 460 393 licet
476 351 695 393 Themista
714 352 965 409 sapientior:
998 352 1073 392 sed
1092 367 1139 393 os
1159 360 1278 393 tuum
1298 353 1478 394 ferreum
1496 353 1667 393 senatus

112 408 309 451 convicio
332 409 540 450 verberari
563 409 749 451 noluisti.
808 409 905 450 Jarn
926 408 1060 459 vides,
1078 409 1450 465 (quandoquidem
1466 408 1525 450 ita
1546 408 1669 448 mihi-

110 471 198 507 met
218 465 278 506 fui
300 464 514 515 inimicus,
536 472 582 506 ut
604 481 670 508 me
692 474 836 508 tecum
858 469 1167 521 compararem)
1184 473 1227 506 et
1247 466 1488 522 digressum
1509 480 1666 516 meum,
1691 461 1768 503 100

111 528 155 562 et
166 521 419 573 absentiam,
431 529 473 563 et
489 522 686 574 reditum,
696 523 754 564 ita
763 521 889 579 longe
900 530 972 563 tuo
987 522 1306 578 praestitisse‚ut
1321 522 1423 562 mihi
1439 522 1510 562 illa
1524 521 1668 562 omnia

108 577 388 620 immortalem
411 579 586 635 gloriam
609 580 818 630 dederint,
841 580 918 621 tibi
940 579 1244 634 sempiternam
1276 578 1582 635 turpitudinem
1605 579 1668 619 in-

111 633 312 677 flixerint.

148 719 200 749 98.
242 718 410 761 Themista]
468 719 627 750 Themista
663 719 772 749 mulier
803 719 863 748 fuit
906 717 1093 758 providisse,
1120 718 1194 759 quid
1213 719 1374 758 expediret
1395 718 1452 749 sibi
1470 721 1588 759 petere,
1614 723 1668 748 aut

105 762 210 792 studio
224 762 426 804 philosophiae
439 763 562 797 nobilis,
572 772 666 802 quam
681 761 862 792 Lactantius
906 771 968 791 uon
987 766 1106 801 petere,
1120 762 1214 802 quain
1240 762 1311 792 Dea
1326 762 1381 792 illa
1396 762 1465 802 ipsa
1478 763 1565 803 (qum
1581 772 1666 791 men-

104 804 191 840 citat,
203 805 243 835 de
256 805 347 836 Falsa
362 805 525 846 Sapienti-21
539 807 572 836 3.
584 806 715 845 cap.2;'›.
726 804 862 846 Lipsius,
907 809 968 834 tem
984 804 1157 834 hominibus
1175 805 1229 834 dat
1244 804 1330 845 justa
1354 810 1385 835 et
1407 816 1497 845 aequa
1522 805 1667 844 peu-ndi)

103 845 158 879 lib.
176 850 205 879 1.
224 847 373 877 variarum
397 847 470 878 lect.
487 857 557 887 cap.
576 849 626 878 18.
643 847 765 888 reponit
789 847 860 878 The-
906 849 1036 878 suadere
1047 847 1213 888 potuisset;
1229 848 1318 879 acute
1328 849 1410 878 enim
1422 847 1664 887 Piso,quonia1n

102 889 154 923 mi,
167 899 259 930 quam
275 890 367 920 deam
383 890 535 930 putabant
547 900 628 925 esse,
640 901 709 931 qua».
724 891 862 921 docebat
906 901 1008 932 neque
1026 891 1214 931 triumphuni
1239 891 1408 927 meruisset,
1424 897 1466 927 et,
1484 892 1508 921 si
1534 890 1664 920 maxime

104 937 212 972 petere
222 932 344 974 idquod
354 933 399 963 fas
410 934 629 973 esset,ctquod
642 933 762 964 liceret.
805 934 862 965 Jo·
907 934 1077 969 meruisset,
1086 935 1238 974 repulsam
1251 939 1354 964 tamen
1365 934 1383 964 εὶ
1394 940 1502 964 senatu
1518 940 1666 973 acceptu-

103 980 191 1006 catur
211 975 292 1006 euim
316 975 425 1007 Cicero
447 976 478 1006 in
501 976 659 1012 Pisonem,
677 977 731 1017 qui
753 977 860 1007 trium·
903 987 967 1007 runi
986 988 1017 1008 se
1034 976 1116 1007 cerlo
1133 976 1472 1017 praevidehat,0mnin‹3
1490 983 1596 1018 petere
1615 977 1665 1006 tri-

102 1019 208 1058 phuni,
220 1017 369 1049 scelerum
383 1029 504 1049 suorum
514 1019 715 1057 conscientia,
731 1020 769 1049 ab
783 1021 859 1051 irato
904 1020 1051 1061 unipliuin
1076 1020 1206 1055 destitit,
1230 1025 1264 1049 ut
1285 1020 1438 1050 videretur
1462 1032 1530 1050 euin
1559 1019 1662 1060 potiris

101 1066 209 1091 senatu
223 1066 328 1101 petere
339 1072 431 1092 ausus
441 1073 502 1093 non
517 1067 582 1092 erat
595 1073 601 1092 :
627 1069 659 1092 et
671 1062 739 1103 ipsit
750 1062 860 1094 Themi
904 1062 1054 1105 consequi
1068 1063 1216 1100 noluisse,
1232 1064 1327 1104 qusnn
1342 1074 1403 1093 non
1421 1064 1570 1105 potuisse.

101 1104 322 1145 sapientiorem
343 1105 437 1135 fuisse
465 1105 552 1141 dicit,
577 1115 612 1136 ac
636 1105 728 1147 longe
751 1105 861 1137 melius

482 1193 681 1221 ALTERA
717 1193 840 1221 PARS
878 1193 1288 1223 1NsEc'rA‘r10Nis.

640 1265 709 1306 De
723 1267 910 1318 privatis
913 1267 1122 1320 flagitiis.

156 1355 272 1397 Haee
310 1369 418 1409 pars
452 1359 538 1396 tres
575 1356 766 1396 eontinet
801 1356 913 1395 alias
942 1360 1108 1408 partes,
1139 1370 1325 1409 quarum
1353 1360 1497 1411 prima
1530 1359 1662 1398 vitam

102 1412 278 1453 Pisonis
312 1414 533 1466 privatam
574 1425 651 1452 seu
689 1412 957 1452 domesticam
993 1415 1206 1462 eontinet;
1240 1416 1427 1455 secunda
1462 1416 1664 1469 consata-

99 1472 270 1519 tionem,
299 1470 409 1523 quod
438 1469 712 1521 objiciebatur
740 1467 765 1509 ἆ
798 1467 960 1510 Pisone
992 1470 1203 1520 Ciceroni,
1235 1472 1345 1524 quod
1374 1486 1501 1513 versu
1535 1471 1663 1512 Pom-

94 1529 243 1578 peilam
271 1531 311 1568 et
339 1527 557 1567 Ccesarem
586 1526 849 1581 offendisset;
883 1528 1011 1566 tertia
1043 1531 1410 1570 enumerationem
1439 1531 1659 1577 scelerum,

98 1597 200 1635 quae
222 1582 327 1624 Piso
348 1585 396 1624 in
411 1584 654 1636 provineiae
674 1583 1051 1624 administratione
1071 1587 1289 1625 commisit.

157 1694 237 1737 XI.
269 1696 410 1745 Nunc,
439 1695 566 1737 etiam
601 1695 646 1736 in
677 1694 761 1736 hac
792 1693 1063 1751 quotidiana,
1095 1696 1280 1748 assidua,
1316 1697 1564 1753 urban-”aque
1599 1698 1661 1739 vi-

99 1751 159 1805 ta,
194 1753 469 1810 splendorem
503 1760 640 1803 tuum,
675 1751 869 1808 gratiam,
906 1753 1199 1795 celebritatem
1235 1754 1530 1805 domesticam,
1561 1769 1660 1811 ope-

98 1822 190 1850 ram
238 1809 466 1862 forensem,
499 1809 740 1862 consilium,
781 1808 1003 1860 auxilium,
1045 1810 1360 1863 auctoritatem,
1401 1812 1661 1853 sententiam

99 1866 373 1918 senatoriam,
393 1866 534 1916 nobis,
565 1873 640 1908 aut
662 1870 730 1919 (ut
761 1865 899 1907 verius
931 1866 1093 1919 dicam)
1125 1867 1325 1924 cuiquam
1357 1883 1402 1909 es
1430 1868 1580 1909 infimo
1609 1884 1661 1910 ac

99 1922 450 1979 desperatissimo
482 1922 771 1965 antelaturus?
831 1923 942 1979 Age,
979 1930 1154 1966 senatus
1189 1925 1284 1966 odit
1318 1932 1360 1966 te
1392 1926 1527 1981 (quod
1562 1940 1659 1966 eum

98 1986 148 2021 tu
168 1980 308 2022 fac-ere
322 1981 418 2036 jure
439 1979 679 2032 concedis),
700 1978 954 2022 afflictorem
970 1987 1014 2022 et
1030 1981 1292 2037 perditorem
1312 1996 1399 2023 non
1419 1981 1548 2024 modo
1569 1982 1659 2038 dig-

95 2036 244 2078 nitatis
265 2043 308 2078 et
327 2036 611 2088 auctoritatis,
632 2036 710 2078 sed
731 2035 905 2077 omnino
926 2037 1088 2079 ordinis
1111 2053 1162 2080 ac
1182 2038 1368 2080 nominis
1389 2039 1479 2081 sui:
1512 2038 1657 2080 videre

99 2093 266 2150 equites
282 2093 469 2136 Romani
498 2108 586 2136 non
606 2099 803 2150 possunt,
821 2107 906 2148 quo
927 2109 979 2135 ex
1000 2094 1148 2136 ordine
1169 2095 1233 2136 vir
1262 2095 1658 2152 praestantissimus,

102 2150 150 2191 L.
174 2149 331 2203 AElius,
372 2157 453 2203 est,
489 2156 532 2192 te
574 2149 765 2202 consule,
800 2149 1034 2207 relegatus:
1067 2151 1188 2208 plebs
1219 2151 1418 2193 Romana
1446 2152 1660 2208 perditum

99 2207 236 2264 cupit,
266 2207 311 2249 in
342 2208 466 2264 cujus
496 2214 543 2249 tu
581 2206 800 2248 infamiam
831 2221 895 2258 ea,
926 2223 1024 2264 quae
1063 2223 1139 2264 per
1174 2209 1363 2250 latrones
1394 2215 1438 2250 et
1468 2224 1545 2265 per
1574 2223 1659 2250 ser-
1681 2219 1735 2263 10

95 2277 172 2305 vos
209 2264 263 2306 de
298 2279 366 2306 me
402 2279 423 2306 e
459 2279 565 2316 eras,
597 2262 842 2306 contulisti:
886 2263 1012 2306 Italia
1046 2271 1205 2307 cuncta
1240 2273 1499 2316 exsecratur,
1535 2267 1658 2322 cujus

95 2321 211 2363 idem
232 2327 280 2364 tu
300 2280 602 2380 supergissime
623 2321 798 2363 decreta
827 2326 872 2362 et
901 2336 1049 2378 preces
1078 2322 1332 2379 repudiasti.
1390 2322 1502 2365 aFac
1531 2323 1659 2379 hujus

1678 1939 1705 1977 ΕΠ

571 2437 811 2490 aEoeperire
831 2440 1005 2478 tantum
1026 2438 1186 2479 odiam.

137 2554 168 2583 2.
207 2551 405 2582 Celebritatem
441 2551 648 2592 domesticam]
714 2548 854 2580 Clientes
897 2551 1036 2588 consule,
1065 2551 1221 2593 relegatus
1250 2555 1308 2582 est.
1351 2550 1512 2592 Equestris
1543 2550 1658 2581 ordinis

95 2594 273 2636 frequentes
286 2595 417 2625 aderant
429 2595 519 2626 mane
532 2595 616 2636 apud
631 2597 807 2635 magnates,
820 2598 855 2623 ut
897 2595 1042 2636 princeps
1057 2595 1130 2627 fuit.
1172 2594 1225 2625 De
1249 2605 1288 2625 eo
1312 2594 1428 2625 dictum
1453 2600 1500 2624 est
1521 2593 1552 2624 in
1570 2594 1659 2624 Orat.

94 2644 239 2680 patronos
255 2649 326 2668 suos
342 2638 522 2669 salutarent.
898 2648 954 2679 pro
971 2637 1059 2670 Sext.

137 2681 186 2713 Ib.
209 2680 511 2722 Opmzmjbrensem]
557 2679 619 2711 Vel
642 2680 703 2722 ipsi
724 2682 782 2712 viri
797 2693 855 2723 po·
944 2683 996 2711 12.
1035 2680 1077 2712 Et
1106 2691 1202 2720 preces
1231 2680 1420 2720 repudiasti]
1465 2678 1660 2721 Repudiavit

94 2723 260 2755 tenuissimi
291 2723 422 2756 civitatis
456 2724 629 2756 defendere
665 2725 698 2755 in
729 2724 855 2766 judicio
898 2734 1008 2765 preces
1023 2724 1118 2755 totius
1141 2724 1255 2759 Italiae,
1271 2733 1342 2764 quae
1357 2733 1412 2763 pro
1429 2722 1590 2754 Ciceronis
1612 2734 1663 2754 sa·

94 2768 180 2798 cives
194 2765 300 2806 gloriae
314 2766 483 2798 ducebant.
898 2767 966 2799 lutc
978 2766 1086 2800 Pisoni
1101 2771 1135 2799 et
1146 2766 1285 2799 Gabinio
1300 2766 1391 2798 Coss.
1406 2765 1498 2798 factoe
1512 2771 1596 2799 sunt.

137 2811 170 2843 9.
193 2807 231 2840 1..
245 2806 375 2849 Elius-1
414 2809 454 2845 L.
467 2809 573 2842 AElius
597 2809 722 2850 Lamia,
736 2810 855 2843 Pisone
