1858 3095
723 139 817 174 PRO
842 137 1058 173 MURENA.

691 320 915 350 SECUNDA
951 319 1092 349 PARS.

575 422 644 464 De
662 425 931 464 contentione
949 416 1193 474 dignitatis.

106 535 220 579 Haec
234 549 342 589 pars
360 536 446 576 tres
460 536 752 589 complectitur
773 536 895 575 alias.
942 534 978 574 1.
998 534 1239 575 Murenam
1249 546 1340 573 esse
1349 542 1502 585 parem
1511 543 1669 584 genere

245 592 456 645 Sulpicio.
513 592 554 633 2.
574 593 731 633 Parem
750 594 988 644 quaestura.
1047 590 1090 631 3.
1111 590 1217 630 Arte
1245 591 1521 643 superiorem.

162 701 220 743 V.
250 701 472 744 Summam
505 703 630 744 video
667 716 762 744 esse
795 701 839 741 in
873 707 930 750 te,
955 701 1046 743 Ser.
1068 700 1250 757 Sulpici,
1272 699 1561 755 adignitatem
1592 712 1668 755 ge-

103 759 232 809 neris,
251 758 524 815 integritatis,
556 758 792 806 industriae,
819 765 1156 812 caeterorumque
1192 763 1540 798 ornamentorum
1576 769 1670 796 om·

104 815 236 865 nium,
259 815 416 871 quibus
448 815 603 856 fretum
637 815 692 856 ad
724 813 972 855 consulatus
1003 813 1258 868 petitionem
1290 812 1468 868 aggredi
1489 826 1565 868 par
1585 819 1668 854 est.

104 870 232 912 Paria
253 885 473 928 cognosco
494 886 589 912 esse
606 871 689 912 ista
706 870 749 911 in
772 870 818 912 L.
841 869 1040 920 Murena,
1062 876 1190 925 atque
1212 869 1274 910 ita
1294 868 1429 925 paria,
1448 875 1497 909 ut
1525 882 1665 924 neque

102 927 196 984 ipse
218 927 428 984 dignitate
449 927 559 968 vinci
582 926 783 983 potuerit,
803 940 942 982 neque
963 934 1005 966 te
1027 925 1240 980 dignitate
1262 924 1488 980 superarit.
1548 924 1664 966 Con·
1709 931 1741 971 5

102 983 318 1040 tempsisti
347 983 393 1026 L.
415 983 609 1025 Murenae
641 998 802 1039 genus3
847 982 1040 1023 extulisti
1072 990 1208 1024 tuum.
1279 982 1377 1029 Quo
1397 981 1494 1023 loco
1515 981 1551 1022 si
1585 981 1664 1022 tibi

102 1039 189 1082 hoc
217 1040 399 1090 bsumis,
433 1040 514 1081 uisi
544 1040 617 1096 qui
654 1039 858 1095 patricius
894 1038 965 1089 sit,
986 1038 1198 1079 neminem
1231 1038 1347 1079 bono
1379 1051 1474 1078 esse
1509 1052 1667 1094 genere

104 1104 278 1148 natum;
308 1097 415 1138 facis
436 1104 484 1137 ut
499 1111 640 1137 rursus
663 1096 785 1151 plebs
806 1095 849 1136 in
866 1094 1127 1135 Aventinum
1148 1094 1391 1136 sevocanda
1410 1108 1505 1134 esse
1521 1095 1666 1135 videa-

104 1159 187 1193 tur.
265 1152 344 1193 Sin
383 1159 527 1193 autem
562 1160 662 1193 sunt
692 1152 845 1207 amplae
880 1158 924 1192 et
956 1151 1149 1192 honestae
1180 1150 1353 1191 familiae
1388 1149 1590 1205 plebeiae3
1621 1158 1668 1192 et

106 1223 291 1264 proavus
325 1208 371 1249 L.
408 1208 602 1249 Murenae
634 1216 678 1249 et
708 1223 811 1248 avus
846 1214 1047 1263 praetores
1082 1207 1277 1258 fuerunt3
1319 1212 1364 1247 et
1398 1212 1536 1261 pater,
1568 1207 1664 1248 cum
1686 1211 1742 1254 10

103 1263 364 1320 amplissime
386 1272 515 1320 atque
533 1262 836 1305 honestissime
854 1277 906 1304 ex
926 1261 1105 1318 praetura
1124 1262 1446 1318 triumphasset,
1463 1263 1545 1304 hoc
1560 1263 1667 1305 faci-

101 1320 253 1362 liorem
273 1320 375 1361 huic
395 1322 573 1376 gradum
595 1319 842 1361 consulatus
873 1319 1139 1374 adipiscendi
1159 1318 1344 1373 reliquit,
1395 1319 1480 1360 uod
1499 1319 1553 1370 is,
1571 1321 1665 1375 jam

104 1376 216 1433 patri
236 1376 420 1425 debitus,
442 1376 468 1417 a
487 1377 576 1417 filio
598 1376 835 1431 petebatur.
892 1375 984 1415 Tua
1003 1373 1101 1415 vero
1121 1374 1340 1425 nobilitas,
1402 1389 1459 1415 er.
1481 1374 1662 1431 Sulpici,

103 1432 277 1474 tametsi
309 1447 474 1474 summa
508 1440 588 1483 est,
618 1439 760 1473 tamen
793 1431 1040 1472 hominibus
1073 1431 1253 1471 literatis
1285 1439 1330 1472 et
1359 1430 1574 1472 historicis
1596 1438 1669 1472 est

103 1489 271 1540 notior;
312 1489 471 1546 populo
500 1488 614 1539 vero,
634 1495 677 1530 et
707 1486 1074 1543 suffragatoribuS‚
1095 1486 1329 1528 obscurior.
1389 1487 1519 1528 Pater
1548 1488 1668 1529 enin}
1688 1494 1743 1537 15

105 1545 188 1586 fuit
219 1546 407 1601 equestri
440 1545 554 1596 loco,
590 1559 692 1585 avus
727 1544 846 1585 nullst
881 1543 1033 1584 illustri
1061 1543 1186 1584 laude
1218 1543 1480 1585 celebratus:
1512 1544 1664 1600 itaque

103 1615 192 1643 non
217 1616 269 1642 ex
304 1616 498 1643 sermone
531 1601 754 1642 hominum
788 1600 964 1650 recenti,
987 1599 1064 1640 sed
1097 1614 1150 1640 ex
1180 1599 1398 1641 annalium
1431 1606 1660 1652 vetustate,

105 1658 292 1699 eruenda
323 1665 390 1699 est
420 1657 624 1699 memoria
657 1657 895 1698 nobilitatis
927 1663 1026 1697 tuae.
1086 1654 1227 1704 Quare
1263 1671 1344 1712 ego
1365 1663 1407 1698 te
1428 1671 1596 1712 semper
1615 1657 1661 1698 in

105 1721 302 1757 nostrum
335 1728 557 1757 numerum
593 1727 827 1770 aggregare
867 1712 1002 1764 soleo,
1028 1712 1113 1770 'qui
1157 1711 1314 1754 virtute
1359 1712 1662 1769 industriaque

446 1834 464 1852 ²
474 1828 749 1869 nobilitatem.
1096 1824 1114 1850 b
1130 1839 1325 1879 arrogas.

149 2000 182 2029 ⁶7.
200 1998 374 2039 Patricium]
420 1997 545 2029 Patricii
562 1998 759 2034 dicebantur,
774 1998 827 2039 qui
843 2008 861 2028 a

109 2041 218 2082 primis
230 2042 290 2071 illis
305 2041 597 2082 senatoribus,quos
607 2040 760 2072 Romulus
776 2041 861 2071 insti-

106 2085 178 2120 tuit,
190 2094 286 2124 genus
302 2083 467 2114 ducebant.

151 2129 182 2156 8.
199 2125 236 2156 In
251 2126 455 2166 Aventinum]
489 2124 599 2155 Romae
613 2125 703 2155 factae
718 2129 789 2154 sunt
803 2130 863 2155 tres

107 2169 208 2210 plebis
218 2169 423 2206 secessiones5
442 2179 503 2198 uua
515 2169 546 2198 in
562 2168 703 2198 Montem
715 2167 842 2197 Sacrum
856 2177 863 2203 ;

108 2212 204 2242 altera
220 2212 252 2242 in
268 2211 456 2242 Aventinum
472 2222 480 2247 3
505 2211 598 2241 tertia
622 2211 653 2240 in
675 2209 863 2240 janiculum.

107 2254 223 2284 Libido
239 2254 326 2295 App.
336 2254 461 2284 Claudii
479 2253 656 2287 decemviri,
669 2263 738 2293 quae
751 2253 781 2282 in
793 2252 864 2282 Vir-

110 2298 187 2337 ginii
212 2297 307 2327 filiam
331 2303 496 2335 exarserat,
514 2296 718 2326 secessionem
739 2296 819 2325 hanc
833 2295 865 2324 in

108 2339 301 2370 Aventinum
316 2339 471 2374 excitavit,
488 2346 614 2380 propter
626 2348 717 2379 quam
740 2339 864 2368 decem-

110 2382 168 2412 viri
202 2382 381 2423 magistratu
415 2383 559 2413 abdicare
590 2391 622 2411 se
650 2381 751 2411 coacti
783 2385 866 2412 sunt.

111 2424 197 2456 Vide
212 2424 280 2454 Liv.
296 2424 348 2456 lib.
367 2426 397 2455 3.

156 2471 169 2497 1
179 2470 209 2497 1.
232 2467 276 2496 Er
286 2466 446 2507 praeturd.]
492 2466 633 2497 Mureuae
644 2464 770 2506 patcrin
786 2474 863 2505 prae-

109 2510 179 2540 tura
203 2509 285 2540 Asiae
310 2510 406 2540 multa
432 2509 577 2550 praeclare
601 2509 710 2549 gessit:
735 2517 807 2537 nam
831 2507 864 2536 in

111 2552 161 2586 eii.
175 2552 358 2583 Mithridate
384 2552 554 2587 debellato,
576 2552 763 2592 triumphum
784 2550 866 2580 obti-

112 2595 322 2668 ffiiii‚.;itaipse
337 2595 448 2626 Cicero
465 2595 543 2625 dixit
556 2595 588 2624 in
604 2593 692 2625 Orat.
709 2603 764 2635 pro
780 2593 866 2632 Lege

156 2647 205 2667 ani
220 2648 228 2667 i
251 2659 261 2668 .

159 2681 210 2710 13.
232 2679 319 2710 Patri
331 2680 466 2721 debitus]
513 2679 564 2710 Ob
578 2679 765 2720 triumphum
782 2678 870 2708 debi-

113 2727 164 2752 tus
178 2722 278 2752 fuerat
293 2723 434 2754 Murenae
456 2723 539 2763 patri
553 2722 750 2754 consulatus:
776 2721 867 2751 ideo-

114 2775 177 2807 que
192 2765 313 2807 petenti
334 2765 397 2797 filio
410 2766 531 2799 facilius
545 2765 606 2797 fuit
620 2775 692 2798 eum
714 2764 868 2797 obtinere.

949 1998 1001 2028 15.
1025 1996 1137 2036 Populo
1158 2001 1183 2027 el
1211 1995 1456 2038 suffragatoribus
1484 1997 1663 2039 obseum‘orff

905 2039 1036 2070 Etiamsi
1062 2037 1203 2069 nobiliori
1219 2050 1256 2069 ex
1273 2050 1387 2080 genere
1413 2045 1507 2070 natus
1528 2042 1567 2071 sit
1593 2042 1663 2072 Sui>

905 2082 1019 2122 picius,
1031 2087 1132 2111 tamen
1145 2081 1211 2121 ejus
1225 2092 1286 2111 non
1301 2087 1362 2112 tam
1375 2083 1435 2112 suit
1446 2084 1669 2124 nota-populo,

907 2124 1000 2164 quam
1031 2125 1186 2160 Murenae,
1215 2124 1380 2162 nobilitas;
1420 2123 1506 2165 cujus
1538 2132 1667 2167 patrem-

908 2166 1044 2208 proxime
1060 2167 1181 2197 viderat
1198 2167 1450 2208 triumphantem.

952 2209 1001 2239 Ib.
1025 2209 1116 2239 Pater
1129 2208 1200 2250 fuit
1213 2211 1334 2249 equestri
1355 2211 1437 2251 loco]
1484 2209 1575 2240 Dixit
1590 2221 1665 2242 mox

909 2252 979 2282 ante
1010 2251 1182 2292 Sulpicium
1206 2253 1369 2292 patricium
1389 2252 1500 2289 fuisse;
1536 2263 1574 2283 ex
1597 2263 1667 2294 quon

908 2295 982 2326 licet
1001 2295 1165 2334 conjicere,
1191 2295 1368 2330 nonnullos,
1384 2295 1519 2336 equestri
1549 2305 1669 2336 genere*

906 2343 1008 2373 natos,
1020 2348 1088 2367 csse
1104 2337 1258 2376 patricios.
1282 2337 1409 2368 Patricii
1419 2344 1522 2368 autem
1538 2339 1668 2378 proprii»

910 2385 980 2410 sunt
1002 2380 1046 2410 illi
1069 2379 1202 2415 nobiles,
1218 2380 1272 2420 qui
1295 2380 1314 2410 a
1336 2381 1528 2411 senatoribus
1551 2381 1570 2411 a.
1595 2380 1667 2411 Ro‘-

910 2422 994 2453 mulo
1010 2422 1182 2453 constitutis
1199 2422 1319 2453 oriundi
1335 2429 1416 2454 sunt.

952 2467 1002 2495 17.
1020 2464 1064 2494 Ετ
1074 2466 1229 2495 annalium
1242 2466 1408 2507 vetustata]
1424 2465 1546 2502 Cicero,
1557 2463 1609 2495 lib.
1621 2465 1667 2494 d'e

907 2508 991 2539 Clar.
1005 2507 1093 2540 Orat.
1108 2518 1190 2538 anno
1205 2508 1327 2539 decimo
1342 2514 1413 2549 post
1427 2515 1552 2539 exactos
1566 2517 1669 2547 reges,

909 2552 976 2581 Ser.
990 2551 1162 2591 Sulpicium
1179 2561 1250 2581 cum
1263 2550 1312 2581 M.
1324 2551 1427 2581 Tullio
1442 2551 1600 2582 consulem
1617 2549 1669 2578 fu-

909 2593 970 2624 isse
993 2594 1120 2631 scribit3
1143 2592 1286 2633 adeoque
1314 2593 1523 2634 Sulpiciorum
1549 2591 1673 2624 familia

912 2635 1125 2676 antiquissima
1139 2636 1209 2668 fuit.
1254 2635 1389 2666 Videtur
1411 2641 1514 2666 autem
1529 2634 1676 2666 indicare

914 2678 1036 2714 Cicero,
1061 2679 1100 2708 ab
1125 2679 1179 2709 iilo
1208 2683 1347 2719 tempore
1374 2678 1538 2711 neminem
1559 2688 1600 2709 ex
1618 2677 1676 2710 ina

912 2720 1118 2768 Sulpiciorum
1139 2720 1256 2753 familia
1282 2721 1374 2751 rebus
1399 2721 1502 2762 gestis.
1519 2721 1679 2761 illustrem

914 2763 1079 2797 exstitisse.
