1838 3017
708 130 770 163 DE
793 130 1063 164 SENECTUTE.
1583 130 1663 174 491

117 200 203 243 (livi
225 209 268 245 et
287 204 325 246 le
359 204 385 255 i,
418 210 462 246 et
481 204 571 261 ipse
592 206 843 262 conscripsi.
902 206 998 254 Qui»
1027 205 1199 263 quidem
1227 219 1293 248 me
1322 206 1666 261 proficiscentem

119 257 235 301 haud
255 275 331 302 san
374 261 470 317 quis
487 261 612 302 facili»
631 263 866 314 retraxerit,
887 277 1042 319 neque,
1063 270 1281 318 tamquam
1295 261 1474 313 Peliam,
1497 279 1669 306 recoxe-

122 315 198 357 rit:
231 325 287 367 et,
310 319 344 358 si
367 319 462 374 quis
483 318 589 359 deus
607 319 711 359 mihi
733 319 951 375 largiatur,
982 327 1028 360 ut
1050 334 1102 361 ex
1122 320 1207 360 hirc
1227 326 1351 360 aetate
1369 320 1668 376 repueriscam,

125 379 168 412 et
185 372 227 413 in
246 375 366 415 cunis
384 374 568 430 vagiam‚
584 375 704 416 valde
723 390 934 417 recusem:
967 391 1046 418 nec
1065 375 1163 417 veri»
1183 376 1323 425 velim,
1345 376 1466 432 quasi
1489 377 1669 419 decurso

124 429 279 484 spatio,
302 430 355 471 ad
378 445 568 472 carceres
591 431 614 472 εἴ
637 433 754 473 calce
776 433 975 474 revocari.
1028 433 1143 480 Quid
1167 433 1279 473 enim
1300 433 1430 473 habet
1448 433 1536 474 vita
1555 448 1672 474 com-

124 485 269 526 modi?
301 487 405 542 quid
424 502 508 528 non
529 487 614 544 poti
624 487 670 528 iis
687 489 844 529 laboris
857 489 873 529 ’ἲ
906 489 981 530 sed
1001 489 1158 530 habeat
1178 488 1299 530 sane:
1331 489 1461 530 habet
1479 489 1593 531 certe
1612 497 1673 530 ta-

123 554 220 582 men
248 551 322 584 aut
349 543 590 585 satietatem
622 552 694 586 aut
721 546 917 586 modum:
950 560 1036 586 non
1057 546 1175 586 lubet
1195 545 1308 586 enim
1328 545 1431 585 mihi
1453 546 1670 601 deplorare

122 596 270 649 vitam,
301 600 416 655 quod
439 600 575 652 multi,
607 609 650 642 et
669 602 696 642 ii
719 602 852 652 docti,
886 616 997 657 saepe
1023 602 1236 642 fecerunt:
1269 616 1406 656 neque
1427 616 1493 642 me
1515 602 1672 642 vixisse

123 655 330 708 poenitet3
362 657 563 712 quoniam
584 657 643 698 ita
663 658 764 708 vixi,
796 665 844 698 ut
864 672 950 698 non
971 659 1124 698 frustra
1144 671 1210 698 me
1233 664 1379 697 natum
1407 657 1670 698 existimem:

124 718 169 751 et
190 725 242 751 ex
265 712 353 753 vitii
375 714 435 754 ita
465 714 658 763 discedo,
689 721 906 768 tamquam
938 728 989 754 ex
1021 712 1224 767 hospitio,
1258 727 1343 754 non
1373 720 1590 769 tamquam
1621 728 1672 754 ex

124 766 278 809 domo:
312 770 602 810 commorandi
633 769 747 810 enim
776 776 927 810 natura
956 768 1237 810 diversorium
1267 770 1407 821 nobis,
1438 785 1525 811 non
1556 770 1674 811 habi-

125 824 260 874 tandi,
292 825 425 866 dedit.
485 824 524 865 O
550 825 796 880 praeclarum
818 825 944 875 diem,
978 824 1074 866 cum
1095 825 1149 866 ad
1171 825 1276 866 illud
1298 825 1488 867 divinum
1511 827 1675 867 animo-

121 893 215 920 rum
245 881 476 922 concilium
508 889 752 936 coetumque
783 882 1052 936 proficiscar;
1084 881 1265 937 cumque
1295 897 1347 923 ex
1374 883 1459 924 hirc
1487 883 1611 924 turb-21
1632 891 1676 924 et

123 936 366 979 colluvione
386 938 630 979 discedam!
682 938 938 979 Proficiscar
955 938 1081 988 enim,
1104 952 1189 978 non
1212 939 1266 979 ad
1287 953 1360 979 eos
1384 939 1523 980 solum
1543 940 1670 990 viros,

125 993 179 1034 de
207 993 364 1048 quibus
394 993 493 1035 ante
534 994 638 1044 dixi,
672 995 748 1035 sed
778 995 907 1036 etiam
940 995 994 1035 ad
1016 993 1227 1036 Catonem
1257 1010 1413 1047 meum,
1442 1011 1526 1051 quo
1551 1010 1675 1037 nemo

124 1049 187 1089 vir
203 1050 353 1090 melior
368 1058 494 1091 natus
511 1058 590 1100 est,
607 1065 732 1091 nemo
748 1050 905 1107 pietate
923 1051 1190 1107 praestantior
1205 1068 1215 1102 3
1248 1052 1314 1107 cuj
1323 1067 1369 1093 us
1386 1054 1409 1092 ἐι
1430 1067 1497 1093 me
1518 1066 1674 1108 corpus

127 1113 362 1147 crematum
381 1114 471 1148 est:
504 1107 633 1163 quod,
658 1107 824 1158 contra,
838 1108 984 1149 decuit
1001 1108 1053 1149 ab
1071 1107 1145 1148 illo
1160 1123 1315 1149 meum.
1365 1109 1544 1149 Animus
1562 1108 1676 1159 νει-ὸ,

126 1175 213 1203 non
230 1177 296 1204 me
313 1163 526 1213 deserens,
546 1164 621 1204 sed
639 1172 897 1219 respectans,
917 1164 960 1204 in
977 1179 1025 1206 ea
1045 1163 1237 1219 profecto
1252 1165 1346 1206 loca
1362 1165 1577 1217 discessit,
1595 1167 1678 1220 quo

128 1218 233 1259 mihi
255 1219 337 1274 ipsi
359 1220 558 1261 cernebat
578 1234 672 1261 esse
693 1220 975 1261 veniendum:
1017 1235 1144 1276 quem
1166 1235 1247 1276 ego
1267 1236 1410 1262 meum
1430 1237 1576 1263 casum
1597 1223 1679 1262 for-

125 1274 225 1316 titer
240 1275 346 1317 ferre
367 1276 482 1317 visus
505 1291 617 1317 sum:
651 1290 737 1317 non
758 1275 873 1331 quod
893 1291 1017 1332 aequo
1037 1277 1177 1317 animo
1200 1278 1346 1318 ferrem
1364 1295 1374 1329 ;
1406 1279 1482 1319 sed
1502 1293 1569 1319 me
1586 1279 1678 1334 ipse

126 1333 396 1383 consolabar,
407 1332 767 1383 existimans‚non
777 1333 1060 1389 longinquum
1072 1333 1183 1374 inter
1195 1348 1273 1375 nos
1289 1335 1526 1390 digressum
1540 1343 1583 1376 et
1596 1335 1680 1376 dis-

131 1402 302 1429 cessum
323 1389 426 1430 fore.
498 1389 579 1429 His
600 1389 702 1430 mihi
722 1389 861 1440 rebus,
885 1390 1043 1446 Scipio,
1065 1389 1128 1440 (id
1150 1390 1263 1431 enim
1285 1398 1327 1431 te
1345 1406 1443 1432 cum
1461 1391 1591 1432 Laelio
1609 1391 1682 1432 ad-

130 1444 274 1485 mirari
291 1445 426 1486 solere
443 1445 609 1496 dixisti)
623 1445 728 1486 levis
742 1452 807 1487 est
823 1455 1126 1496 senectus,nec
1140 1446 1280 1487 solum
1296 1461 1381 1488 non
1398 1449 1592 1499 molesta,
1605 1448 1681 1488 sed

130 1500 259 1541 etiam
273 1502 481 1556 jucunda.
542 1501 669 1550 Quod
692 1502 728 1543 si
750 1502 794 1542 in
814 1502 898 1543 hoc
915 1517 1020 1553 erro,
1051 1501 1168 1557 quod
1189 1503 1353 1544 animos
1368 1503 1590 1545 hominum
1604 1505 1682 1545 im-

129 1559 332 1598 mortales
353 1573 448 1599 esse
469 1558 656 1609 credam,
677 1558 873 1599 lubenter
894 1573 1007 1610 erro3
1030 1572 1110 1599 nec
1126 1558 1230 1599 mihi
1246 1559 1362 1601 hunc
1377 1575 1574 1611 errorem,
1597 1574 1681 1616 quo

129 1613 333 1663 delector,
357 1615 458 1655 dum
478 1615 588 1664 vivo,
611 1615 852 1670 extorqueri
868 1616 984 1655 volo:
1017 1615 1098 1666 sin,
1119 1623 1325 1667 mortuus,
1340 1620 1404 1671 (ut
1417 1617 1593 1672 quidam
1607 1617 1683 1657 mi-

129 1669 224 1711 nuti
245 1670 491 1726 philosophi
513 1674 708 1721 censent)
731 1670 836 1711 nihil
858 1671 1064 1722 sentiam3
1095 1685 1181 1712 non
1201 1686 1298 1712 vere
1321 1687 1383 1724 or,
1413 1687 1466 1713 ne
1487 1673 1602 1714 hunc
1622 1688 1685 1713 er-

129 1739 270 1767 rorem
290 1741 432 1767 meum
460 1727 615 1768 mortui
644 1727 891 1783 philosophi
920 1727 1136 1770 irrideant.
1197 1727 1324 1775 Quod
1355 1729 1392 1769 si
1422 1743 1508 1769 non
1539 1743 1683 1770 sumus

130 1781 396 1824 immortales
418 1783 561 1835 futuri,
592 1791 736 1824 tamen
761 1783 977 1839 exstingui
999 1783 1161 1824 homini
1183 1799 1261 1825 suo
1283 1792 1473 1840 tempore
1497 1786 1685 1841 optabile

134 1846 228 1890 est3
261 1854 361 1880 nam
391 1840 521 1881 habet
549 1847 713 1891 natura,
744 1846 793 1880 ut
811 1839 988 1881 aliarum
1014 1841 1203 1881 omnium
1232 1855 1385 1892 rerum,
1417 1842 1480 1883 sic
1501 1842 1686 1893 vivendi,

131 1895 332 1936 modum:
365 1902 564 1937 senectus
594 1903 737 1937 autem
768 1896 958 1951 peractio
988 1896 1127 1938 aetatis
1150 1904 1229 1947 est,
1263 1904 1483 1953 tamquam
1503 1898 1685 1949 sabulae3

134 1952 201 2005 cuj
209 1965 257 1991 us
267 1952 619 2007 defatigationem
628 1952 775 2007 fugere
785 1953 1005 2001 debemus,
1015 1954 1247 2008 praesertim
1257 1954 1323 2008 adj
1331 1954 1463 1995 uncta
1476 1955 1687 1996 satietate.

193 2007 300 2048 Haec
320 2007 451 2048 habui
473 2008 526 2048 de
543 2005 765 2048 senectute
786 2023 879 2063 quae
900 2008 1106 2049 dicerem:
1130 2009 1185 2049 ad
1206 2024 1336 2064 quam
1357 2010 1521 2051 utinam
1543 2025 1687 2065 perve-

134 2063 287 2104 niatis!
320 2070 367 2105 ut
385 2078 449 2115 ea,
481 2079 577 2120 quae
599 2079 652 2106 ex
672 2078 739 2106 me
763 2063 956 2115 audistis,
987 2079 1031 2106 re
1053 2066 1232 2121 experti,
1253 2065 1429 2122 probare
1450 2066 1641 2123 possitis.
