1858 3095
587 159 638 190 IN
663 158 915 197 CAECILIUM,
938 157 1196 192 Divario.
1696 158 1752 199 25

116 242 356 286 conservet,
370 248 509 291 neque
530 240 579 275 ut
590 234 743 291 reliqui
760 235 962 290 temporis
980 249 1101 290 spem
1118 235 1354 284 confirmet,
1371 233 1549 284 laborat,
1563 240 1671 273 cnon

116 291 242 332 nimis
263 292 374 333 lianc
396 305 569 332 causam
586 292 745 341 severe,
759 306 843 332 non
864 291 991 331 nimis
1007 290 1222 341 accurato,
1244 305 1329 332 non
1345 290 1472 330 nimis
1494 290 1672 344 diligen-
1719 292 1744 330 5

116 354 180 389 ter
213 356 421 389 acturum.
483 347 626 389 Habet
658 348 769 389 enim
797 347 919 398 nihil,
944 347 1059 403 quod
1082 347 1124 387 in
1147 348 1382 389 offensione
1414 346 1670 401 ddeperdat:

114 412 163 447 ut
181 403 425 460 turpissime⁸
447 403 870 460 flagitiosissimeque
903 403 1114 454 discedat,
1150 404 1258 444 nihil
1279 404 1331 444 de
1353 402 1441 444 suis
1459 401 1672 442 veteribus

115 460 374 502 ornamentis
392 461 591 516 requiret.
643 461 681 501 A
699 461 824 502 nobis
841 461 998 502 multos
1017 461 1189 502 obsides
1206 461 1336 501 habet
1350 459 1533 515 populus
1547 457 1673 498 Rom.

115 532 225 573 quos
243 524 290 558 ut
319 518 556 559 incolumes
589 531 855 569 conservare,
876 517 1000 568 tueri,
1033 517 1298 567 confirmare,
1338 530 1390 557 ac
1424 527 1673 570 recuperare

114 573 343 630 possimus,
372 573 486 614 om'ni
508 574 670 616 ratione
700 574 779 615 erit
811 573 1129 615 dimicandum:
1162 573 1294 613 habet
1318 573 1524 613 honorem
1547 584 1674 626 quem
1697 570 1746 610 10

113 629 322 686 petimus:
355 629 486 671 habet
516 645 651 686 spem,
688 645 816 686 quam
847 630 1114 686 propositam
1133 629 1259 670 nobis
1280 629 1512 669 habemus:
1544 627 1676 668 habet

112 685 473 728 existimationem
489 688 622 728 multo
639 687 810 738 sudore,
831 687 992 738 labore,
1012 685 1256 741 vigiliisque
1279 686 1506 726 collectam
1525 700 1533 725 :
1566 691 1625 732 ut,
1640 683 1676 724 si

111 742 156 783 in
176 742 260 784 hac
283 743 416 784 caus-21
431 751 624 785 nostrum
645 743 835 785 officium
851 758 902 785 ac
924 743 1192 799 diligentiam
1214 739 1549 797 probaverimus,
1568 740 1675 790 haec,

111 814 209 855 quae
231 799 334 850 dixi,
356 800 535 842 retinere
556 815 631 856 per
651 800 891 856 pop.Rom.
912 798 1146 842 incolumia
1167 813 1219 840 ac
1239 798 1356 839 salva
1375 797 1613 854 possimus;
1640 796 1677 836 si

112 855 349 897 ‘tantulum
377 855 589 898 offensum
622 857 938 914 titubatumque
971 856 1041 907 sit,
1073 862 1122 896 ut
1141 869 1206 906 ea,
1237 870 1334 911 quae
1357 853 1606 910 singulatim
1627 868 1678 894 ac
1701 854 1750 895 15

113 911 187 954 d-iu
204 913 388 954 collecta
408 921 521 966 sunt,
541 928 626 955 uno
642 920 836 970 tempore
864 913 1063 956 universa
1088 912 1330 975 perdamus.
1390 911 1677 966 Quapropter,

106 968 297 1025 judices,
318 977 508 1012 vestrum
541 977 608 1012 est
641 971 842 1027 deligere,
866 985 994 1027 quem
1030 967 1286 1011 existimetis
1319 966 1522 1010 facillime
1552 981 1679 1023 posse

112 1025 455 1082 magnitudinem
473 1042 613 1069 causae
634 1043 686 1070 ac
697 1028 853 1084 judicii
869 1027 1079 1069 sustinere
1097 1026 1196 1077 fide,
1219 1025 1460 1081 diligentia,
1483 1023 1680 1075 consilio,

113 1082 386 1126 auctoritate.
444 1083 537 1126 Vos
573 1084 610 1126 si
646 1085 750 1126 mihi
782 1085 836 1134 Q.
859 1084 1080 1126 Caecilium
1114 1081 1458 1138 anteposueritis‚
1493 1094 1575 1137 ego
1613 1094 1681 1120 me

114 1139 326 1196 dignitate
348 1148 596 1196 superatum
616 1156 704 1182 non
739 1142 1000 1183 arbitrabor:
1032 1139 1217 1196 populus
1251 1138 1474 1180 Romanus
1506 1152 1559 1179 ne
1593 1143 1681 1178 tam
1698 1139 1754 1180 20

113 1196 355 1247 honestam,
374 1203 463 1238 tam
483 1212 688 1249 severam,
704 1197 1042 1255 diligentemque
1064 1195 1385 1237 accusationem
1406 1209 1546 1250 neque
1560 1193 1682 1235 vobis

113 1252 344 1309 placuisse,
363 1268 505 1310 neque
527 1254 668 1296 ordini
687 1262 830 1296 vestro
852 1255 1039 1311 placere,
1061 1252 1301 1305 arbitretur,
1332 1251 1569 1308 providete.

141 1371 158 1390 ⁶
170 1367 441 1408 nulldtenus.
557 1365 575 1390 ‘¹
589 1368 636 1408 id
653 1369 839 1408 amittat.
976 1373 991 1390 ‘³
1006 1368 1325 1420 aliquantulam
1341 1370 1567 1419 peccatum
1585 1366 1655 1404 sit.

161 1480 193 1510 6.
217 1478 256 1510 In
270 1478 447 1522 ‹ffensione.]
487 1480 646 1517 Ostendit,
656 1480 709 1522 qui
725 1480 764 1512 ab
779 1480 880 1512 officio
969 1482 983 1509 1
994 1483 1022 1510 1.
1046 1478 1142 1510 Habet
1166 1479 1268 1520 spem]
1312 1478 1504 1520 Adspirabat
1520 1477 1558 1508 ad
1575 1481 1686 1517 praetu-

117 1532 172 1553 suo
193 1524 536 1561 accusatoris-discedit,
552 1523 651 1555 minus
673 1524 758 1556 recte
774 1530 806 1555 et
819 1525 882 1555 sin·
926 1533 990 1554 ram
1006 1528 1039 1553 et
1052 1522 1257 1553 consulatum.

117 1566 187 1597 cere
210 1576 366 1598 accusare.
973 1568 1024 1598 1⁶2.
1072 1564 1349 1605 Existimationem]
1416 1562 1686 1594 Existimationem

159 1611 192 1639 ¹7.
234 1608 381 1641 Veteribus
414 1611 619 1652 ornamentis]
680 1610 799 1642 Vetera
836 1620 885 1640 or-
928 1609 1093 1640 maximam
1114 1609 1171 1640 sibi
1190 1609 1258 1650 jam
1274 1608 1386 1639 Cicero
1407 1610 1641 1647 comparaverat
1655 1605 1688 1634 in

119 1657 268 1683 namenta
309 1653 478 1694 dignitates
514 1660 587 1685 sunt
625 1653 739 1694 quibus
771 1653 883 1695 aliquis
929 1653 1078 1688 dicendo,
1094 1662 1163 1693 quae
1177 1651 1264 1682 nulla
1280 1650 1391 1681 eratin
1405 1649 1543 1680 Caecilio.

119 1695 287 1727 defunctus
316 1702 374 1733 est,
398 1707 475 1738 quas
497 1697 598 1728 nullas
626 1697 761 1728 obtinuit
785 1697 884 1729 Caeci·
973 1699 1026 1726 14.
1051 1695 1110 1725 Per
1131 1706 1196 1735 pop.
1221 1693 1321 1734 Rem]
1368 1692 1437 1723 Suis
1455 1691 1608 1732 suffragiis
1622 1700 1689 1721 rna-

120 1737 190 1771 lius.
930 1738 1075 1780 gistratus
1090 1738 1226 1779 populns
1241 1737 1335 1767 Rom.
1349 1735 1548 1767 decernebat.

163 1783 194 1812 8.
219 1780 332 1812 Multos
360 1782 494 1823 obsides.]
543 1783 653 1814 Habet
673 1784 724 1813 vel
747 1793 886 1818 uxorem,
975 1784 1028 1813 19.
1055 1780 1108 1811 Vos
1119 1781 1170 1822 si.]
1210 1780 1424 1811 Comminatur
1448 1776 1587 1808 modeste
1603 1775 1690 1816 judi-

119 1823 247 1862 liberos,
262 1830 295 1855 et
318 1826 433 1856 amicos
453 1825 576 1864 Cicero,
593 1826 643 1857 vel
659 1825 765 1868 potius
781 1825 882 1856 aedili-
925 1824 1012 1855 cibus
1027 1824 1272 1865 indignationem
1284 1833 1360 1864 pop.
1369 1821 1466 1852 Rom.
1481 1821 1506 1852 si
1521 1820 1580 1850 sibi
1591 1819 1690 1850 Caeci-

120 1871 230 1904 tatem,
248 1878 342 1910 quarn
356 1873 421 1899 tum
435 1869 583 1910 temporis
599 1871 738 1911 petebat.
785 1869 882 1900 Unde
925 1867 1002 1898 lium
1028 1867 1208 1908 praeferant,
1229 1866 1284 1909 qui
1305 1865 1339 1897 in
1365 1864 1505 1897 omnibus
1538 1862 1691 1894 Cicerone

121 1909 210 1948 dicit,
225 1910 308 1942 habet
320 1911 452 1943 horrorem
464 1923 544 1954 quem
553 1914 690 1954 petimus.
927 1910 1055 1942 inferior
1070 1916 1129 1942 est·
