1858 3095
632 247 684 283 IN
707 247 966 283 CATILINAM
989 250 1037 283 11.

54 331 171 372 lectu
192 343 322 387 quem
342 328 386 371 in
405 340 507 384 agro
530 325 696 369 Piceno
718 333 761 369 et
782 326 952 368 Gallico
974 325 1028 375 Q.
1052 325 1258 368 Metellus
1287 323 1455 377 habuit,
1476 329 1520 367 et
1538 325 1607 369 his

53 387 189 444 copiis
213 402 308 444 quae
336 385 361 427 εἴ
390 385 515 426 nobis
547 383 740 441 quotidie
771 392 1084 438 comparantur,
1107 382 1393 440 bmagnopere
1415 389 1609 424 contem-

53 459 125 495 no,
147 444 376 486 collectum
403 455 456 483 ex
486 441 660 483 senibus
692 439 943 497 desperatis,
966 455 1019 481 ex
1041 441 1220 504 cagresti
1241 439 1424 488 luxuria,
1445 453 1498 481 ex
1519 453 1608 480 rus-

54 500 153 542 ticis
175 497 446 550 mendiculis‚
468 512 520 539 ex
542 497 861 548 decoctoribus,
883 511 934 538 ex
955 496 1006 537 iis
1036 512 1110 553 qui
1130 496 1376 538 vadimonia
1398 496 1608 546 deserere,

54 557 186 613 quum
206 556 324 597 illum
345 554 594 606 exercitum,
614 555 882 605 nialucrunt3
915 554 1071 609 quibus
1098 568 1179 609 ego
1211 567 1297 594 non
1327 552 1456 593 modo
1477 552 1513 594 si
1534 551 1551 576 ‘¹
1565 566 1609 593 a·
1626 554 1682 595 30

55 614 164 656 ciem
180 611 394 654 exereitus
412 611 561 663 nostri,
578 613 724 653 versun
741 610 871 651 etiam
892 610 928 650 si
950 609 1141 651 edictum
1157 608 1346 665 praetoris
1364 609 1609 662 ostendero,

54 669 298 712 concident.
358 668 469 720 Hos,
491 682 600 724 quos
620 667 746 709 video
768 666 946 707 volitare
978 665 1021 706 in
1041 665 1150 716 foro,
1170 679 1280 718 quos
1308 671 1420 706 stare
1451 664 1506 706 ad
1536 680 1610 706 cu-

54 727 172 777 riam,
192 739 302 783 quos
334 724 464 766 etiam
496 725 539 766 in
570 731 768 766 senatum
793 723 962 772 venire3
995 721 1068 777 qui
1099 721 1240 762 nitent
1268 721 1514 776 unguentis,
1536 718 1611 778 qui

54 782 222 839 fulgent
240 782 442 839 purpura,
460 781 632 823 mallem
653 793 800 822 secum
816 792 916 820 suos
933 777 1092 819 milites
1112 777 1358 829 eduxisset;
1388 777 1461 833 qui
1483 778 1519 819 si
1539 776 1613 819 hic

83 845 317 890 ermanent,
331 843 605 889 mementote,
622 850 708 877 non
722 842 810 877 tam
826 834 1063 876 exercitum
1074 834 1196 876 illum
1213 849 1307 877 esse
1323 834 1465 888 nobis,
1479 833 1612 892 quam
1629 836 1684 878 35

86 909 135 938 os
186 894 230 937 ui
251 894 486 937 exercitum
506 894 801 944 deseruerunt,
821 891 1205 949 pertimescendos.

113 909 197 993 Ilii.
229 951 375 1008 Atque
392 951 479 993 hoc
499 952 630 992 etiam
650 949 790 1006 magis
807 956 907 990 sunt
920 947 1113 1000 timendi,
1131 946 1262 1004 quod,
1279 945 1384 1003 quid
1400 946 1611 1003 cogitent,

53 1016 122 1050 me
143 1008 252 1050 scire
269 1007 476 1059 sentiunt,
496 1021 636 1063 neque
657 1013 801 1047 tamen
821 1011 1137 1062 permoventur.
1186 1003 1345 1054 Video,
1366 1003 1435 1045 cui
1452 1004 1614 1060 Apulia.

55 1065 114 1107 sit
133 1065 377 1116 “attributa,
398 1064 474 1121 qui
491 1064 652 1106 habeat
671 1062 900 1113 Etruriam,
918 1062 992 1117 qui
1014 1075 1163 1117 agrum
1180 1060 1403 1111 Picenum,
1419 1059 1492 1116 qui
1510 1059 1615 1102 Gal·

54 1121 203 1174 licum,
214 1121 288 1178 qui
301 1122 383 1163 sibi
399 1122 476 1163 has
491 1121 674 1162 urbanas
690 1119 866 1160 insidias
881 1118 1012 1159 caedis
1026 1125 1155 1174 atque
1170 1117 1467 1158 incendiorum
1481 1116 1615 1173 depo-

55 1178 268 1234 poscerit:
291 1177 436 1219 omnia
451 1176 681 1234 superioris
700 1175 840 1217 noctis
855 1175 1037 1217 consilia
1049 1178 1104 1215 ad
1121 1189 1187 1215 me
1202 1174 1363 1230 perlata
1375 1187 1469 1215 esse
1483 1173 1616 1215 senti·
1660 1179 1688 1219 5

57 1241 137 1276 unt
155 1253 166 1288 3
195 1234 380 1291 patefeci
395 1234 439 1275 in
452 1240 605 1275 senatu
617 1233 820 1274 hesterno
837 1231 922 1273 die.
954 1230 1145 1273 Catilina
1159 1230 1251 1286 ipse
1267 1229 1504 1285 pertimuit,
1521 1245 1617 1286 pro-

56 1290 187 1354 fugit}
210 1291 253 1332 hi
266 1291 372 1347 quid
384 1289 662 1347 exspectant?
681 1304 748 1330 nee
762 1288 823 1329 illi
840 1288 1114 1330 vehementer
1130 1293 1284 1337 errant,
1295 1285 1331 1327 si
1344 1285 1462 1327 illam
1476 1301 1617 1329 meam

55 1354 279 1405 pristinam
292 1348 513 1390 lenitatem
528 1352 779 1402 perpetuam
793 1350 967 1401 sperant
979 1344 1177 1386 futuram.
1209 1343 1340 1392 Quod
1353 1342 1617 1398 exspectavi,

1608 249 1684 297 101

54 1493 194 1538 bnilzic
220 1499 373 1537 metuo.
477 1493 741 1548 tagi-estibus
760 1493 1012 1535 mecurio-sis.
1102 1489 1262 1531 ‘'arma.
1352 1490 1620 1543 Ξ·αεῇςιζςνηαιέα.

101 1626 156 1656 26.
179 1624 260 1667 Agr-o
271 1623 405 1665 Picena]
428 1621 581 1655 Picenum
598 1633 706 1664 agrum
717 1621 813 1662 vulgo

57 1668 222 1742 ffuminagt
232 1667 409 1702 Marchiam
422 1666 654 1700 Anconitanam
676 1666 716 1697 ab
739 1667 814 1697 urbe

115 1721 174 1743 con
198 1732 208 1742 .

100 1753 153 1786 Ib.
176 1753 216 1786 Et
237 1752 384 1795 Gallica]
429 1752 516 1794 Ager
542 1750 682 1784 Gallicus
706 1751 732 1782 is
757 1756 815 1788 est,

59 1808 153 1839 quem
169 1796 389 1828 Lombardiam
403 1796 495 1838 vulgo
510 1796 652 1828 dicimus.

101 1839 154 1874 ib.
177 1839 218 1872 Et
232 1842 277 1872 his
290 1841 378 1880 copiis
391 1850 453 1881 quae
467 1840 487 1869 ᾰ
500 1839 607 1880 nobis-J
646 1838 817 1870 Decretum

60 1884 162 1957 mim
176 1884 195 1915 a
210 1889 333 1923 senatu,
348 1888 383 1915 ut
397 1883 556 1915 delectum
577 1883 729 1913 haberent
743 1892 818 1913 con-

62 1937 98 1957 su
111 1937 156 1959 es-

103 1972 157 2001 28.
179 1969 298 2001 Senibus
312 1969 492 2010 desperatis]
537 1968 707 2009 Desperati
727 1977 817 1998 senes

62 2017 145 2048 suut,
160 2012 179 2042 ὲ
193 2013 305 2053 quibus
325 2012 403 2042 nihil
423 2011 542 2053 sperari
562 2016 666 2052 potest
691 2015 819 2052 propter

63 2055 200 2086 debilem
228 2061 365 2092 aetatem‚
387 2065 481 2096 quam
504 2054 593 2085 luxus
620 2059 653 2085 et
674 2054 818 2095 voluptas

63 2109 150 2130 corru
177 2099 210 2128 it.

105 2109 174 2172 29.p
183 2139 412 2179 Decoctoribus]
456 2138 649 2170 Decoctores
669 2139 691 2168 ii
711 2139 820 2169 dicun-

63 2188 124 2220 tur,
139 2183 195 2225 qui
216 2183 251 2214 in
273 2181 455 2213 libidinibus
469 2187 502 2212 et
516 2182 622 2223 ganeis
636 2181 822 2222 patrimonia

61 2231 259 2259 consumunt.

107 2270 159 2302 lb.
187 2269 360 2300 Vadimonia
393 2267 544 2309 deserere]

63 2312 191 2354 sponsio
212 2316 261 2344 est
282 2311 415 2343 sistendi
439 2322 471 2342 sc
498 2310 765 2352 comparendique
788 2309 822 2339 in

61 2356 202 2396 judicio:
227 2354 281 2397 qui
304 2353 393 2395 porro
409 2354 621 2385 vadimonium
644 2353 822 2388 deserebat,

64 2398 187 2430 infamis
200 2398 394 2435 habebatur3
419 2403 452 2428 et
473 2397 506 2428 in
528 2399 593 2438 ejus
616 2397 699 2427 bona
722 2395 822 2433 credi-

65 2446 147 2473 tores
163 2441 183 2473 ὃ,
196 2445 327 2483 praetore
344 2441 557 2473 mittebantur.

108 2487 162 2516 31.
186 2484 324 2515 Edictum
335 2483 494 2524 praetoris]
540 2483 587 2514 Ex
615 2482 719 2514 edicto
742 2490 822 2524 prae-

67 2527 142 2558 toris
167 2533 360 2569 cognoscent
382 2538 416 2558 se
438 2525 607 2568 periclitari
631 2526 672 2556 de
692 2524 822 2555 fortunis

68 2569 211 2620 omuibus
235 2570 416 2602 amittendis
439 2570 479 2601 ob
502 2569 625 2600 deserta
647 2568 666 2600 a
689 2579 722 2599 se
736 2567 824 2598 vadi-

69 2623 186 2644 monia.

111 2657 166 2705 332.
191 2655 375 2699 concideram]
419 2656 459 2688 Id
482 2660 541 2693 est,
563 2659 649 2687 metu
671 2653 826 2697 perterriti

71 2709 208 2730 animum
223 2701 379 2732 amittent.

113 2741 165 2772 Ib.
189 2741 314 2774 Volitare
326 2742 464 2785 inform]
494 2741 557 2773 Hic
573 2741 703 2773 volitare
715 2740 748 2771 in
759 2740 826 2771 foro

70 2784 299 2826 intelliguntur,
311 2785 365 2828 qui
377 2786 456 2817 nihil
470 2785 555 2817 aliud
567 2785 718 2827 cogitant,
732 2783 827 2826 quam

71 2831 107 2858 nt
131 2827 295 2868 acquirant
314 2828 494 2872 pecuniam,
521 2839 617 2871 quam
643 2827 676 2861 in
704 2826 830 2870 popinis

73 2875 268 2903 consumant.

597 2265 824 2298 Vadimonium

901 1620 952 1655 Ib.
975 1620 1061 1652 Stare
1075 1620 1113 1650 ad
1127 1619 1270 1661 curiam-J
1303 1617 1395 1650 Stant
1409 1616 1570 1656 videlicet,
1584 1622 1620 1650 ut

860 1668 1050 1707 cognoscant
1065 1663 1141 1705 quid
1158 1667 1267 1705 agatur
1280 1662 1366 1694 novi.

901 1710 954 1740 33.
978 1707 1018 1738 In
1031 1713 1163 1738 senatum
1176 1705 1299 1747 venire]
1337 1706 1503 1736 Senatores
1518 1704 1620 1737 unde-

859 1751 920 1783 cim
934 1751 1015 1782 inter
1029 1750 1207 1791 conjuratos
1221 1747 1337 1790 reperti
1352 1752 1434 1781 sunt.

903 1794 952 1826 Ib.
977 1793 1082 1824 Nitent
1127 1793 1299 1834 unguentis.
1357 1790 1516 1821 Parabant
1561 1790 1620 1822 sibi

860 1843 945 1868 certa
971 1837 1200 1868 medicamenta
1223 1836 1264 1866 ad
1295 1835 1476 1866 leniendam
1503 1837 1622 1870 cutem,

862 1886 894 1912 et
907 1880 1020 1912 faciem
1042 1879 1320 1915 cohonestandam,
1341 1888 1411 1919 quae
1433 1877 1473 1908 ab
1495 1877 1541 1908 eis
1562 1888 1619 1908 un-

860 1930 973 1966 guenta
988 1922 1238 1954 nominabantur.

904 1969 958 1998 34.
978 1965 1106 2007 Fulgent
1117 1963 1278 2005 purpura]
1325 1963 1405 1994 Solis
1426 1961 1621 1994 senatoribus

861 2009 1020 2052 purpurea
1035 2008 1141 2039 tunica
1155 2008 1202 2038 uti
1216 2008 1263 2038 fas
1277 2007 1349 2037 fuit.

906 2057 936 2084 2.
962 2052 1020 2083 Cui
1052 2051 1191 2091 Apulia]
1247 2049 1383 2081 Catilina
1421 2047 1622 2079 distribuerat

864 2096 957 2127 Urbis
972 2099 1089 2136 partes,
1101 2100 1134 2125 et
1148 2092 1337 2133 provincias,
1349 2091 1499 2132 Apuliam
1512 2090 1550 2121 C.
1563 2090 1582 2121 J
1586 2101 1621 2120 u-

864 2139 920 2174 lio,
954 2137 1109 2168 Etruriam
1145 2135 1283 2172 Manlio,
1319 2144 1427 2176 agrurn
1467 2133 1621 2164 Picenum

866 2180 1030 2222 Septimio.

909 2223 942 2255 5.
965 2222 1126 2262 Superioris
1150 2221 1266 2262 noctis]
1311 2218 1386 2250 Non
1411 2219 1457 2249 ait
1480 2217 1621 2249 ultimam

868 2266 1070 2308 superiorem,
1084 2264 1140 2295 sed
1155 2264 1240 2294 illam
1254 2268 1377 2294 noctem
1394 2272 1464 2303 quae
1480 2261 1622 2302 superio-

864 2319 930 2340 rem
952 2309 1039 2340 illam
1061 2307 1250 2345 antecessit3
1271 2306 1358 2348 quod
1381 2306 1516 2346 probant
1529 2304 1623 2335 verba

866 2363 937 2394 quaa
964 2350 1103 2394 proxime
1133 2353 1316 2392 sequuntur,
1341 2347 1467 2390 patefeci
1496 2348 1624 2379 hesterno

865 2397 922 2428 die.

908 2440 940 2469 7.
965 2437 1037 2479 Ηί.]
1061 2435 1246 2478 Conjuratos
1268 2434 1400 2471 indicat‚
1411 2433 1466 2476 qui
1487 2432 1520 2464 in
1536 2433 1625 2465 Urbe

866 2485 1090 2513 remanserunt.

910 2527 942 2558 8.
967 2523 1130 2555 lenitatem
1162 2519 1356 2563 perpetuam]
1416 2517 1498 2551 cum
1530 2519 1626 2550 vehe-

868 2579 956 2599 mens
982 2573 1014 2598 et
1042 2577 1135 2608 grave
1169 2562 1485 2597 senatiis-consultum
1519 2566 1627 2593 contra.

868 2611 1044 2652 conjuratos
1064 2608 1236 2645 habuisset,
1259 2614 1364 2638 tamen
1386 2616 1460 2637 usus
1482 2609 1529 2636 est
1551 2613 1626 2644 erga

869 2654 1040 2685 Catilinam
1055 2652 1195 2689 lenitate,
1211 2651 1242 2682 ei
1255 2651 1362 2692 fugam
1377 2648 1552 2684 suadendo,
1561 2655 1625 2677 non

868 2697 971 2739 ipsum
986 2695 1213 2727 interficiendo.

913 2739 966 2772 Ib.
991 2738 1074 2774 Quod
1087 2737 1269 2778 exspectavi]
1307 2730 1626 2781 Exspectabatjltfu-

871 2787 970 2826 geret,
985 2786 1017 2816 et
1031 2781 1076 2816 sic
1090 2781 1232 2816 omnibus
1245 2782 1369 2822 pateret
1383 2778 1569 2818 conjuratio.

1209 2908 1288 2948 1<2
