1838 3017
703 131 764 166 m:
787 131 1015 166 AnnemA.
1577 131 1663 177 499

102 218 147 255 et
167 212 219 255 ab
244 213 305 255 eis
323 212 380 254 ita
402 216 609 263 amantur,
642 217 689 253 ut
709 210 836 253 facile
860 225 1004 252 earum
1026 222 1176 252 sensus
1197 213 1426 267 appareat3
1468 210 1584 266 quod
1614 210 1662 254 in

97 269 271 312 homine
301 270 434 311 multo
467 276 533 310 est
564 268 828 318 evidentius;
860 267 1055 324 primum,
1087 281 1139 308 ex
1172 267 1223 308 est
1256 266 1432 308 caritate
1463 281 1559 322 quae
1590 274 1659 310 est

99 326 210 368 inter
225 334 348 368 natos
365 333 408 367 et
421 333 634 382 parentes,
652 340 749 382 quae
763 324 918 375 dirimi,
936 324 1018 365 nisi
1036 322 1278 365 detestabili
1295 323 1469 371 scelere,
1483 338 1567 365 non
1585 339 1659 380 poa

95 389 202 425 test:
236 383 409 434 deinde,
432 384 530 424 cum
553 382 703 423 similis
725 396 876 424 sensus
899 381 1066 422 exstitit
1086 379 1257 431 amoris,
1276 380 1311 421 si
1332 380 1519 436 aliquem
1540 380 1659 423 nacti

97 454 258 490 sumus,
290 441 414 496 cujus
446 454 544 480 cum
574 439 764 480 moribus
796 446 840 479 et
869 437 1020 479 natura
1051 452 1347 493 congruamuS,
1380 436 1498 493 quod
1530 436 1575 479 in
1605 451 1657 480 eo

127 497 219 538 uasi
249 497 391 538 lumen
423 496 599 552 aliquod
631 495 856 550 probitatis
888 502 931 536 et
962 494 1129 536 virtutis
1161 493 1400 550 perspicere
1425 493 1655 536 videamur.

96 512 217 594 {libii
248 560 314 595 est
343 553 457 594 enim
488 552 713 594 amabilius
746 552 917 602 virtute,
949 551 1069 601 nihil,
1102 551 1218 606 quod
1251 550 1387 606 magis
1419 550 1581 592 alliciat
1601 549 1658 592 ad

96 609 387 665 diligendum:
421 609 578 666 quippe
611 612 723 659 cum,
756 616 927 664 propter
958 608 1156 648 virtutem
1193 613 1238 647 et
1269 606 1541 661 probitatem,
1582 621 1658 649 eos

95 666 240 718 etiam,
271 682 380 724 quos
402 681 620 723 nunquam
642 666 840 715 vidimus,
872 664 1060 720 quodam
1079 663 1208 704 modo
1240 662 1485 718 diligamus.
1546 663 1657 710 Quis

96 730 177 773 est,
199 723 273 779 qui
291 723 341 766 C.
358 723 557 774 Fabricii,
575 722 713 763 Manii
727 721 862 771 Curii,
883 734 968 761 non
987 734 1086 761 cum
1102 718 1278 761 caritate
1301 718 1446 775 aliqua
1467 725 1511 760 et
1529 719 1658 762 bene-

94 779 287 822 volenti-21
309 780 554 821 memoriam
575 784 765 834 usurpet,
787 791 896 833 quos
913 791 1134 832 nunquam
1155 774 1334 817 viderit?
1385 775 1491 823 Quis
1513 783 1658 818 autem

96 843 176 887 est,
208 836 282 893 qui
309 835 588 892 Tarquinium
621 834 874 890 Superbum,
906 833 978 890 qui
1013 835 1085 887 Sp.
1118 832 1331 882 Cassium,
1364 832 1437 887 Sp.
1459 832 1656 884 Melium,

91 905 179 934 non
201 892 370 934 oderit?
431 892 540 933 Cum
563 891 730 932 duobus
753 890 937 932 ducibus
969 889 1021 930 de
1043 888 1222 945 imperio
1244 888 1287 929 in
1310 889 1439 930 Italia
1464 889 1660 932 decerta-

95 955 201 1000 tum,
234 949 400 1006 Pyrrho
422 955 465 990 et
485 948 754 990 Hannibale:
791 947 844 987 ab
878 947 1024 997 altero,
1057 952 1229 1002 propter
1258 944 1517 1001 probitatem
1547 947 1657 1002 ejus,

93 1020 181 1047 non
194 1005 322 1048 nimis
336 1005 499 1047 alienos
517 1005 681 1046 animos
694 1003 921 1045 habemus:
944 1003 1138 1054 alterum,
1159 1009 1332 1059 propter
1347 1002 1660 1056 crudelitatem,

96 1076 264 1118 semper
284 1063 377 1104 haec
399 1062 550 1104 civitas
573 1061 727 1103 oderit.

152 1118 232 1161 IX.
264 1119 393 1167 Quod
409 1119 443 1160 si
458 1126 577 1160 tanta
593 1118 656 1160 vis
671 1117 896 1174 probitatis
913 1123 994 1168 est,
1010 1122 1059 1158 ut
1075 1130 1183 1167 eam,
1199 1116 1268 1158 vel
1284 1115 1327 1158 in
1345 1115 1406 1158 eis
1424 1130 1532 1172 quos
1549 1131 1658 1158 nun-

95 1191 225 1232 quam
238 1175 439 1227 vidimus,
452 1177 520 1217 vel
533 1175 667 1232 (quod
682 1176 762 1228 maj
773 1189 820 1216 us
829 1178 912 1226 est)
932 1174 973 1214 in
989 1173 1110 1214 hoste
1125 1173 1269 1224 etiam,
1287 1173 1534 1229 diligamu83
1552 1174 1660 1230 quid

95 1233 263 1284 mirum,
286 1233 323 1274 si
343 1232 474 1274 animi
487 1232 710 1274 hominum
726 1237 990 1281 moveantur,
1008 1229 1105 1271 cum
1122 1244 1284 1281 eorum,
1303 1230 1560 1287 quibuscum
1578 1244 1660 1273 usu

95 1289 316 1345 conjuncti
330 1303 424 1331 esse
439 1288 840 1345 possunt‚virtutem
854 1294 898 1329 et
913 1286 1146 1328 bonitatem
1159 1286 1398 1344 perspicere
1410 1286 1661 1328 videantur?

94 1345 369 1402 Quamquam
389 1346 663 1387 confirmatur
682 1359 799 1386 amor
820 1351 863 1386 et
883 1342 1094 1385 beneficio
1117 1350 1310 1399 accepto,
1337 1350 1380 1384 et
1401 1343 1544 1384 studio
1566 1357 1661 1399 per-

96 1409 261 1458 specto,
279 1410 323 1444 et
338 1402 650 1445 consuetudine
672 1401 900 1458 adjuncta3
932 1399 1088 1456 quibus
1108 1400 1234 1442 rebus
1257 1399 1311 1441 ad
1334 1399 1453 1442 illurn
1475 1399 1660 1455 primum

94 1466 259 1501 motum
279 1459 409 1500 animi
432 1466 475 1501 et
496 1458 649 1500 amoris
670 1458 892 1508 adhibitis,
915 1456 1179 1498 admirabilis
1201 1457 1398 1513 quaedam
1419 1455 1662 1499 exardescit

93 1516 408 1557 benevolentiae
422 1515 692 1572 magnitudo:
724 1529 852 1571 quam
871 1514 906 1555 si
927 1514 1000 1570 qui
1017 1520 1170 1569 putant
1185 1514 1239 1555 ab
1255 1512 1550 1555 imbecillitate
1565 1527 1661 1569 pro-

96 1572 249 1624 ficisci,
272 1580 320 1614 ut
337 1572 406 1624 sit,
427 1587 502 1628 per
517 1587 646 1628 quem
665 1572 825 1628 quique
840 1577 1107 1626 assequatur,
1129 1570 1244 1626 quod
1262 1569 1500 1621 desideret3
1520 1568 1663 1610 humi-

96 1629 181 1671 lem
201 1628 306 1670 sane
328 1629 575 1686 relinquunt
595 1635 639 1670 et
664 1626 838 1670 minime
871 1641 1125 1684 generosum
1155 1631 1221 1680 (ut
1240 1626 1302 1668 ita
1328 1626 1488 1678 dicam)
1521 1632 1662 1668 ortum

98 1685 314 1737 amicitiae,
329 1700 459 1742 quam
475 1700 528 1727 ex
544 1684 692 1742 inopia
709 1691 839 1741 atque
856 1683 1100 1740 indigentia
1112 1689 1257 1725 natam
1272 1683 1433 1725 volunt.
1475 1682 1606 1730 Quod
1622 1682 1662 1724 si

96 1742 157 1784 ita
178 1749 318 1794 esset3
349 1749 398 1784 ut
418 1742 601 1798 quisque
623 1741 844 1783 minimum
866 1740 908 1781 in
931 1755 976 1782 se
995 1755 1088 1781 esse
1106 1740 1394 1791 arbitraretur,
1411 1738 1472 1780 ita
1487 1739 1542 1781 ad
1555 1738 1664 1781 ami-

96 1798 245 1841 citiam
265 1805 380 1842 esset
396 1799 670 1855 aptissimus3
701 1798 818 1854 quod
839 1796 970 1854 longe
991 1811 1118 1838 secus
1140 1803 1220 1839 est.
1268 1796 1331 1838 Ut
1346 1795 1459 1837 enim
1476 1795 1662 1853 quisque

97 1856 179 1898 sibi
200 1855 425 1913 plurimum
445 1856 640 1906 confidit,
661 1862 705 1897 et
724 1861 772 1896 ut
792 1854 975 1911 quisque
996 1853 1184 1895 maxime
1206 1852 1361 1895 virtute
1379 1859 1422 1895 et
1444 1852 1661 1908 sapientia

97 1912 162 1955 sic
178 1913 366 1954 munitus
383 1919 462 1963 est,
479 1919 528 1954 ut
544 1912 662 1953 nullo
677 1918 816 1967 egeat,
830 1925 993 1967 suaque
1006 1910 1150 1952 omnia
1162 1909 1208 1952 in
1224 1925 1268 1952 se
1283 1909 1376 1965 ipso
1391 1908 1534 1965 posita
1542 1909 1660 1965 judi-

101 1976 186 2021 cet,
208 1969 270 2011 ita
285 1969 329 2010 in
346 1969 546 2010 amicitiis
563 1967 813 2024 expetendis
829 1966 1107 2023 colendisque
1124 1966 1310 2007 maxime
1328 1965 1512 2008 excellit.
1544 1965 1664 2014 Quid

96 2026 210 2069 enim
231 2025 461 2067 Africanus
491 2024 689 2080 indigens
719 2023 831 2064 mei?
863 2023 1051 2073 minime,
1084 2023 1252 2073 hercle3
1283 2036 1334 2063 ac
1364 2036 1418 2064 ne
1449 2036 1530 2078 ego
1562 2022 1658 2078 qui·

99 2083 199 2125 dem
236 2082 350 2124 illius
368 2099 380 2134 3
428 2081 506 2123 sed
545 2095 626 2136 ego
668 2079 950 2122 admiratione
990 2078 1179 2136 quadam
1228 2078 1396 2120 virtutis
1437 2079 1544 2135 ejus,
1586 2078 1660 2122 ille

97 2139 288 2182 vicissim
320 2138 521 2195 opinione
552 2137 734 2178 fortasse
764 2135 984 2187 nonnulla,
1014 2150 1145 2192 quam
1175 2135 1229 2177 de
1249 2134 1356 2177 meis
1377 2135 1565 2177 moribus
1586 2135 1661 2178 ha-

97 2197 244 2246 bebat,
265 2211 332 2237 me
355 2195 529 2246 dilexit;
561 2193 681 2236 auxit
695 2192 1040 2235 benevolentiam
1053 2192 1337 2234 consuetudo.
1387 2191 1489 2243 Sed,
1510 2206 1662 2249 quam-

100 2252 231 2311 quam
267 2252 475 2294 utilitates
513 2251 656 2292 multae
699 2257 743 2292 et
780 2265 949 2306 magnae
987 2255 1232 2291 consecutae
1272 2254 1387 2300 sunt,
1432 2262 1520 2290 non
1558 2254 1662 2293 sunt

98 2318 244 2352 tamen
282 2309 337 2350 ab
369 2323 514 2352 earum
544 2323 620 2364 spe
651 2321 793 2350 causae
828 2305 1038 2364 diligendi
1067 2306 1288 2362 profectae.
1347 2305 1409 2347 Ut
1439 2305 1554 2348 enim
1584 2306 1661 2348 be-

96 2366 227 2410 nefici
262 2366 547 2421 liberalesque
586 2379 749 2416 sumus,
796 2378 884 2405 non
932 2368 981 2405 ut
1019 2363 1242 2419 exigamus
1282 2362 1463 2419 gratiam
1501 2366 1662 2420 (neque

100 2423 215 2466 enim
254 2422 515 2465 beneficium
552 2421 821 2472 foeneramur,
853 2420 930 2462 sed
960 2422 1112 2461 natura
1146 2419 1347 2476 propensi
1382 2418 1438 2461 ad
1473 2418 1661 2462 liberali-

100 2487 234 2523 tatem
264 2483 457 2531 sumus);
501 2477 564 2520 sic
595 2477 842 2529 amicitiam,
870 2491 958 2519 non
985 2492 1061 2533 spe
1091 2476 1301 2519 mercedis
1341 2475 1534 2528 adducti,
1565 2475 1658 2527 sed,

102 2537 216 2594 quod
246 2536 387 2579 omnis
417 2536 510 2592 ejus
540 2535 704 2577 fructus
724 2534 767 2576 in
787 2534 881 2591 ipso
903 2547 1045 2575 amore
1075 2532 1202 2584 inest,
1233 2532 1517 2589 expetendam
1539 2538 1660 2587 puta-

101 2608 212 2636 mus.
266 2593 335 2634 Ab
370 2592 440 2644 iis,
470 2592 544 2649 qui
575 2591 789 2649 pecudum
815 2591 899 2632 ritu
928 2590 983 2631 ad
1003 2591 1271 2646 voluptatem
1290 2588 1434 2631 omnia
1454 2588 1656 2641 referunt,

102 2647 235 2705 longe
257 2649 556 2691 dissentimus:
587 2664 668 2691 nec
689 2649 864 2690 mirum:
900 2646 1009 2688 nihil
1029 2646 1143 2688 enim
1162 2647 1310 2696 altum,
1342 2644 1446 2687 nihil
1465 2644 1661 2708 magnifi-

105 2721 205 2748 cum
227 2719 279 2748 ac
299 2705 504 2759 divinum,
535 2705 750 2763 suspicere
767 2710 965 2761 possunt,
986 2703 1060 2761 qui
1080 2718 1180 2745 suas
1202 2716 1349 2745 omnes
1370 2701 1660 2758 cogitationes

107 2763 360 2822 abjecerunt
379 2762 422 2819 in
443 2778 533 2806 rem
548 2769 638 2806 tam
651 2761 874 2813 humilem,
894 2766 1068 2818 tamque
1085 2764 1390 2817 contemptam.
1441 2757 1662 2815 Quamobff

820 2819 847 2859 2
873 2831 908 2860 M
