1858 3095
668 183 765 216 m
778 181 900 215 mus
922 183 1135 217 mmm.
1700 190 1757 235 45

122 266 252 309 quam
283 252 525 309 legionibus
553 252 714 294 nostris
744 253 790 294 in
811 251 1065 308 Hispaniam
1088 254 1182 306 iter,
1204 254 1429 297 Gallorum
1461 256 1686 299 interneci-

122 324 220 360 one,
242 311 504 366 patesactum
519 315 586 350 est
603 325 612 350 :
643 309 768 351 testis
785 317 852 351 est
867 309 1092 365 Hispania,
1112 326 1209 367 quae
1226 311 1463 369 saepissime
1480 313 1685 368 plurimos

120 366 269 408 hostes
291 368 344 409 ab
356 367 437 408 hoc
449 373 671 422 superatos
687 374 1006 424 prostratosque
1022 369 1272 425 conspexit:
1306 369 1428 411 testis
1447 374 1514 411 est
1534 369 1686 411 iterum
1708 362 1758 402 15

125 431 169 465 et
189 423 343 481 saepius
366 423 502 472 Italia,
523 438 634 479 quae,
661 423 760 465 cum
781 424 922 466 servili
951 425 1064 466 bello
1094 432 1204 467 tetro
1236 426 1567 482 periculosoque
1595 441 1688 482 pre·

126 488 324 531 meretur,
341 480 395 520 ab
415 479 499 521 hoc
519 480 726 522 auxilium
738 481 918 523 absente
935 482 1162 537 expetivit3
1193 483 1312 539 quod
1327 483 1488 524 bellum
1509 497 1688 539 exspec-

123 537 284 579 tatione
307 536 501 592 Pompeii
531 544 800 579 attenuatum
827 545 956 594 atque
976 538 1247 581 imminutum
1268 545 1348 591 est,
1379 539 1566 581 adventu
1588 539 1688 580 sub-

125 594 258 635 latum
297 607 350 635 ac
381 595 623 649 sepultum:
655 602 789 637 testes
819 594 919 636 verb
944 596 1036 651 jam
1067 610 1215 637 omnes
1247 610 1346 647 orae,
1377 602 1507 652 atque
1538 610 1687 638 omnes

127 658 281 692 exterae
313 658 463 714 gentes
490 666 542 692 ac
572 651 794 703 nationes3
826 651 1012 707 denique
1034 652 1165 693 maria
1186 653 1343 703 omnia,
1366 660 1456 694 tum
1477 652 1687 705 universa,
1706 645 1761 684 20

125 714 215 748 tum
236 706 279 747 in
299 707 482 764 Singulis
514 707 598 749 oris
620 723 769 750 omnes
799 707 918 749 sinus
950 714 1080 764 atque
1110 715 1274 765 portus.
1335 709 1444 758 Quis
1465 709 1579 751 enim
1595 717 1688 751 toto

125 763 230 805 mari
260 764 397 816 locus,
427 779 503 822 per
532 765 611 806 hos
644 779 794 815 annos,
825 771 901 806 aut
929 771 1018 806 tam
1047 766 1214 807 firmum
1245 766 1398 808 habuit
1426 766 1689 822 praesidium,

124 828 174 862 ut
191 827 310 862 tutus
330 822 471 863 esset?
501 829 575 863 aut
605 829 694 863 tam
724 821 806 863 fuit
835 821 1022 872 abditus,
1053 829 1101 864 ut
1129 823 1308 874 lateret3
1339 822 1438 879 quis
1459 824 1691 880 navigavit,

126 877 198 934 qui
239 892 326 920 non
372 893 419 920 se
460 885 536 920 aut
578 878 727 920 mortis
769 885 844 920 aut
874 878 1090 921 servitutis
1128 879 1319 936 periculo
1349 879 1690 922 ccommitteret?

125 933 223 976 cum
254 942 328 976 aut
358 934 512 987 hieme,
542 942 617 977 aut
641 935 796 977 referto
827 935 1078 992 praedonum
1107 936 1226 988 mari,
1257 936 1570 994 navigaretur.-
1593 937 1691 979 Hoc
1708 929 1763 970 25

124 997 292 1033 tantum
322 992 498 1045 bellum,
527 1000 618 1034 tam
647 999 786 1049 turpe,
817 999 905 1034 tam
942 1000 1082 1045 vetus,
1113 1000 1201 1035 tam
1235 993 1321 1035 late
1351 994 1539 1035 divisum
1561 1000 1690 1050 atque

126 1048 380 1105 dispersum,
402 1049 499 1106 quis
534 1064 724 1106 unquam
746 1049 1022 1091 arbitraretur
1052 1057 1128 1092 aut
1159 1050 1213 1092 ab
1243 1050 1441 1092 omuibus
1463 1051 1692 1107 imperato-

125 1105 241 1147 ribus
269 1120 357 1158 uno
387 1120 516 1159 anno,
547 1114 623 1148 aut
653 1106 853 1148 omnibus
884 1107 1007 1148 annis
1038 1108 1092 1150 ab
1123 1121 1209 1148 uno
1234 1107 1506 1164 imperatore,
1537 1107 1693 1149 confici

126 1176 255 1218 posse
267 1157 294 1203 ’ἴ
329 1160 351 1200 s
355 1163 497 1211 Quam
526 1163 792 1220 provinciam
821 1163 1024 1205 tenuistis
1054 1162 1081 1204 ὲ,
1109 1164 1381 1220 praedonibus
1411 1164 1588 1206 liberam
1617 1179 1694 1221 per

128 1219 263 1261 hosce
284 1220 448 1262 annos?
480 1220 596 1277 quod
626 1220 813 1277 vectigal
833 1219 954 1262 vobis
973 1226 1113 1261 tutum
1132 1221 1240 1262 fuit?
1271 1236 1399 1277 quem
1423 1221 1588 1263 socium
1619 1223 1694 1264 de-
1710 1213 1766 1254 30

127 1276 354 1317 sendistis?
385 1277 455 1317 cni
469 1276 670 1333 praesidio
686 1276 899 1318 classibus
911 1277 1063 1318 vestris
1075 1276 1242 1319 fuistis?
1270 1277 1399 1334 quam
1412 1277 1569 1320 multas
1583 1278 1696 1320 exis-

128 1333 292 1374 timatis
313 1332 474 1374 insulas
491 1347 586 1375 esse
604 1333 826 1375 desertas?
857 1332 987 1389 quam
1007 1335 1165 1375 multas
1182 1342 1257 1376 aut
1274 1342 1393 1376 metu
1413 1335 1600 1388 relictas,
1620 1343 1696 1377 aut

129 1388 156 1430 ὲ
177 1389 451 1446 praedonibus
471 1396 637 1445 captas,
655 1390 782 1431 urbes
804 1404 898 1431 esse
919 1390 1163 1432 sociorum?
1195 1390 1283 1432 Sed
1300 1391 1404 1447 quid
1425 1405 1506 1447 ego
1526 1392 1696 1449 longin-

129 1461 217 1502 qua
234 1446 547 1488 commemoro?
579 1445 679 1488 Fuit
688 1446 774 1488 hoc
791 1446 1025 1502 quondam,
1040 1447 1122 1488 fuit
1138 1447 1355 1503 proprium
1371 1448 1518 1504 populi
1535 1447 1695 1490 Roma-

128 1503 187 1554 ni,
208 1502 338 1561 longe
359 1501 386 1544 a
404 1504 534 1545 domo
554 1503 729 1554 bellare,
751 1509 794 1545 et
814 1502 1175 1560 dpropugnaculis
1191 1504 1357 1560 imperii
1377 1504 1589 1547 sociorum
1610 1505 1694 1547 for-
1713 1498 1767 1540 35

127 1566 269 1614 tunas,
299 1575 387 1604 non
407 1575 485 1602 sua
499 1565 630 1611 tecta,
648 1560 892 1604 defendere.
923 1560 1065 1604 Sociis
1086 1576 1168 1619 ego
1187 1561 1342 1604 vestris
1363 1576 1479 1607 mare
1500 1562 1696 1606 clausum

584 1690 848 1739 ceoeponeret.
1093 1684 1110 1709 ‘¹
1122 1686 1297 1728 viribus.

131 1798 203 1830 XL.
225 1799 381 1829 mettum
407 1802 532 1840 paravi:
569 1798 713 1838 hostesque
740 1799 773 1829 in
803 1800 893 1829 cervi·
936 1797 969 1828 in
992 1798 1101 1830 Asiam
1123 1799 1182 1830 iter
1203 1799 1381 1838 clauderet3
1412 1799 1460 1830 his
1487 1799 1533 1830 ita
1557 1811 1590 1832 se
1620 1811 1698 1842 prae-

130 1843 208 1873 cibus
219 1843 289 1883 jam
303 1841 398 1872 Italiae
412 1847 537 1883 agentes,
551 1842 587 1872 ab
601 1842 724 1882 Alpibus
736 1843 768 1872 in
783 1840 894 1881 Hispa·
937 1842 1036 1873 dones
1051 1847 1084 1873 et
1098 1843 1206 1883 piratae
1221 1853 1291 1874 cum
1305 1843 1463 1874 exsulibus
1478 1848 1511 1873 et
1530 1844 1627 1875 servis
1649 1844 1698 1875 fu-

131 1887 213 1916 nium
224 1885 349 1916 submovi
355 1897 367 1923 ;
385 1896 439 1926 per
452 1886 654 1916 easiteraliud
669 1891 754 1925 atque
766 1885 894 1916 Annibal
937 1885 1043 1925 gitivis
1058 1886 1276 1927 adjunxerunt,
1300 1890 1335 1917 ut
1356 1896 1440 1917 mare
1461 1896 1525 1916 non
1551 1886 1649 1918 solum
1665 1894 1698 1918 et

131 1929 212 1960 nobis
238 1930 425 1968 opportunius
445 1928 593 1970 patefeci,-
628 1930 721 1968 recepi
751 1927 894 1965 Galliam,
937 1927 1053 1960 insulas
1093 1934 1126 1959 et
1163 1930 1254 1960 urbes
1293 1940 1399 1960 omnes
1438 1930 1620 1969 maritimas,
1641 1931 1697 1961 sed

135 1971 319 2012 Pyrenaeum,
346 1971 542 2008 Laletaniam,
572 1971 746 2013 Indigetas;
780 1978 808 2002 et
833 1973 896 2012 pri-
939 1972 1033 2005 etiam
1059 1971 1197 2010 Italiam,
1226 1971 1420 2004 infestarent.
1463 1972 1565 2004 Tanta
1593 1978 1698 2004 autern

134 2025 213 2045 mum
233 2016 373 2054 inipetum
395 2014 516 2046 Sertorii
531 2016 657 2052 victoris,
679 2017 758 2045 novis
783 2016 898 2054 quidem
940 2017 1024 2048 facta
1039 2021 1086 2046 est
1110 2026 1215 2046 eorum
1238 2015 1417 2052 multitudo,
1441 2019 1476 2045 ut
1497 2026 1590 2047 naves
1613 2016 1696 2047 mille

135 2057 272 2088 militibus
292 2063 319 2088 et
341 2059 436 2088 multo·
456 2059 652 2097 pautioribus,
679 2059 826 2096 sumnum
850 2058 894 2088 hi·
937 2059 1100 2090 haberent.
1159 2058 1272 2090 Cilices
1301 2058 1391 2100 porro
1418 2058 1494 2089 dicti
1521 2065 1604 2098 sunt,
1629 2060 1696 2090 sive

135 2111 275 2141 emmaque
287 2101 321 2130 in
334 2103 436 2131 castris
449 2102 526 2131 inter
540 2103 702 2132 suavissimos
717 2102 816 2138 hostes,
838 2112 896 2131 non
941 2103 1054 2134 Cilices
1082 2101 1127 2132 illi
1145 2101 1260 2132 fuerint
1286 2102 1438 2143 plerique,
1462 2101 1528 2132 sive
1554 2101 1638 2143 qutid
1662 2113 1695 2132 se

132 2154 186 2184 per
197 2144 311 2184 oppida,
326 2144 624 2184 nequem-ambitione
635 2143 780 2185 med‚egi.
826 2143 896 2184 Ap·
939 2145 972 2176 in
998 2144 1142 2175 Ciliciam
1171 2145 1358 2184 reciperent.
1404 2144 1519 2175 Contra
1545 2155 1599 2175 eos
1625 2145 1696 2175 inis—

136 2188 249 2229 pianus
262 2187 320 2217 iter
333 2187 372 2216 ab
389 2197 427 2217 eo
439 2187 631 2228 patefactum
647 2187 678 2216 in
694 2185 829 2227 Alpibus
844 2186 893 2216 in-
938 2198 988 2219 sus
1008 2186 1178 2228 Pompeius
1192 2187 1359 2228 imperator
1384 2186 1453 2228 lege
1470 2186 1608 2217 Gabini&
1633 2192 1696 2218 sta-

137 2235 183 2261 ter
206 2228 287 2260 Padi
317 2234 349 2260 et
373 2228 523 2260 Rhodani
565 2230 666 2260 sontes
700 2229 796 2260 fuisse
839 2229 893 2260 ait.
937 2231 993 2261 tim
1018 2230 1133 2260 bellum
1159 2229 1238 2259 illud
1264 2229 1411 2261 confecit.
1455 2229 1507 2261 De
1530 2231 1589 2262 hoc
1612 2230 1695 2262 bello

139 2273 233 2304 Unde
248 2273 405 2312 Lucanus,
426 2272 480 2303 lib.
498 2275 530 2309 8,
939 2272 1088 2313 scripsere
1102 2271 1281 2314 Appianus,
1294 2273 1412 2310 Florus,
1427 2272 1487 2304 &c.

983 2317 1035 2347 25.
1059 2315 1123 2346 Hoc
1141 2321 1258 2347 tantum
1285 2316 1402 2352 bellum,
1425 2315 1498 2356 &c.]
1533 2315 1621 2347 Bello
1637 2317 1697 2348 hoc

182 2359 264 2390 Adde
277 2365 370 2390 truces
382 2358 485 2399 Lepidi
498 2364 601 2394 motus,
614 2357 777 2399 Alpinaque
790 2359 874 2399 bella,
938 2359 1142 2390 infestabatur
1175 2364 1273 2389 totum
1303 2370 1387 2390 mare
1415 2359 1696 2397 Mediterraneum,

182 2404 325 2444 Armaque
337 2402 447 2433 Sertori
456 2407 582 2434 revocato
594 2403 710 2432 consule
722 2402 809 2432 victa.
939 2403 1024 2444 quod
1049 2408 1133 2441 tuvpe
1153 2401 1306 2443 appellat,
1327 2402 1401 2443 quia
1422 2402 1455 2432 in
1478 2402 1616 2433 dedecus
1639 2412 1696 2443 po-

939 2445 1006 2487 puli
1030 2444 1125 2477 Rom.
1149 2450 1327 2486 susceptum
1343 2450 1409 2477 est:
1432 2451 1523 2481 vetus,
1547 2445 1620 2486 quia
1641 2456 1696 2476 an-

183 2493 238 2520 14.
262 2489 398 2521 Testisest
413 2486 586 2530 Hispania]
632 2487 763 2524 Plinius,
785 2487 839 2519 lib.
863 2489 895 2518 3.
938 2489 986 2519 nis
1004 2488 1113 2529 viginti
1137 2488 1235 2519 tribus
1258 2489 1392 2527 duravit,
1415 2488 1455 2519 ab
1484 2488 1611 2519 Octavii
1639 2489 1697 2519 sci-

140 2533 180 2564 δε
195 2531 348 2575 Pompeio
362 2533 480 2564 victore
500 2532 535 2562 in
553 2531 709 2573 Hispania
734 2531 777 2562 sic
800 2530 900 2572 loqui-
943 2531 1018 2562 licet
1055 2536 1088 2562 et
1117 2531 1227 2562 Cinnae
1249 2531 1422 2569 consulatu,
1455 2532 1495 2562 ad
1526 2531 1638 2573 Lepidi
1667 2536 1699 2562 et

141 2581 204 2607 tur:
247 2576 354 2607 Stat-im
393 2576 433 2607 ad
461 2576 525 2606 solis
564 2584 692 2605 occasum
726 2584 900 2615 congressus,
943 2574 1027 2605 Tulli
1040 2574 1246 2607 consulatum.

141 2619 269 2650 civitatis
282 2620 315 2650 in
331 2618 471 2662 Pyrenaeo
482 2619 602 2658 trapetis,
618 2618 721 2658 oppida
736 2617 900 2653 Dece-lavi,
987 2620 1042 2649 28.
1078 2618 1216 2649 Omnibus
1229 2618 1344 2659 annis]
1390 2618 1497 2649 Florus
1512 2617 1606 2647 tradit
1619 2617 1698 2647 intra

140 2661 177 2692 ab
206 2662 324 2704 Alpibus
351 2663 389 2693 ad
406 2662 486 2704 fines
515 2661 664 2701 Hispaniis
689 2660 841 2692 Uita-toris
867 2662 900 2690 in
944 2660 1029 2692 diem
1056 2661 1328 2703 quadragesimum
1357 2662 1532 2692 confectum
1560 2659 1656 2691 fuisse
1681 2660 1699 2690 a

143 2705 279 2736 ditionem
291 2705 421 2742 redacta,
435 2706 560 2736 victoria
572 2715 631 2736 suae
641 2704 789 2734 adscribit.
942 2703 1108 2746 Pompeio.

187 2750 239 2779 19.
265 2747 357 2780 Testes
376 2759 470 2780 omnes
490 2747 571 2789 orm]
615 2747 816 2778 Mithritlates
843 2756 898 2776 na·
985 2748 1040 2780 33.
1065 2747 1173 2787 Captus
1191 2747 1302 2790 urbem]
1347 2747 1532 2779 Plutarchus
1558 2751 1702 2778 numerat

144 2796 199 2822 v'es
233 2792 382 2833 quasdam
407 2791 583 2822 instituerat
607 2801 679 2823 cum
707 2790 815 2832 paucis
843 2790 900 2819 ho·
943 2790 1198 2834 quadringentas.

144 2833 279 2867 minibus
303 2833 339 2867 in
365 2834 424 2874 eis,
447 2839 483 2867 ut
503 2833 658 2868 Romanis
681 2832 901 2875 navigantibus
