1790 3090
95 148 184 194 310

179 234 293 276 Mihi
326 235 427 278 verb
456 235 536 276 Cn.
558 233 794 297 Pompeius
824 249 912 276 non
935 233 1067 275 modo
1107 231 1214 274 nihil
1243 232 1413 297 gravius
1447 237 1598 297 contra
1618 233 1750 278 Milo-

106 289 162 332 10
180 308 278 334 nem
302 293 447 350 judic
431 306 541 342 isse,
574 291 650 332 sed
673 290 804 332 etiam
826 291 1031 332 statuisse
1056 289 1238 342 videtui,
1271 290 1376 347 quid
1397 304 1473 332 vos
1494 290 1536 331 in
1551 291 1752 347 judican-

182 349 237 391 do
256 357 447 405 spectare
465 354 695 403 oporteret
746 348 875 400 Nam,
900 348 986 411 qui
989 362 1075 388 non
1091 361 1264 403 poenam
1285 347 1564 411 confessioni,
1587 348 1661 389 sed
1679 349 1753 391 de-

182 407 421 447 sensionem
442 405 575 455 dedit,
609 420 646 445 is
667 419 843 446 causam
864 381 1063 446 intelitfis
1086 405 1372 475 quaerendam‚
1400 418 1488 445 non
1520 404 1751 457 interitum,

183 463 365 518 putavit.
424 462 520 503 Jam
556 462 663 502 illud
695 461 813 502 dicet
845 461 936 518 ipse
965 460 1173 531 profecto,
1207 461 1322 517 quod
1344 461 1422 502 sii-”i
1458 468 1611 517 sponte
1636 461 1755 514 fecit,

189 519 365 560 Publio·
368 534 421 560 ue
459 518 616 560 Clodio
643 518 919 559 tribuendum
947 517 1120 574 putarit,
1154 533 1208 558 an
1243 518 1447 573 tempori?
1508 517 1640 559 Domi
1667 533 1756 559 suae

116 578 170 618 15
188 576 480 617 nobilissimus
502 575 579 627 vir,
612 575 785 616 senatus
806 590 971 631 Ριοριιὃ
934 581 1112 624 mirator,
1145 581 1272 631 atque
1294 574 1377 614 illis
1399 575 1573 631 quidem
1593 582 1757 638 tempo-

188 633 305 674 libus
328 648 447 688 pene
470 640 689 689 patronus,
710 633 943 673 avunculus
964 632 1091 686 hujus
1114 632 1247 672 nostri
1262 631 1438 687 judicis,
1460 631 1682 673 fortissimi
1699 647 1759 673 νι-

189 690 240 740 ιὶ,
264 690 327 731 M.
351 689 545 741 Catonis,
577 690 770 730 tribunus
792 689 945 745 plebis,
980 688 1043 729 M.
1067 688 1233 729 Drusus
1254 703 1425 730 oceisus
1447 694 1530 729 est:
1564 689 1670 730 nihil
1703 688 1756 730 de

192 748 283 803 ejus
316 753 451 788 morte
483 748 667 802 populus
689 747 926 796 consultus,
957 745 1077 786 nulla
1107 746 1288 801 quaestio
1320 744 1569 787 adecreta
1550 761 1575 786 a
1608 752 1760 787 senatu

194 810 272 845 est.
353 803 573 850 Quantum
603 804 768 844 luctum
808 802 850 843 in
887 803 936 842 h
920 817 970 843 ic
1002 803 1105 843 urbe
1145 802 1278 843 fuisse
1311 819 1337 843 a
1371 802 1528 844 nostris
1567 802 1759 859 patribus

121 864 178 904 20
196 860 456 915 accepimus,
490 875 584 900 curn
608 859 658 900 P.
680 860 899 911 Africano,
928 859 1045 900 domi
1068 874 1154 900 suae
1174 859 1431 924 quiescenti,
1460 859 1535 900 illa
1555 866 1765 900 nocturna

196 932 261 957 v1s
282 923 396 957 esset
417 916 555 957 illata!
619 916 725 978 Quis
757 923 848 956 tum
880 930 967 957 non
998 915 1181 971 gemuit?
1219 917 1316 972 quis
1347 930 1433 957 non
1463 915 1568 958 arsit
1597 916 1761 967 dolore,

198 987 327 1029 quem
347 972 648 1021 immortalem,
689 972 724 1013 si
746 972 835 1013 fieri
858 978 1020 1027 posset,
1053 987 1201 1013 omnes
1222 988 1315 1014 esse
1337 979 1554 1027 cupeient,
1576 974 1679 1036 ejus
1709 987 1765 1014 ne

198 1029 483 1071 necessariam
505 1029 680 1092 quidem
701 1034 997 1084 exspectatam
1020 1043 1114 1070 esse
1135 1029 1341 1069 mortem?
1391 1029 1507 1070 Num
1528 1029 1659 1092 igitm
1677 1029 1768 1070 ulla

201 1086 384 1143 quaestio
422 1086 475 1127 de
510 1085 701 1127 Africani
738 1092 873 1127 morte
912 1086 1000 1126 lata
1037 1085 1131 1126 est?
1167 1085 1282 1127 certe
1323 1086 1452 1126 nulla.
1527 1085 1644 1133 Quid
1679 1086 1768 1128 ita?

127 1149 183 1190 25
202 1159 302 1201 quia
342 1158 428 1186 non
468 1143 553 1185 alio
595 1143 785 1185 facinme
818 1143 868 1184 cl
863 1157 920 1183 ιιι
960 1141 1173 1194 homines,
1213 1142 1296 1184 alio
1331 1141 1518 1192 obscuri,
1549 1149 1768 1185 necantur.

806 154 897 188 PRO
923 155 1116 188 MILONE.

854 1317 1122 1356 aconslituta.

255 1548 286 1578 9.
311 1544 391 1576 Mihi
413 1544 506 1585 tevi-Q]
569 1545 798 1586 Interpretatur
825 1545 971 1586 Pompeii

210 1595 347 1619 ruentem
363 1589 395 1618 in
412 1589 482 1629 lege
498 1587 553 1618 sua.
571 1588 721 1619 ferenda:
747 1588 785 1619 eir
808 1589 890 1619 enirn
915 1601 969 1619 vo-

210 1633 269 1663 luit
285 1643 354 1662 eum
371 1631 510 1667 defendi,
520 1643 584 1662 nou
595 1643 668 1672 ergo
678 1633 896 1670 condemnari3
912 1633 970 1663 boc

1014 1554 1084 1575 care
1101 1549 1209 1576 contra
1224 1545 1376 1586 equestris
1389 1544 1505 1576 ordinis
1520 1544 1704 1586 potentiam,
1728 1546 1769 1577 ad

1015 1599 1107 1629 quem
1124 1593 1189 1619 tota
1204 1589 1350 1619 senatorii
1366 1589 1482 1619 ordinis
1497 1589 1661 1619 auctoritas
1677 1590 1772 1620 devo-

1014 1632 1079 1662 luta
1100 1638 1177 1668 erat,
1201 1643 1233 1663 se
1250 1632 1432 1673 popularem
1447 1631 1614 1667 simulavit,
1638 1642 1674 1663 ac
1686 1632 1774 1663 Lati-

212 1682 260 1706 est
275 1675 377 1716 igitur,
400 1676 482 1716 quod
502 1676 589 1716 sequi
606 1675 731 1716 judices
749 1676 884 1706 debent:
910 1686 973 1705 non

212 1719 294 1749 enim
312 1717 433 1748 tantum
450 1719 566 1748 debent
582 1719 759 1754 attendere,
784 1718 869 1758 quud
889 1719 971 1749 Milo

173 1786 177 1791 ,
213 1761 330 1792 occidit
345 1760 506 1799 Clodium3
533 1762 587 1791 sed
613 1761 741 1791 ulterius
764 1762 881 1791 debent
904 1772 973 1802 per-

213 1816 299 1845 gere,
312 1810 343 1834 et
360 1805 520 1834 attendere
532 1805 570 1834 ad
585 1815 722 1841 causam,
741 1809 867 1845 propter
879 1816 972 1846 quam

214 1849 233 1878 a
250 1847 372 1878 Milone
390 1847 572 1877 interfectus
588 1853 646 1877 est.

262 1892 312 1921 1:²5.
335 1890 405 1921 Jam
429 1891 505 1920 illud
527 1891 628 1931 dicet]
675 1890 845 1931 Pompeius
876 1890 971 1927 dicct,

214 1945 273 1964 nec
289 1939 398 1964 senatu
416 1944 474 1964 nec
490 1933 609 1975 populo
626 1934 814 1975 postulante,
838 1946 871 1965 se
887 1934 972 1964 illam

215 1978 316 2017 legem
335 1977 454 2006 tulisie.

264 2021 313 2050 14.
339 2019 499 2049 Publio-ne
526 2019 625 2050 Clodio
651 2020 867 2061 tribuendum]
915 2020 974 2050 Os-

215 2063 317 2093 tendit
332 2062 454 2098 Cicero,
480 2073 542 2093 non
568 2068 694 2103 proptel⁷
716 2063 862 2093 Clodium
880 2063 975 2093 Pom-

216 2106 324 2146 peium
339 2105 439 2146 legem
457 2106 576 2143 tulisse,
599 2107 654 2136 sed
676 2112 709 2136 ut
736 2106 867 2147 tempori
882 2106 975 2136 servi-

216 2154 274 2184 ret,
297 2159 336 2179 ne
354 2148 503 2179 videlicet
526 2149 620 2179 laetari
637 2149 676 2178 de
693 2155 790 2179 morte
808 2149 913 2180 Clodii
929 2150 974 2179 vi-

217 2193 351 2227 deretur,
376 2202 510 2232 quocum
534 2192 641 2233 paucis
659 2192 770 2223 dicbus
787 2193 858 2223 ante
875 2193 976 2223 fuerat

214 2235 443 2266 reconciliatus.

261 2278 310 2308 Ib.
337 2278 423 2307 Domi
439 2277 522 2318 suan]
571 2278 698 2313 Probat,
715 2278 860 2320 Pompeii
875 2278 975 2319 legem

218 2331 273 2350 seu
290 2321 479 2361 rogationem
504 2332 617 2351 novam
640 2332 720 2357 esse,
745 2328 776 2352 et
791 2322 976 2358 inauditam,

218 2364 449 2404 comparatione
473 2364 712 2395 clarissimorum
735 2365 908 2401 hominnm,
933 2367 973 2396 de

218 2407 330 2447 quibus
351 2407 436 2437 nulla
459 2407 521 2436 lata
537 2408 585 2437 lex
603 2413 660 2438 est.
713 2407 750 2437 Id
768 2414 871 2438 autem
886 2408 974 2446 facit,

218 2455 253 2479 ut
270 2451 412 2480 ostendat
429 2449 534 2490 inique
550 2451 630 2481 hanc
655 2450 761 2481 tulisse
777 2451 976 2491 Pompeium,

219 2497 273 2523 aut
287 2493 419 2531 tempori
437 2494 590 2524 serviisse.

263 2538 316 2567 15.
343 2534 541 2566 Nobilissimus
556 2535 627 2575 riva]
665 2536 714 2565 M.
729 2535 834 2566 Livius
845 2536 977 2572 Drusus,

219 2588 311 2618 quern
325 2578 420 2608 virum
432 2579 668 2613 nobilissimum,
680 2579 978 2619 eloquentissimum,

219 2621 459 2656 sanctissimum,
481 2621 621 2652 nominat
647 2622 787 2652 Velleius
815 2622 870 2652 lib.
894 2626 924 2653 9.
948 2628 980 2653 et

219 2674 312 2703 quem
337 2664 521 2695 Plutarchus
546 2671 618 2695 tunc
649 2665 822 2705 principem
850 2665 974 2696 senatu!

219 2706 312 2737 fuisse
330 2708 384 2744 ait,
401 2707 471 2738 ςιῖιιι
489 2708 610 2738 videret
622 2716 764 2738 senatum
781 2713 879 2738 totum
894 2710 976 2739 sedi-

219 2750 304 2779 tiosis
326 2750 442 2780 Tiberii
473 2750 609 2782 Gracchi
634 2751 754 2791 legibus
781 2762 976 2792 oppressum,

218 2794 346 2834 cupiens
365 2804 433 2824 eum
451 2794 489 2825 ad
509 2794 666 2836 pristinam
685 2795 866 2835 dignitatem
890 2805 976 2826 revo-

1015 1675 1061 1705 nis
1074 1675 1215 1705 omnibus
1223 1675 1275 1715 jus
1286 1675 1417 1706 civitatis
1430 1674 1586 1715 promisit3
1601 1676 1685 1716 quod
1699 1686 1769 1707 cum

1017 1718 1165 1754 differret,
1180 1718 1339 1749 instabant
1351 1718 1471 1757 acriter,
1493 1724 1528 1748 ut
1544 1718 1698 1758 promissis
1711 1723 1773 1749 sta-

1015 1766 1074 1791 ret.
1117 1761 1272 1798 Tandem,
1294 1761 1364 1792 curn
1378 1761 1601 1802 intelligeretur
1617 1761 1636 1791 εἴ
1651 1761 1770 1803 populo

1017 1803 1157 1834 simulate
1170 1805 1280 1845 egisse,
1303 1805 1335 1834 in
1356 1805 1473 1835 aedibus
1490 1804 1529 1834 ab
1545 1803 1654 1845 ignota
1669 1804 1773 1835 multi-

1015 1847 1123 1877 tudine
1138 1849 1256 1878 occisus
1272 1854 1330 1880 est.
1376 1847 1461 1878 Vide
1475 1847 1542 1877 Liv.
1554 1847 1608 1878 lib.
1622 1849 1677 1879 71.

1060 1892 1112 1920 16.
1135 1891 1307 1921 Avunculus
1322 1891 1409 1930 hujus
1422 1892 1513 1921 nostri
1526 1890 1669 1931 judicia]
1715 1891 1774 1922 Ju-

1017 1934 1078 1963 dex
1093 1934 1223 1964 sedebat
1239 1934 1287 1964 M.
1299 1934 1391 1969 Cato,
1406 1934 1458 1974 qui
1471 1934 1571 1964 dictus
1583 1939 1631 1963 est
1643 1933 1774 1964 Uticen-

1017 1976 1071 2014 sis,
1094 1976 1182 2017 cujus
1207 1982 1304 2007 mater
1320 1976 1410 2007 Livia
1426 1977 1474 2006 M.
1491 1976 1589 2006 Drusi
1605 1986 1689 2007 soror
1702 1976 1774 2013 suit,

1016 2020 1102 2060 apud
1119 2030 1212 2061 quem
1229 2021 1378 2050 educatus
1391 2024 1448 2050 est.
1472 2019 1546 2051 Val.
1563 2019 1652 2050 Max.
1669 2019 1724 2052 lib.
1741 2023 1775 2051 3.

1017 2073 1090 2103 cap.
1110 2067 1138 2093 1.

1064 2109 1114 2136 18.
1137 2106 1268 2147 Populus
1288 2106 1462 2147 consultus]
1519 2105 1648 2137 consuli
1672 2116 1775 2147 popu-

1018 2148 1066 2179 lus
1092 2149 1254 2180 dicebatur
1282 2149 1407 2185 Romae,
1432 2148 1503 2180 cum
1526 2149 1575 2179 lex
1597 2150 1775 2189 rogabatur,

1017 2192 1077 2223 hac
1099 2193 1218 2224 scilicet
1238 2193 1381 2231 formula,
1406 2192 1519 2232 Velitis,
1529 2192 1672 2232 jubeatis,
1697 2192 1773 2228 Qui-

1017 2237 1096 2266 vites.

1063 2281 1115 2309 20.
1140 2278 1178 2309 Ρ.
1194 2279 1366 2321 Africana]
1409 2278 1575 2309 Africanus
1591 2278 1690 2308 minor
1704 2276 1775 2308 cum

1020 2323 1232 2353 adversaretur
1255 2323 1292 2353 C.
1318 2322 1476 2361 Graccho,
1503 2321 1563 2353 Cn.
1592 2321 1714 2357 Fulvio,
1744 2325 1777 2351 et

1019 2365 1078 2396 Cn.
1098 2365 1244 2402 Carboni,
1260 2365 1434 2401 triumviris,
1459 2375 1547 2405 agros
1563 2364 1704 2394 dividere
1720 2375 1775 2394 co

1018 2409 1176 2444 nantibus,
1204 2420 1301 2450 seque
1326 2410 1453 2439 domum
1475 2407 1561 2438 fortis
1591 2411 1624 2437 et
1652 2407 1774 2437 validus

1022 2451 1147 2492 pridie
1135 2463 1152 2481 e
1167 2458 1276 2482 senatu
1293 2452 1472 2493 recepisset,
1484 2449 1573 2480 mane
1586 2449 1618 2480 iu
1629 2450 1775 2480 cubiculo

1022 2501 1158 2524 mortuus
1173 2505 1225 2524 mx
1228 2500 1317 2525 entus
1331 2501 1379 2525 est
1392 2494 1571 2535 Appianus.
1628 2492 1680 2523 De
1697 2493 1776 2524 tanti

1020 2537 1073 2567 viri
1089 2542 1185 2567 morte
1201 2538 1286 2568 nulla
1300 2537 1432 2579 quaestio
1448 2537 1511 2566 lata
1526 2541 1585 2566 e.;t.

1066 2583 1118 2610 2²3.
1142 2580 1215 2621 Ejus
1229 2591 1264 2610 ne
1278 2580 1490 2620 necessariam]
1537 2579 1655 2609 Omnes
1670 2579 1777 2620 singu-

1021 2621 1077 2652 lari
1106 2623 1213 2654 dolore
1242 2623 1349 2654 affecti
1375 2629 1457 2657 sunt,
1493 2621 1579 2663 quod
1605 2622 1777 2653 naturalem

1021 2665 1091 2695 vitae
1106 2676 1228 2696 cursum
1244 2677 1307 2697 non
1324 2666 1479 2707 attigerit:
1507 2675 1578 2695 nam
1595 2665 1716 2696 occisus
1731 2670 1779 2695 est

1021 2719 1102 2738 anno
1128 2709 1229 2739 aetatis
1253 2720 1316 2741 suae
1338 2711 1392 2747 56,
1415 2715 1449 2741 ut
1471 2707 1583 2740 Cicero
1603 2708 1635 2740 in
1651 2708 1779 2740 Somnio

1021 2751 1175 2794 Scipionis
1192 2752 1279 2783 dicit.
