1858 3095
849 151 970 183 vITA.
1210 137 1213 141 '
1618 155 1706 198 xvii

106 227 275 270 Cicero.
302 228 532 286 Pompeius
557 229 714 270 bellum
744 226 1089 269 Mithridaticum
1107 227 1310 270 confecit.
1371 227 1565 280 Clodius,
1596 230 1701 271 ado-

104 284 272 327 lescens
300 286 354 327 ad
372 285 615 327 audendum
639 282 995 341 projectissimus,
1032 289 1221 326 extremo
1243 285 1328 326 hoc
1355 299 1467 326 anno
1488 285 1530 325 in
1552 292 1700 341 operta

105 339 239 384 Bonae
260 342 365 384 Deae
385 342 579 383 muliebri
597 342 746 383 habitu
767 339 949 396 irrepsit,
972 346 1015 380 et
1033 341 1206 395 agnitus
1228 341 1345 383 forus
1367 342 1532 397 ejectus
1552 347 1632 383 est.

531 469 699 497 ANNus
736 468 883 496 unms
920 466 1152 494 Coan'rAE
1186 453 1283 494 699..

135 541 247 584 Coss.
284 544 351 584 M.
373 544 517 598 Pupio
538 546 709 593 Pisone,
731 545 796 585 M.
820 545 980 584 Valerio
997 544 1203 591 stIeszd,
1226 548 1328 584 ante
1352 543 1569 584 Christum
1589 541 1659 583 60.

516 603 732 643 Cieermzis
748 602 1106 653 quadragesimus
1126 605 1287 640 sertus.

161 687 271 728 Cum
288 687 469 729 Clodius
487 689 540 730 ab
556 688 836 744 optimatibus
851 695 1023 746 propter
1039 689 1241 731 violatam
1257 687 1390 729 Bon-ee
1411 688 1515 730 Deae
1530 687 1703 744 religio-

102 759 200 785 nem
221 752 397 786 vocatus
416 752 530 787 esset
550 745 593 785 in
608 745 838 800 judicium,
856 747 1224 802 contenderetque
1240 745 1353 786 idem
1376 745 1568 795 ClodiuS,
1590 759 1635 785 se
1653 744 1701 785 eft

101 807 230 842 nocte
251 815 336 842 non
354 801 519 853 Romae,
542 802 618 843 sed
642 802 898 843 Interamnae
919 803 1034 858 apud
1057 802 1304 843 Cassinium
1319 801 1536 851 scholam,
1553 800 1703 851 fuisse,

102 857 338 912 productus
359 858 483 899 testis
510 865 575 899 est
605 857 774 909 Cicero,
808 859 881 914 qui
915 859 1025 900 dixit
1053 858 1253 899 Clodium
1278 858 1332 898 ad
1361 873 1405 898 se
1435 857 1609 898 domum
1633 871 1704 897 ve-

102 913 234 963 nisse,
251 921 295 955 et
306 914 565 970 quibusdam
584 915 636 955 de
658 915 784 955 rebus
806 914 893 956 una
912 915 1069 969 egisse.
1101 915 1159 955 Et
1179 914 1223 955 id
1246 914 1420 970 quidem
1441 928 1586 954 verum
1601 918 1704 954 erat.

102 968 276 1021 Verum,
298 971 482 1026 pecunia
498 971 709 1027 corruptis
724 970 1189 1027 judicibus,judicium
1205 971 1387 1012 Clodius
1401 970 1550 1011 evasit.
1587 969 1703 1009 Hinc

102 1025 200 1067 fons
221 1026 416 1068 odiorum
434 1027 578 1069 Clodii
598 1027 640 1068 in
662 1027 931 1070 Ciceronem.
994 1028 1161 1069 Eodem
1183 1041 1295 1068 anno
1317 1041 1394 1083 pro
1415 1025 1575 1068 Archia
1596 1025 1706 1067 dixit

103 1080 268 1132 Cicero,
290 1090 333 1125 et
357 1083 590 1140 Pompeius
612 1084 665 1124 de
689 1083 944 1126 Mithridate
969 1084 1265 1140 triumphavit.

537 1200 704 1229 ANNUS
741 1201 887 1230 11111315
922 1201 1156 1229 eonTAE
1180 1187 1279 1229 693.

126 1274 239 1316 Coss.
275 1278 327 1323 Q.
353 1277 528 1317 Caecilio
548 1278 723 1317 Merena
747 1277 907 1324 Celere,
941 1278 991 1317 L.
1008 1277 1210 1330 Asi-aazia,
1242 1281 1344 1316 ante
1370 1274 1593 1316 Christum
1612 1276 1684 1317 59.

494 1331 711 1372 Ciceronis
728 1334 1084 1384 quadragesimus
1104 1335 1323 1384 septimus.

164 1403 319 1444 Primis
339 1404 467 1460 hujus
489 1404 589 1445 anni
609 1404 829 1445 mensibus
852 1404 1003 1444 Cicero
1025 1403 1069 1443 in
1084 1403 1199 1444 Urbe
1220 1404 1315 1456 fuit,
1337 1404 1565 1459 effecitque
1579 1419 1632 1445 ne
1650 1406 1706 1453 Q.

105 1460 223 1501 fratri
244 1460 288 1501 in
302 1460 410 1501 Asia
427 1461 742 1502 succederetur.
804 1459 1000 1511 Clodius,
1016 1467 1063 1500 ut
1084 1460 1296 1501 Tribunus
1324 1461 1464 1516 plebis
1481 1462 1615 1512 fieret,
1634 1476 1708 1517 pa-

106 1516 324 1557 triciatum
346 1517 538 1572 ejuravit,
573 1525 616 1558 et
644 1517 697 1557 ad
730 1517 899 1573 plebem
927 1516 1139 1567 transivit,
1169 1517 1398 1572 statimque
1426 1516 1707 1558 Tribunatum

104 1572 274 1629 petivit:
297 1573 374 1613 sed
391 1574 482 1628 ejus
497 1573 696 1628 petitioni
715 1572 921 1614 Metellus
939 1573 1202 1628 propinquus
1217 1574 1253 1628 ej
1263 1588 1310 1613 us
1334 1573 1517 1614 obstitit.
1549 1573 1704 1614 Cicero

105 1629 459 1670 commentarium
474 1629 736 1670 Consulatus
746 1630 810 1670 sui
827 1628 978 1670 Graece
994 1629 1284 1684 compositum
1298 1629 1352 1670 ad
1366 1629 1561 1670 Atticum
1576 1629 1706 1678 misit,

105 1692 150 1726 et
165 1685 367 1726 Rhodum
388 1686 441 1726 ad
460 1685 744 1726 Posidonium
760 1703 768 1726 :
791 1686 965 1742 scripsit
979 1699 1150 1741 quoque
1165 1686 1218 1726 de
1235 1685 1474 1726 Consulatu
1488 1700 1565 1727 suo
1579 1686 1706 1727 versi-

102 1741 183 1782 bus
200 1748 285 1782 tres
306 1741 453 1782 libros.
496 1742 604 1783 Post
620 1742 717 1783 idus
733 1742 881 1783 Martii
896 1741 994 1783 cum
1009 1741 1228 1796 aliquanto
1246 1741 1327 1782 ruri
1343 1742 1510 1794 fuisset,
1521 1742 1705 1784 Romam

101 1796 125 1839 ὲ
148 1798 414 1855 Pompeiano
436 1813 481 1840 se
504 1797 668 1855 recepit
687 1799 741 1839 ad
761 1799 788 1838 4
808 1799 873 1839 Id.
894 1797 1018 1839 Maii.
1080 1798 1177 1839 Kal.
1198 1798 1316 1839 Junii
1335 1798 1515 1840 Antium
1536 1798 1627 1841 ivit.

543 1915 707 1943 ANNUS
743 1916 891 1944 URBIS
928 1917 1160 1945 coNDITAE
1183 1905 1279 1946 694.

132 1994 247 2035 Coss.
272 1991 457 2034 C.Julio
482 1991 670 2042 Caesare,
693 1993 761 2033 M.
786 1993 1024 2047 Calpurnio
1040 1996 1211 2045 Bibulo,
1245 2001 1347 2037 ante
1370 1996 1590 2039 Clu-istam
1605 1997 1675 2038 58.

508 2050 721 2090 Ciceronis
738 2051 1098 2104 quadragesimus
1117 2058 1307 2093 octavus.

162 2137 400 2178 Antonium
421 2139 632 2193 collegam
666 2153 790 2179 suum
813 2138 839 2179 a
862 2139 1003 2180 Coelio
1024 2145 1275 2180 accusatum
1308 2139 1502 2182 defendit
1532 2140 1702 2194 Cicero,

105 2194 179 2250 qui
201 2194 510 2235 condemnatus
532 2195 575 2235 111
599 2194 865 2250 061111316111ἒ1
887 2195 1111 2236 exsulavit.
1172 2195 1352 2236 Clodius
1373 2195 1471 2237 verb
1492 2197 1701 2240 beneficio

106 2250 289 2291 Caesaris
311 2251 364 2291 ad
386 2250 557 2306 plebem
579 2250 788 2302 transivit,
820 2266 952 2307 seque
975 2252 1168 2306 adoptari
1192 2251 1217 2291 ὲ
1242 2251 1423 2293 Fonteio
1446 2252 1604 2305 effecit,
1640 2261 1702 2306 ut,

103 2307 316 2348 Tribunus
330 2307 467 2362 plebis
482 2314 664 2356 creatus,
679 2307 835 2349 certius
849 2307 1047 2349 Ciceroni
1064 2314 1254 2349 noceret:
1271 2307 1460 2364 licetque
1469 2310 1703 2367 Pompeius

54 2373 57 2375 “
105 2379 203 2405 611111
220 2363 335 2405 0111111
350 2364 547 2405 cautione
564 2371 608 2405 et
635 2364 795 2405 foedere
817 2364 1097 2415 devinxisset,
1114 2364 1222 2404 nihil
1242 2365 1285 2404 in
1301 2364 1537 2407 Tribunatu
1554 2375 1704 2409 contra

105 2420 359 2461 Ciceronem
376 2420 587 2461 facturum
607 2435 716 2471 esse,
738 2420 780 2461 in
794 2421 878 2462 fide
901 2427 1043 2462 tamen
1060 2435 1145 2461 non
1167 2421 1338 2462 mansit.
1397 2421 1560 2464 Tullius
1577 2423 1702 2479 porro

105 2491 250 2518 mense
268 2476 406 2532 Aprili
423 2484 465 2518 et
482 2475 618 2525 Maio,
631 2483 752 2518 extra
764 2477 940 2527 Urbem,
955 2477 1091 2528 Antii,
1104 2476 1148 2517 in
1166 2477 1443 2533 Pompeiano,
1463 2479 1703 2531 Formiano,

105 2541 150 2574 et
167 2532 379 2588 Arpinati,
396 2533 439 2573 in
456 2532 588 2574 literis
605 2533 726 2584 vixit,
742 2540 799 2585 et,
815 2534 964 2575 Attico
983 2533 1023 2574 in
1041 2533 1217 2588 Epirum
1232 2534 1439 2589 profecto,
1451 2551 1496 2577 se
1519 2536 1703 2578 Romam

105 2589 281 2644 recepit,
294 2589 384 2640 ubi,
398 2589 557 2630 relictis
574 2589 772 2630 omnibus
787 2589 978 2631 consiliis
993 2590 1191 2645 publicis,
1205 2597 1343 2631 totum
1360 2606 1405 2632 se
1419 2592 1473 2633 ad
1492 2593 1702 2634 forensem

106 2660 276 2702 operam
299 2645 502 2687 contulit:
524 2660 622 2686 nam
637 2646 702 2687 bis
724 2646 953 2687 Thermum
975 2646 1183 2698 defendit,
1205 2647 1337 2688 semel
1352 2647 1566 2689 Valerium
1581 2648 1701 2691 Flac-

103 2717 216 2752 cum,
239 2702 312 2758 qui
335 2702 666 2758 repetundarum
689 2703 986 2744 accusabatur.
1047 2702 1258 2744 Invitatus
1280 2703 1394 2744 circa
1414 2704 1516 2746 illud
1532 2712 1699 2762 tempus

102 2757 184 2800 fuit
203 2754 230 2798 ὲ.
251 2757 420 2802 Caesare
435 2758 603 2811 Cicero,
616 2765 665 2802 ut
685 2759 768 2801 sibi
789 2765 904 2801 esset
919 2759 1088 2816 legatus
1104 2759 1147 2815 in
1165 2759 1321 2815 Gallia,
1339 2767 1396 2813 et,
1410 2767 1577 2806 mortuo
1593 2763 1699 2806 Cos⁶

892 2829 915 2854 C
