1790 3090
69 148 155 195 314
765 149 857 183 PRO
881 149 1078 184 MILONE.

152 231 358 288 petitores
377 247 387 282 3
419 228 493 271 sed
526 227 601 278 ita,
623 232 759 269 totam
778 234 827 268 ut
854 227 1107 284 petitionem
1138 226 1229 283 ipse
1250 227 1383 279 solus,
1405 226 1535 268 etiam
1556 225 1701 268 invitis

153 289 254 340 illis,
286 288 564 344 gubernaret3
595 290 688 325 tota
725 291 774 325 ut
813 285 988 326 comitia
1019 283 1107 324 suis
1140 287 1207 339 (ut
1241 284 1483 336 dictitabat)
1517 283 1702 325 humeris

84 346 137 387 15
157 346 400 388 sustineret.
434 342 715 383 Convoeabat
728 341 881 383 tribus:
905 357 949 383 se
969 341 1286 397 interponebat:
1310 341 1523 383 coloniam
1535 353 1704 391 novam,

157 404 368 444 delectum
389 398 773 456 perditissimorum
794 399 1010 439 seribebat
1028 397 1227 438 civium&
1286 399 1458 448 Quanto
1488 398 1559 438 ille
1587 397 1709 453 plura

157 459 408 508 amiscebat,
424 462 543 497 tanto
564 455 635 496 hic
651 453 786 511 magis
807 455 852 495 in
873 455 964 496 dies
982 455 1325 497 convalescebat.
1355 455 1441 496 Ubi
1457 454 1566 496 vidit
1579 454 1708 494 homo

158 517 214 557 ad
235 530 359 556 omne
380 513 548 555 facinus
578 512 872 568 paratissimus
891 511 1171 552 fortissimum
1190 512 1341 564 virum,
1368 510 1712 553 inimicissimum

160 588 298 624 suum,
331 570 614 612 certissimum
637 569 877 618 consulem;
907 568 1039 624 idque
1060 569 1274 610 intellexit
1293 583 1379 610 non
1398 569 1534 610 solum
1551 580 1712 609 sermo-

86 631 142 671 20
161 630 303 681 nibus,
326 629 401 670 sed
424 627 553 668 etiam
574 626 787 682 suffragiis
810 625 955 681 populi
974 625 1157 667 Romani
1175 625 1288 681 saepe
1309 640 1403 667 esse
1420 626 1708 674 declaratum;

162 686 306 744 palam
327 700 452 742 agere
474 684 622 740 coepit,
645 690 687 724 et
706 682 852 739 aperte
874 682 1033 733 dicere,
1055 683 1340 724 occidendum
1362 683 1586 724 Milonem.
1616 680 1711 721 Ser-

161 759 240 785 vos
261 749 450 798 agrestes
468 749 511 783 et
532 741 750 791 barbaros,
767 739 924 796 quibus
942 739 1071 780 silvas
1088 739 1285 795 publicas
1302 739 1590 795 depopulatus
1608 742 1712 788 erat,

163 800 465 855 Etruriamque
495 797 685 849 vexarat,
718 811 771 838 ex
803 796 1031 852 Apennino
1063 797 1312 848 deduxerat,
1344 811 1454 852 quos
1486 793 1715 837 videbatis.

164 857 253 898 Res
275 863 365 897 erat
395 854 569 896 mininie
593 854 798 904 obscura3
830 853 987 894 etenim
1017 852 1157 909 palam
1178 853 1420 902 dictitabat,
1442 852 1715 894 consulatum

89 915 144 955 25
165 913 323 954 Miloni
350 912 455 967 eripi
476 926 562 952 non
582 924 725 965 posse,
744 910 876 950 vitam
896 925 1040 965 posse.
1071 909 1342 961 Significavit
1358 911 1442 952 hoc
1458 908 1570 966 saepe
1587 908 1632 949 in
1650 922 1713 949 se-

164 978 297 1020 natu;
330 968 441 1009 dixit
472 968 516 1008 in
549 966 784 1007 concione:
820 966 924 1021 quin
956 967 1085 1007 etiam
1118 966 1325 1018 Favonio,
1353 967 1585 1008 fortissimo
1609 964 1715 1015 viro,

166 1025 373 1083 quaerenti
407 1039 459 1066 ex
491 1039 556 1074 eo,
579 1023 666 1079 qua
698 1037 772 1078 spe
803 1022 961 1063 fureret
991 1023 1159 1063 Milone
1179 1023 1290 1073 vivo,
1319 1023 1554 1079 respondit,
1575 1021 1716 1063 triduo

164 1084 300 1133 illum,
334 1082 389 1124 ad
434 1095 648 1123 sununum
692 1078 934 1135 quatriduo,
970 1079 1224 1136 periturum:
1257 1094 1386 1134 quam
1424 1093 1578 1120 vocem
1626 1079 1718 1133 ejus

167 1141 222 1181 ad
256 1141 372 1181 hunc
410 1139 473 1179 M.
506 1138 716 1178 Catonem
747 1136 893 1177 statim
924 1135 1138 1178 Favonius
1170 1136 1336 1177 detulit.
1397 1135 1589 1186 Interim,
1623 1134 1721 1175 cum

94 1198 149 1239 30
168 1197 298 1240 sciret
333 1195 512 1237 Clodius
545 1197 705 1250 (neque
741 1193 856 1235 enim
892 1200 983 1234 erat
1020 1193 1192 1234 difficile
1232 1192 1362 1244 scire)
1390 1192 1471 1234 iter
1511 1192 1716 1242 sollenne,

167 1254 420 1311 legitimum,
458 1251 764 1303 necessarium,
801 1257 899 1292 ante
939 1249 1055 1292 diem
1103 1249 1195 1291 xiii.
1233 1249 1414 1292 Calend.
1458 1248 1598 1301 Febr„
1631 1247 1720 1289 Mi-

165 1311 254 1354 loni
304 1326 399 1353 esse
450 1308 688 1350 Lanuvium
744 1307 799 1349 ad
848 1307 1064 1350 flaminem
1104 1306 1415 1363 bprodendum,
1465 1305 1583 1363 quod
1633 1310 1722 1348 erat

477 1395 492 1412 ³
491 1388 788 1443 perturbabat.
1077 1386 1430 1429 ‘’nominandum.

213 1470 267 1502 15,
304 1468 480 1499 convocabat
505 1467 626 1507 tribus]
675 1466 815 1497 Primum
840 1471 923 1497 totus

170 1512 304 1553 populus
319 1512 481 1542 Romanus
493 1511 526 1541 in
543 1517 602 1541 tres
616 1515 720 1552 partes
733 1518 781 1540 est
795 1510 923 1545 divisus,

169 1557 254 1586 unde
269 1555 365 1585 tribus
380 1555 471 1585 dictae
488 1559 569 1585 sunt.
626 1554 688 1584 Sed
706 1553 826 1594 postea,
842 1563 924 1583 cres-

965 1465 1084 1497 vidiose
1106 1465 1138 1496 in
1155 1466 1301 1497 Clodium
1319 1465 1466 1507 loquitur,
1489 1464 1600 1506 utpote
1614 1465 1669 1506 qui
1685 1464 1724 1495 il-

967 1508 1066 1539 lorum
1083 1520 1241 1540 servorum
1257 1520 1388 1540 numero
1404 1510 1443 1540 ad
1457 1508 1628 1551 perniciem
1643 1507 1722 1540 Rei-

965 1552 1044 1592 pub.
1060 1553 1255 1584 abutebatur.

168 1604 260 1629 cente
277 1598 406 1639 populo,
430 1598 468 1627 ad
486 1597 612 1637 triginta
627 1596 777 1638 quinque,
801 1601 923 1626 servato

166 1641 262 1682 priori
276 1641 412 1677 nomine,
438 1645 656 1681 pervenerunt.
701 1639 794 1670 Porro
811 1639 871 1669 illae
893 1640 926 1670 in

168 1685 269 1715 curias
292 1685 398 1714 divisae
419 1689 501 1720 sunt,
524 1684 696 1724 inquibus,
719 1688 877 1723 tamquam
894 1684 926 1713 in

169 1728 277 1768 septis,
298 1738 494 1767 unaquaeque
510 1728 604 1756 tribus
620 1726 835 1757 continebatur
849 1731 928 1756 teni-

168 1781 247 1811 pore
263 1770 469 1802 comitiorum.
523 1769 569 1799 At
582 1770 711 1800 Clodius
725 1770 838 1810 agebat
852 1780 922 1800 cnm

169 1813 272 1849 curiis,
297 1820 342 1849 ut,
363 1813 480 1854 rejecto
511 1812 646 1848 Milone,
681 1812 849 1843 Metellum
875 1812 924 1842 vel

169 1856 345 1898 Hypsaeum
360 1856 432 1887 Cos.
448 1855 669 1886 renuntiarent.

213 1899 262 1929 ΙΙ).
273 1901 419 1930 Coloniam
429 1910 529 1928 novam
538 1899 704 1940 scribebam]
720 1898 848 1929 Clodius
857 1898 923 1939 pol-

168 1942 331 1978 licebatur,
355 1954 386 1973 se
409 1943 614 1972 deducturum
631 1942 782 1973 coloniam
798 1953 924 1978 novam,

171 1985 195 2015 si
214 1991 376 2026 praeturam
391 1991 616 2026 assequeretur.
663 1984 702 2014 Id
724 1989 826 2014 autem
840 1985 926 2014 dice-

170 2028 236 2067 bat,
262 2034 295 2058 ut
311 2030 350 2058 ad
366 2039 435 2058 suas
452 2033 554 2069 partes
572 2038 725 2068 pauperes
741 2028 925 2065 adduceret,

171 2082 340 2112 eorumque
356 2071 448 2101 ferret
465 2071 622 2110 suffragia,
647 2082 702 2111 spe
727 2081 879 2110 agrorum,
902 2070 927 2100 si

148 2112 154 2117 ⁴
169 2114 231 2156 ipsi
248 2116 486 2145 deducerentur.
540 2114 596 2154 [At
610 2116 674 2144 virle
688 2114 838 2156 inseritis]

216 2160 268 2188 16.
296 2157 440 2188 Scribebat
452 2157 585 2197 civium]
631 2157 693 2187 Eos
710 2156 799 2198 porro
816 2156 928 2186 scribe-

169 2201 235 2236 bat,
252 2206 385 2231 nontam
400 2202 438 2230 ad
451 2201 612 2230 fert-ndum
626 2200 816 2241 suffragium,
831 2199 924 2241 quain

171 2244 211 2273 ad
230 2244 291 2274 vini
307 2244 493 2274 faciendam.

216 2289 267 2317 17.
293 2287 381 2327 Hic.]
407 2287 488 2316 Milo
503 2286 615 2316 certior
626 2285 804 2316 consulatus
820 2286 926 2317 fiebat.

215 2333 267 2360 21.
294 2330 391 2360 Servos
418 2329 566 2370 agrestes]
613 2329 685 2359 Fuit
712 2329 924 2359 Romanorum

171 2373 303 2402 divitum
334 2373 538 2408 consuetudo,
563 2376 597 2401 ut
623 2372 734 2402 multos
760 2383 863 2402 servos
893 2372 927 2402 in

171 2415 251 2455 agris
264 2415 393 2450 alerent,
409 2421 441 2445 et
453 2415 535 2455 saepe
553 2415 613 2445 suis
628 2414 660 2444 in
676 2415 801 2454 praediis
816 2415 926 2445 decem

171 2469 278 2489 eorum
295 2458 388 2487 millia
405 2459 568 2488 haberent.

214 2503 266 2532 22.
295 2501 467 2541 Barbaros]
515 2501 579 2536 Qui
607 2500 857 2530 convocabantur
887 2511 924 2529 ex

168 2543 239 2574 aliis
252 2544 437 2579 nationibus,
453 2543 574 2573 barbari
584 2543 776 2579 dicebantur,
791 2543 840 2573 vel
853 2543 926 2583 quia

168 2586 335 2628 peregrina
350 2586 456 2627 lingua
472 2587 646 2622 utebantur,
671 2586 721 2616 vel
742 2586 816 2627 quia
834 2586 925 2616 mori-

168 2630 226 2660 bus
245 2635 332 2660 erant
346 2630 505 2660 immanes.

212 2672 260 2702 Ib.
285 2673 378 2703 Silvas
389 2673 517 2712 publicas
531 2672 720 2711 depopulatus
732 2671 821 2711 erat.]
867 2671 921 2701 In-

1010 1598 1062 1626 23.
1088 1595 1132 1625 Ex
1146 1596 1323 1638 Apennino]
1356 1596 1453 1626 Mons
1473 1600 1519 1626 est
1535 1594 1721 1636 Apenninus

970 1644 1123 1679 perpetuo
1146 1640 1208 1670 fere
1224 1640 1315 1671 dorso
1333 1639 1456 1670 ltaliam
1474 1639 1506 1670 in
1521 1639 1598 1670 duas
1619 1643 1723 1680 partes

972 1682 1126 1713 dividens.

1015 1727 1066 1758 26.
1092 1725 1247 1767 Favonio]
1292 1725 1446 1756 Favonius
1466 1725 1512 1756 vir
1526 1725 1586 1755 suit
1601 1725 1726 1756 amicis-

968 1768 1063 1799 simus
1088 1769 1213 1806 Catoni,
1244 1775 1277 1800 et
1300 1768 1366 1809 ejus
1389 1769 1570 1801 constantiae
1595 1774 1628 1799 et
1649 1769 1724 1799 doc-

968 1812 1055 1841 trinae
1072 1812 1210 1842 aemulus.

1012 1855 1065 1885 29.
1090 1855 1135 1884 Ad
1151 1855 1228 1885 hunc
1245 1855 1408 1896 Catonem]
1453 1855 1485 1885 Is
1507 1860 1554 1885 est
1575 1854 1654 1885 Cato
1669 1854 1724 1895 qui

967 1897 1076 1938 postea
1090 1898 1247 1929 Uticensis
1258 1899 1357 1929 dictus
1370 1904 1427 1934 est,
1444 1903 1476 1928 et
1488 1897 1659 1938 tumjudex
1675 1908 1724 1928 se·

969 1941 1075 1972 debat.

1013 1987 1067 2016 30.
1092 1983 1152 2014 Iter
1165 1983 1315 2024 sollenne]
1340 1984 1488 2015 Sollenne
1502 1983 1626 2020 dicitur,
1638 1984 1724 2025 quod

969 2027 1059 2057 certis
1075 2029 1262 2068 temporibus
1275 2027 1319 2058 fit.

1013 2072 1065 2101 31.
1090 2070 1294 2112 Legitimum]
1341 2070 1528 2111 Legitimum
1552 2075 1610 2108 est,
1639 2070 1724 2110 quod

969 2112 1039 2153 lege
1056 2114 1243 2150 fitetmore,
1264 2113 1400 2155 ideoque
1422 2114 1628 2145 necessarium
1653 2124 1727 2144 cen-

971 2162 1065 2188 setur.

1011 2199 1061 2229 ΙΙ),
1084 2200 1162 2230 Ante
1182 2201 1257 2231 diem
1280 2200 1343 2230 xiii.
1370 2199 1435 2231 Cal.
1456 2199 1556 2241 Febr-J
1601 2199 1640 2231 Id
1667 2204 1725 2236 est,

969 2242 1020 2272 die
1033 2243 1175 2274 Januarii
1190 2244 1351 2283 vigesimo.

1012 2288 1065 2317 32.
1090 2286 1286 2327 Lanuvium]
1331 2285 1506 2316 Lanuvium
1524 2285 1723 2326 municipium

967 2328 1037 2364 fuit,
1054 2330 1138 2370 quod
1156 2330 1252 2360 distat
1267 2330 1306 2360 ab
1323 2331 1397 2360 urbe
1413 2329 1517 2359 Roma
1539 2329 1639 2359 stadia
1659 2328 1723 2358 fere

972 2377 1110 2408 centum,
1133 2373 1215 2413 quod
1242 2373 1261 2403 a
1283 2372 1454 2411 Diomede,
1488 2377 1560 2413 post
1583 2381 1723 2402 eversam

970 2413 1095 2455 Trojam
1109 2415 1140 2445 in
1151 2415 1273 2446 Italiam
1285 2416 1429 2451 advecto,
1445 2415 1605 2445 conditum
1617 2418 1673 2449 est,
1690 2418 1727 2443 ut

970 2458 1065 2488 refert
1077 2457 1255 2498 Appianus,
1270 2458 1323 2489 lib.
1336 2461 1366 2489 2.
1378 2458 1451 2488 bell.
1465 2457 1548 2489 civil.
1587 2455 1642 2487 Ibi
1657 2462 1723 2487 erat

969 2499 1104 2531 Junonis
1131 2502 1262 2542 Sospitae
1297 2501 1447 2541 templum
1474 2499 1723 2536 celeberrimum,

969 2542 1020 2572 cui
1039 2543 1058 2573 εἰ
1081 2544 1233 2575 dictatore
1249 2544 1374 2585 singulis
1387 2544 1474 2574 annis
1488 2543 1632 2574 sacerdos
1648 2553 1724 2573 con-

970 2586 1163 2617 stituebatur.

1010 2628 1059 2661 Ib.
1094 2629 1284 2669 Flammam]
1344 2629 1472 2660 Flamen
1502 2639 1617 2659 nomen
1640 2639 1727 2659 com-

965 2680 1059 2703 mune
1086 2673 1146 2703 fuit
1172 2674 1384 2703 sacerdotum:
1423 2683 1495 2703 nam
1522 2672 1636 2702 flamen
1659 2677 1727 2702 erat

212 2751 232 2768 ’ἓ
257 2747 354 2777 Aliter
380 2748 500 2788 legitur,
525 2750 545 2766 “
564 2746 714 2779 Collinam
737 2756 863 2785 novam,
894 2745 932 2787 [i.
944 2756 968 2779 e.
992 2747 1126 2789 trib1‹m],
1149 2747 1274 2780 delectu
1302 2747 1578 2789 perditissimorum
1601 2746 1727 2783 civium,

166 2789 415 2823 conscribebat.”
