1759 2997
91 152 178 205 512
715 163 778 196 DE
801 163 1029 199 AMlciriA.

91 241 182 283 dire
203 244 402 299 nequeat,
424 238 552 296 hujus
575 239 690 282 salus
712 241 980 298 desperanda
1000 246 1080 284 est.
1132 240 1301 284 Scitum
1322 245 1389 284 est
1409 240 1524 284 enim
1545 241 1652 287 illud

91 298 287 350 Catonis,
319 304 367 339 ut
393 297 538 348 multa,
573 297 733 339 Melius
767 299 820 340 de
848 300 1110 355 quibusdam
1141 300 1318 342 acerbos
1338 298 1538 341 inimicos
1565 312 1653 343 me-

89 355 185 407 reri,
217 369 346 411 quam
377 368 450 395 eos
482 353 644 396 amicos
676 353 749 411 qui
781 355 929 397 dulces
960 357 1206 399 videantur:
1238 357 1334 398 illos
1363 370 1509 398 verum
1540 364 1653 414 saepe

89 412 246 462 dicere,
279 412 358 452 hos
390 425 622 466 nunquam.
683 413 828 467 Atque
857 412 963 454 illud
992 413 1225 454 absurdum
1245 419 1326 465 est,
1357 412 1475 469 quod
1497 413 1543 465 ii,
1575 414 1651 470 qui

87 474 327 516 monentur,
364 481 458 508 eam
490 467 744 520 molestiam,
778 483 907 524 quam
938 470 1100 511 debent
1133 485 1298 526 capere,
1328 484 1417 511 non
1447 469 1650 526 capiunt3‘

87 538 182 565 eam
204 524 391 581 capiunt,
423 524 510 580 qua
532 524 692 566 debent
711 540 876 567 vacare.
937 526 1154 568 Peccasse
1177 527 1288 568 enim
1311 541 1357 568 se
1378 541 1464 568 non
1487 540 1651 582 augum·

84 587 176 622 tur:
215 581 430 638 objurgari
461 581 640 622 moleste¹
670 583 835 634 ferunt;
880 581 998 639 quod
1037 582 1187 625 contra
1219 583 1458 640 oportebat,
1490 583 1650 626 delicto

88 636 247 686 dolere,
270 637 536 679 correctione
559 639 759 694 gaudere.

142 694 287 737 XXV.
348 694 409 735 Ut
446 694 576 751 igitur
614 701 657 736 et
687 710 859 737 monere
896 702 940 737 et
979 696 1143 738 moneri
1174 696 1395 754 proprium
1434 702 1501 738 est
1537 710 1649 739 verae

83 751 309 804 amicitiae3
341 758 384 792 et
401 751 580 792 alterum
600 751 732 794 libere
754 752 908 804 facere,
929 767 1015 794 non
1028 753 1203 810 aspere3
1235 755 1417 795 alterum
1437 753 1651 810 patienter

81 808 294 864 accipere,
329 823 416 849 non
446 815 753 864 repugnantem
789 810 852 851 sic
879 810 1126 851 habendum
1160 817 1239 861 est,
1272 812 1433 851 nullam
1464 810 1510 851 in
1545 810 1652 851 ami-

83 865 197 905 citiis
212 870 377 920 pestem
396 878 490 905 esse
509 866 726 920 majorem,
744 865 876 921 quam
892 867 1197 918 adulationem,
1213 867 1484 919 blanditiam,
1502 880 1650 909 assen-

79 921 312 962 tationem:
345 918 538 976 quamvls
570 921 685 962 enim
715 922 862 963 multis
893 923 1138 965 nominibus
1171 931 1239 965 est
1268 924 1355 965 hoc
1390 924 1543 965 vitium
1572 938 1649 966 no-

77 978 272 1029 tandum,
308 977 468 1018 levium
504 978 726 1018 hominum
755 985 884 1033 atque
915 979 1147 1031 fallacium,
1189 981 1244 1020 ad
1281 980 1548 1022 voluntatem
1584 981 1648 1023 lo-

78 1035 302 1091 quentium
334 1033 490 1083 omnia,
521 1034 628 1075 nihil
659 1034 714 1075 ad
745 1036 982 1076 veritatem.
1044 1035 1154 1077 Cum
1187 1042 1331 1077 autem
1363 1035 1555 1078 omnium
1583 1051 1649 1079 re·

77 1106 168 1132 rum
193 1091 411 1133 simulatio
434 1098 499 1132 est
518 1090 678 1132 vitiosa
705 1091 840 1143 (tollit
864 1091 977 1133 enim
999 1092 1216 1148 judicium
1244 1093 1347 1144 veri,
1377 1093 1508 1149 idque
1528 1093 1649 1135 adul-

76 1151 218 1200 terat),
241 1154 332 1189 tum
348 1147 549 1188 amicitiae
563 1154 776 1204 repugnat
792 1148 999 1190 maxime:
1032 1149 1150 1190 delet
1165 1149 1278 1191 enim
1291 1149 1530 1202 veritatem,
1552 1148 1645 1192 sine

76 1204 164 1261 qua
184 1218 341 1245 nomen
362 1204 564 1245 amicitiae
583 1205 723 1246 valere
744 1220 830 1246 non
852 1213 1010 1261 potest.
1081 1206 1210 1258 Nam,
1242 1206 1339 1248 cum
1361 1206 1560 1248 amicitiae
1580 1206 1646 1249 vis

76 1261 133 1302 sit
154 1261 198 1302 in
219 1276 286 1313 eo,
317 1267 364 1302 ut
383 1276 492 1302 unus
512 1261 634 1318 quasi
655 1262 820 1304 animus
842 1264 919 1303 fiat
940 1277 992 1304 ex
1014 1263 1236 1318 pluribus3
1268 1263 1342 1320 qui
1373 1263 1418 1304 id
1450 1263 1545 1305 fieri
1567 1278 1647 1320 po-

73 1317 187 1369 terit,
221 1318 257 1359 si
278 1332 331 1359 ne
364 1317 408 1358 in
439 1332 522 1359 uno
558 1319 735 1375 quidem
763 1334 936 1376 quoque
965 1334 1076 1360 unus
1107 1321 1275 1361 animus
1304 1319 1398 1372 erit,
1444 1319 1645 1377 idemque

74 1388 256 1431 semper,
288 1375 365 1416 sed
386 1375 538 1427 varius,
559 1376 891 1426 commutabilis,
912 1376 1162 1432 multiplex?
1223 1376 1340 1425 Quid
1361 1376 1475 1421 enim
1496 1383 1643 1433 potest

74 1446 168 1473 esse
189 1439 278 1474 tam
298 1431 503 1484 flexibile,
535 1439 623 1474 tam
645 1432 832 1484 devium,
865 1433 994 1489 quam
1016 1433 1183 1475 animus
1213 1435 1322 1490 ejus,
1353 1433 1427 1489 qui
1454 1434 1509 1474 ad
1538 1434 1645 1475 alte·

73 1487 161 1530 rius
192 1504 281 1530 non
311 1488 438 1530 modo
469 1503 643 1531 sensum
674 1504 725 1532 ac
755 1491 1036 1543 voluntatem,
1068 1491 1145 1532 sed
1176 1491 1307 1533 etiam
1326 1491 1490 1532 vultum
1510 1496 1642 1547 atque

72 1552 239 1597 nutum,
273 1545 560 1587 convertitur?
1630 1570 1633 1572 v

77 1611 80 1614 “
128 1604 276 1656 Negat
298 1606 423 1656 quis?
453 1618 572 1656 nego.
623 1604 727 1646 Ait?
758 1606 838 1646 aio.
894 1605 1112 1647 Postrema
1127 1607 1507 1660 imperaviegomet
1520 1607 1640 1656 mihi,

131 1662 287 1701 Omnia
311 1663 540 1711 assentari,

71 1721 120 1757 ut
150 1715 210 1757 ait
239 1715 354 1758 idem
383 1716 634 1769 Terentius3
675 1717 752 1759 sed
794 1717 864 1758 ille
905 1718 949 1759 in
990 1717 1235 1760 Gnathonis
1272 1717 1482 1774 persona3
1520 1717 1639 1774 quod

71 1772 199 1813 amici
231 1787 367 1829 genus
403 1773 621 1825 adhibere,
655 1775 828 1816 omnino
849 1774 1038 1816 levitatis
1060 1781 1139 1816 est.
1201 1774 1334 1815 Multi
1355 1781 1500 1816 autem
1522 1775 1640 1816 Gna-

69 1829 252 1870 thonum
271 1829 449 1879 similes,
482 1830 580 1871 cum
609 1832 710 1879 sint,
742 1832 856 1882 1000,
886 1831 1075 1882 fortuna,
1106 1832 1233 1881 fama,
1267 1831 1532 1886 superiores;
1563 1831 1639 1873 ho-

69 1899 162 1926 rum
183 1892 249 1927 est
268 1887 503 1928 assentatio
525 1888 722 1938 molesta,
743 1887 839 1929 cnm
860 1888 914 1929 ad
932 1888 1164 1929 vanitatem
1185 1887 1370 1929 accessit
1386 1887 1636 1930 auctoritas.

71 1942 246 1983 Secerni
268 1950 412 1984 autem
433 1944 615 1985 blandus
635 1945 799 1986 amicus
823 1943 848 1985 a
868 1959 982 1995 vero,
1016 1951 1059 1986 et
1079 1943 1331 1995 internosci,
1362 1950 1450 1985 tam
1471 1949 1634 2000 potest,

69 1998 264 2040 adhibita
293 1999 535 2056 diligentia,
575 2000 708 2057 quam
742 2000 884 2042 omnia
915 2001 1060 2043 fucata
1092 2007 1135 2042 et
1165 2001 1367 2042 simulata
1396 1999 1422 2041 a
1452 2001 1633 2043 sinceris

69 2062 196 2112 atque
215 2055 341 2097 veris.
405 2056 587 2108 Concio,
620 2073 714 2113 quae
746 2072 798 2098 ex
825 2057 1155 2113 imperitissimis
1184 2064 1370 2108 constat,
1402 2063 1546 2099 tamen
1563 2059 1635 2115 ju·-

68 2112 211 2153 dicare
234 2114 358 2165 solet,
390 2113 494 2168 quid
516 2113 685 2155 intersit
704 2114 814 2155 inter
834 2115 1099 2170 popularem,
1133 2114 1177 2156 id
1211 2121 1292 2166 est,
1322 2121 1634 2157 assentatorem

68 2175 111 2210 et
130 2169 268 2211 levem
290 2170 442 2221 civem,
464 2177 507 2211 et
527 2170 637 2211 inter
657 2177 942 2219 constantem,
976 2186 1182 2222 severum,
1214 2176 1258 2212 et
1284 2185 1470 2227 gravem.
1530 2171 1634 2220 Qui-

66 2225 146 2266 bus
182 2226 404 2268 blanditiis
437 2226 487 2268 C.
520 2226 719 2283 Papirius
755 2242 891 2283 nuper
920 2228 1128 2269 influebat
1162 2228 1206 2269 in
1241 2241 1363 2269 aures
1395 2227 1633 2281 concionis,

67 2281 165 2323 cum
181 2282 307 2324 ferret
322 2284 462 2339 legem
479 2284 532 2325 de
549 2284 732 2325 tribunis
750 2284 890 2340 plebis
904 2285 1147 2327 reficiendis
1162 2285 1170 2325 ἔ
1222 2284 1518 2326 Dissuasimus
1536 2294 1631 2327 nos.

68 2338 155 2379 Sed
187 2339 292 2379 nihil
323 2340 376 2381 de
411 2355 502 2381 me:
547 2341 600 2382 de
637 2340 838 2397 Scipione
875 2341 1017 2383 dicam
1053 2341 1273 2383 libentius.
1355 2341 1529 2389 Quanta
1547 2341 1630 2383 ‘illa

66 2395 145 2447 (dii
168 2394 428 2437 immortales
446 2397 473 2448 !)
503 2396 584 2438 fuit
605 2398 816 2454 gravitas!
848 2405 1009 2454 quanta
1029 2397 1072 2439 in
1103 2398 1295 2440 oratione
1323 2397 1549 2454 majestas!
1581 2401 1630 2439 ut

65 2450 192 2493 facile
200 2452 353 2494 ducem
364 2452 814 2508 populiRomani,non
823 2455 1040 2506 comitem,
1052 2455 1233 2496 diceres.
1253 2455 1360 2507 (Sed
1374 2454 1572 2503 affuistis,
1583 2459 1628 2495 et

65 2514 132 2549 est
147 2508 189 2549 in
207 2510 404 2551 manibus
422 2509 591 2562 oratio.)
656 2511 807 2566 Itaque
828 2511 898 2552 lex
921 2512 1138 2567 popularis
1160 2510 1375 2567 suffragiis
1397 2510 1542 2567 populi
1564 2519 1629 2552 rei-

63 2565 243 2621 pudiata
264 2573 342 2607 est.
403 2567 548 2622 Atque
572 2570 637 2622 (ut
657 2568 711 2608 ad
733 2582 799 2608 me
821 2568 1010 2619 redeam)
1041 2568 1314 2618 meministis,
1336 2567 1391 2615 Q.
1413 2567 1626 2620 Maximo,

64 2622 192 2663 fratre
224 2621 457 2679 Scipionis,
491 2629 535 2664 et
556 2624 600 2664 L.
624 2623 831 2665 Mancino
853 2624 1119 2676 consulibus,
1151 2623 1282 2681 quam
1312 2624 1532 2680 popularis
1553 2624 1625 2667 lex

64 2678 118 2720 de
133 2679 449 2721 sacerdotiisC.
462 2679 614 2721 Licinii
626 2679 769 2722 Crassi
784 2681 1027 2723 videbatur:
1045 2680 1266 2738 cooptatio
1285 2680 1400 2721 enim
1417 2680 1624 2738 collegio·-

62 2747 154 2777 rum
171 2735 225 2776 ad
242 2735 391 2792 populi
406 2736 664 2779 beneficium
681 2738 1027 2780 transferebatur.
1084 2737 1230 2794 Atque
1246 2737 1282 2778 is
1303 2736 1484 2794 primum
1499 2736 1621 2779 insti>-

60 2791 144 2836 tuit
162 2791 208 2836 in
228 2793 366 2837 forum
386 2808 534 2838 versus
554 2808 680 2850 agere
702 2810 800 2839 cum
820 2796 983 2852 populo
1001 2812 1011 2840 :
1042 2800 1184 2840 tamen
1205 2793 1321 2839 illius
1356 2793 1622 2838 vendibilem·
