1838 3017
703 118 962 153 munimem
988 120 1034 152 11.
1633 118 1719 161 415

90 196 371 248 meminisset,
407 196 503 239 cum
536 203 708 239 senatus
744 198 788 239 in
822 198 905 238 hoc
939 197 1100 253 templo
1137 200 1265 247 esset,
1299 193 1342 236 in
1375 194 1484 238 clivo
1517 193 1644 251 Capi-

94 255 232 296 tolino
255 269 340 296 non
361 253 464 295 fuit?
495 255 591 310 quis
623 269 778 296 nomen
809 268 894 295 non
917 254 1060 295 dedit?
1093 250 1352 310 quamquam
1382 266 1462 294 nec
1493 252 1646 293 scribae

98 312 307 361 sufficere,
330 325 409 352 nec
430 311 585 352 tabulae
607 312 781 352 nomina
801 310 966 352 illorum
988 326 1152 366 capere,
1178 315 1416 366 potuerunt.
1459 308 1646 359 Etenim,

100 368 199 409 cum
217 367 411 410 homines
442 368 590 409 nefarii
612 368 664 409 de
689 367 835 424 patriae
865 367 1093 423 parricidio
1115 367 1432 415 confiterentur,
1455 364 1648 408 conscio-

101 439 194 466 rum
225 423 410 472 indiciis‚
441 424 518 466 susi
550 439 692 476 manu,
714 440 818 467 voce
849 423 969 480 paent·
1001 425 1214 464 literarum
1245 422 1399 471 coacti,
1421 437 1466 464 se
1488 421 1649 463 Urbem
1668 419 1724 462 70

101 480 377 531 inflammare,
398 481 510 523 cives
530 482 755 530 trucidare,
777 489 940 522 vastare
967 480 1148 531 ltaliam,
1169 479 1309 520 delere
1329 478 1650 536 rempublicam,

101 537 392 588 consensisse3
423 538 519 595 quis
540 546 667 590 esset,
689 539 762 594 qui
784 538 838 579 ad
859 538 1035 579 salutem
1052 549 1321 578 communem
1338 535 1653 576 defendendam

103 609 190 636 non
210 594 494 637 excitaretur?
527 597 758 652 praesertim
791 594 887 636 cum
921 601 1092 635 senatus
1123 593 1393 648 populusque
1430 591 1653 633 Romanus

102 650 281 696 haberet
298 652 466 704 ducem,
489 652 626 708 qualis
645 652 681 693 si
703 651 796 708 quis
818 665 931 692 nunc
953 657 1080 702 esset,
1099 649 1177 690 tibi
1200 648 1327 700 idem,
1345 648 1460 704 quod
1482 648 1568 689 illis
1585 663 1654 690 ac-

104 706 226 758 cidit,
245 709 512 766 contigisset.

165 764 243 806 IV.
274 765 342 806 Ad
365 766 622 821 sepulturam
644 779 796 820 corpus
818 763 954 805 vitrici
977 763 1041 804 sui
1063 769 1191 819 negat
1215 762 1238 803 -ἲι
1259 776 1325 803 me
1347 761 1507 804 datum.
1558 761 1657 805 Hoc

106 823 206 863 vero
236 835 288 862 ne
320 821 371 862 P.
403 821 575 877 quidem
607 820 786 862 Clodius
817 820 926 861 dixit
957 834 1167 875 unquam:
1200 833 1341 875 quem,
1363 818 1465 874 quia
1488 820 1584 874 jure
1616 819 1656 861 ei

105 877 167 919 fui
187 877 401 929 inimicus,
423 877 548 919 doleo
568 877 594 919 ἐι
613 884 654 919 te
670 877 761 934 jam
782 877 978 918 omnibus
999 877 1112 917 vitiis
1135 891 1228 918 esse
1251 883 1507 931 superatum.
1540 876 1658 924 Quid

106 940 252 989 autem
285 933 363 976 tibi
397 934 513 976 venit
543 935 585 976 in
622 941 806 976 mentem
843 934 1060 990 aredigere
1093 934 1136 974 in
1173 933 1418 974 memoriam
1452 940 1657 985 nostram,

107 997 151 1032 te
173 990 288 1033 domi
319 990 370 1034 P.
393 990 560 1032 Lentuli
583 1006 677 1032 esse
699 990 957 1032 educatum?
989 1005 1043 1030 an
1061 990 1273 1039 verebare,
1294 1004 1347 1031 ne
1374 1003 1461 1031 non
1488 996 1659 1045 putare·
1704 987 1734 1029 5

108 1061 204 1089 mus
234 1048 386 1089 natur-22
414 1055 457 1090 te
488 1048 680 1104 potuisse
700 1055 787 1089 tam
818 1042 1058 1104 improbum
1079 1046 1271 1096 evadere,
1293 1046 1374 1087 nisi
1406 1047 1662 1089 accessisset

91 1104 237 1146 ‘etiam
258 1104 488 1161 disciplina
500 1105 516 1145 ’ἶ
575 1104 680 1146 Tam
711 1111 854 1146 autem
886 1118 977 1145 eras
999 1104 1189 1155 bexcors,
1212 1110 1260 1144 ut
1280 1103 1374 1144 tota
1403 1103 1447 1143 in
1470 1103 1661 1146 oratione

107 1161 183 1202 tua
204 1168 346 1203 tecum
367 1161 457 1217 ipse
479 1176 716 1219 pugnares3
748 1168 796 1202 ut
815 1175 900 1202 non
930 1159 1059 1202 modo
1080 1175 1166 1202 non
1188 1159 1446 1201 cohaerentia
1475 1159 1585 1202 inter
1614 1175 1661 1202 se

109 1217 289 1268 diceres,
311 1219 387 1260 sed
408 1218 592 1259 maxime
613 1219 828 1274 disjuncta
847 1225 976 1273 atque
999 1217 1234 1266 contraria;
1265 1223 1312 1257 ut
1332 1231 1418 1258 non
1436 1223 1556 1258 tanta
1576 1232 1663 1259 me-

110 1289 222 1324 cum,
247 1280 405 1331 quauta
425 1282 581 1324 tecum,
602 1274 682 1316 tibi
703 1280 818 1316 esset
837 1273 1073 1315 contentio.
1131 1272 1343 1314 Vitricum
1365 1280 1486 1314 tuum
1507 1273 1550 1315 in
1571 1280 1662 1315 tan-
1683 1270 1738 1313 10

110 1336 156 1372 to
178 1330 311 1372 fuisse
332 1332 491 1372 scelere
512 1331 726 1382 fatebare3
756 1330 889 1387 poena
915 1329 1118 1372 affectum
1138 1330 1384 1385 querebare.
1444 1329 1525 1382 Ita,
1547 1331 1665 1386 quod

111 1386 282 1444 proprie
312 1401 454 1430 meum
485 1394 563 1439 est,
586 1388 794 1439 laudasti3
827 1386 945 1443 quod
973 1393 1114 1428 totum
1143 1386 1316 1428 senatus
1339 1392 1418 1438 est,
1440 1387 1667 1442 reprehen-

112 1443 239 1486 disti:
269 1458 370 1485 nam
400 1445 723 1500 comprehensio
754 1443 955 1494 sontium,
987 1458 1110 1496 mea3
1140 1442 1468 1494 animadversio,
1491 1443 1665 1485 senatus

1673 703 1729 744 75

10 1556 13 1563 s
66 1540 71 1553 Ι,
89 1499 208 1568 βαιὴ.
269 1500 412 1542 Homo
432 1501 616 1543 disertus
636 1515 722 1542 non
745 1500 959 1555 intelligit,
981 1515 1090 1551 eum,
1106 1515 1241 1562 'quem
1268 1506 1417 1541 eontra
1436 1499 1557 1552 dicit,
1577 1501 1666 1541 lau-

101 1552 204 1598 ‘dari
225 1556 252 1597 ὲ
271 1571 343 1608 se3
374 1571 463 1609 eos,
478 1552 597 1614 ‘esp‘ud
619 1573 728 1614 quos
749 1557 868 1605 dicit,
889 1556 1118 1613 vituperari
1191 1556 1287 1597 Jam
1308 1556 1414 1597 illud
1436 1558 1560 1612 cujus
1583 1564 1663 1608 est,
1689 1555 1742 1597 15

111 1628 202 1656 non
245 1612 343 1656 dico
384 1615 591 1666 audaciae,
622 1614 761 1671 (cupit
799 1613 912 1656 enim
954 1627 999 1656 se
1040 1614 1249 1654 audacem
1291 1613 1395 1665 dici)
1427 1614 1503 1654 sed
1532 1614 1668 1670 (quod

113 1669 290 1713 minime
317 1671 425 1723 vult)
454 1671 662 1721 stultitiae,
685 1672 769 1727 quei
795 1669 931 1711 vincit
961 1684 1123 1721 omnes,
1154 1669 1254 1711 clivi
1286 1669 1520 1725 Capitolini
1552 1686 1670 1712 men-

116 1727 279 1770 tionem
316 1727 471 1780 facere,
504 1727 601 1769 cum
641 1728 752 1769 inter
785 1726 989 1769 subsellia
1036 1733 1182 1768 nostra
1217 1733 1439 1768 versentur
1486 1727 1670 1769 armati?

117 1784 214 1827 cum
244 1783 289 1825 in
319 1784 404 1826 hac
435 1784 546 1826 cella
579 1783 847 1835 Concordiae,
879 1787 922 1835 (o
960 1781 1020 1825 dii
1055 1783 1318 1824 immortales
1335 1783 1362 1835 !)
1396 1783 1440 1824 in
1471 1785 1572 1840 qua,
1601 1799 1670 1826 me

116 1841 305 1895 consule,
336 1842 546 1884 salutares
579 1841 802 1898 sente‘ntiae
834 1840 962 1882 dictae
993 1847 1105 1892 sunt,
1138 1838 1292 1897 quibus
1325 1840 1380 1882 ad
1410 1840 1523 1884 hanc
1558 1842 1672 1884 diem
1689 1839 1747 1882 20

462 2001 475 2021 J
489 1997 628 2023 ''eL'Os‘CI
637 1997 687 2022 ''C-

164 2120 217 2153 66.
240 2119 321 2151 Clito
336 2120 526 2161 Capitolium]
562 2120 671 2152 Statim
687 2124 780 2161 atque
794 2119 876 2160 peri-

120 2163 224 2194 culum
240 2164 365 2205 aliquod
382 2165 544 2195 seditionis
559 2170 612 2194 aut
628 2163 774 2193 tumultus
797 2163 878 2193 orie-

121 2207 222 2243 batur,
247 2208 420 2248 pergebant
442 2207 525 2238 cives
551 2208 590 2237 ad
614 2206 817 2248 Capitolium,
843 2211 879 2238 ut

124 2249 198 2280 inde
214 2251 318 2280 urbem
334 2250 551 2280 defenderent.
678 2254 683 2259 '

168 2293 220 2322 67.
246 2292 317 2327 Quis
331 2304 429 2323 nomen
443 2304 500 2323 non
516 2292 635 2332 dadin]
686 2291 807 2322 Milites
823 2292 879 2322 da.

124 2335 202 2365 bant
211 2335 419 2372 no1nina,csnn
429 2346 533 2367 eorum
545 2335 684 2366 delectus
695 2335 880 2372 habebatur,

125 2378 241 2409 deinde
256 2378 372 2409 militiae
393 2384 585 2410 sacramento
600 2378 879 2419 obstringebantur.

171 2423 224 2453 69.
248 2421 429 2453 consciorum
441 2422 581 2463 indiciis]
626 2420 741 2451 Praeter
757 2420 882 2460 multos,

129 2464 287 2506 Caeparius
302 2465 442 2506 quidam,
457 2465 520 2495 fide
542 2463 670 2506 publica
691 2463 884 2504 interposita,

129 2512 225 2538 totam
247 2507 490 2549 conjurationem
513 2507 682 2548 patefecit3
708 2506 813 2547 quare,
833 2506 884 2536 vel

129 2550 255 2591 propria
278 2551 472 2582 consessione
501 2550 649 2587 convicti,
672 2548 885 2590 conjuratores

131 2593 329 2624 condemnati
343 2599 424 2624 sunt.
510 2593 513 2599 ”
654 2621 660 2625 .

173 2637 228 2667 74.
250 2634 376 2673 'aberet
385 2636 514 2678 ducenu]
537 2635 704 2668 Detectam
718 2635 800 2666 hanc
812 2645 886 2666 con-

128 2677 316 2719 jurationem
344 2680 489 2711 exstinxit
513 2679 630 2711 consul.
647 2679 769 2714 cicero,
791 2688 885 2718 quem

132 2721 246 2752 ducem
261 2726 326 2753 tum
342 2733 413 2756 cum
425 2723 510 2756 omni
522 2727 632 2756 senatu
646 2722 781 2766 populus
794 2731 883 2752 secu-

132 2768 180 2795 tus
195 2769 251 2795 est.

1120 1980 1318 2023 bstultus.

962 2119 1011 2150 Ib.
1038 2119 1122 2154 Quod
1137 2120 1196 2150 illis
1207 2120 1340 2161 accidit]
1386 2120 1418 2151 Si
1441 2120 1508 2162 quis
1523 2119 1586 2161 jam
1601 2129 1677 2150 con-

920 2161 966 2193 sul
983 2162 1130 2194 Ciceroni
1153 2163 1259 2193 similis
1283 2169 1376 2202 esset,
1392 2163 1547 2194 Antonius
1562 2164 1676 2193 eodem

921 2205 1088 2246 supplicio,
1105 2216 1167 2247 quo
1181 2205 1354 2237 Catilinarii
1376 2207 1597 2249 conjuratores,
1612 2205 1678 2237 affi-

923 2254 1053 2280 ceretur.

970 2295 997 2321 1.
1021 2292 1068 2322 Ad
1081 2291 1283 2331 sepulturam]
1315 2291 1443 2334 Objecit
1453 2291 1610 2322 Antonius
1624 2291 1678 2324 Ci-

924 2335 1040 2371 ceroni,
1057 2335 1140 2375 quud
1159 2334 1372 2375 sepeliendum
1387 2335 1509 2366 Lentuli
1527 2335 1612 2365 Surae
1626 2345 1679 2365 ca-

923 2378 1016 2408 daver
1032 2377 1214 2419 denegarat.
1244 2378 1338 2414 Quod
1350 2378 1460 2411 falsum
1476 2377 1569 2409 fuisse
1585 2378 1681 2408 docet

926 2420 1109 2452 Plutarchus
1123 2421 1155 2450 in
1170 2420 1322 2452 Antonio.

970 2465 1003 2494 5.
1026 2463 1114 2494 Domi
1128 2463 1278 2505 Lentuli]
1323 2463 1472 2495 Lentulus
1494 2463 1547 2494 ille
1569 2462 1681 2493 nobilis

927 2506 1053 2547 quidem
1067 2506 1135 2543 suit,
1158 2508 1211 2538 sed
1236 2506 1378 2537 omnibus
1392 2507 1516 2548 flagitiis
1536 2505 1682 2547 inquina-

927 2554 988 2580 tus.
1033 2549 1118 2580 Vide
1134 2548 1292 2582 Plutarch.
1309 2550 1340 2580 in
1357 2549 1424 2581 Cic.

973 2594 1024 2622 19.
1050 2591 1087 2622 In
1113 2591 1166 2622 Mc
1190 2593 1261 2623 cella
1285 2592 1472 2632 Concmdiae]
1515 2590 1682 2632 Templum

930 2633 1115 2665 Concordiae
1138 2635 1170 2666 in
1191 2635 1273 2666 clivo
1298 2635 1476 2675 Capitolino
1501 2634 1580 2673 fuit3
1601 2634 1682 2666 cella

930 2677 1004 2708 ver&
1019 2688 1090 2718 pars
1105 2684 1172 2709 erat
1186 2678 1306 2719 templi,
1322 2678 1375 2707 ubi
1397 2687 1444 2710 res
1458 2677 1564 2710 divina
1575 2677 1683 2715 fiebat,

928 2725 961 2752 et
975 2720 1028 2753 ubi
1042 2721 1178 2754 numinis
1190 2720 1395 2756 simulacrum.
