1858 3095
624 218 714 252 prro
737 215 857 251 LEGE
881 192 1092 250 nummii.
1649 217 1705 260 55

77 302 227 341 contra
242 297 466 356 praedones
478 296 784 339 constituendo
796 296 936 352 legem
951 295 1293 351 promulgasset:
1314 297 1358 334 et
1370 305 1422 334 ex
1435 291 1520 334 hoc
1536 293 1630 349 ipso

78 357 177 398 loco
200 356 407 413 permulta
422 355 536 396 idem
552 360 703 395 contra
734 355 873 409 legem
892 353 1022 393 verba
1038 351 1203 393 fecisti:
1225 361 1237 393 r
1254 350 1392 398 Quid?
1428 356 1518 390 tum
1540 354 1634 404 (per

78 413 183 454 deos
201 411 498 461 immortales!)
519 411 554 452 si
572 410 665 466 plus
679 411 793 466 apud
814 409 1019 466 populum
1039 407 1282 450 Romanum
1296 405 1527 448 auctoritas
1548 413 1634 455 tua,
1651 407 1707 447 <20

80 468 212 526 quam
232 469 365 526 ipsius
383 467 529 524 populi
552 466 736 508 Romani
759 466 889 516 salus,
912 473 956 506 et
975 466 1099 506 l’vera
1115 479 1247 506 causa
1266 463 1488 513 valuisset,
1504 461 1634 503 hodie

78 526 191 568 hanc
226 524 421 582 gloriam,
453 532 580 580 atque
619 523 703 564 hoc
737 523 851 564 orbis
873 530 993 563 terrae
1016 521 1252 577 imperium,
1285 519 1550 561 teneremus?
1583 533 1637 559 an

80 583 160 624 tibi
181 588 272 623 tum
293 580 517 637 imperium
535 595 630 621 esse
650 580 735 621 hoc
758 579 996 628 videbatur,
1010 577 1108 619 cum
1128 577 1273 633 populi
1287 575 1469 617 Romani
1488 574 1639 631 legati,

80 645 298 696 praetores,
329 643 666 693 quaestoresque,
699 635 1010 692 capiebantur?
1043 634 1140 675 cum
1161 648 1213 674 ex
1235 632 1432 674 omnibus
1468 631 1639 688 provin-

82 695 162 737 ciis
208 701 451 735 commeatu
497 699 541 735 et
582 693 746 749 privato
778 698 822 733 et
857 689 1034 747 publico
1065 689 1422 745 prohibebamur?
1455 687 1551 729 cum
1582 688 1641 728 ita
1658 689 1712 730 25

82 751 229 793 clausa
258 757 378 792 erant
407 750 533 792 nobis
565 749 708 791 onmia
738 747 883 798 maria,
916 753 964 787 ut
994 759 1132 802 neque
1154 745 1363 802 privatam
1384 759 1473 786 rem
1505 750 1644 785 trans-

84 806 305 858 marinam,
335 821 474 863 neque
505 805 739 863 publicam,
764 805 857 859 jam
899 802 1015 844 obire
1046 817 1270 858 possemus
1283 802 1300 842 ’ἒ
1349 802 1468 850 ‘Quae
1490 801 1643 842 civitas

83 862 211 906 antea
241 877 431 920 unquam
471 862 568 910 fuit,
617 875 703 903 non
751 860 851 902 dico
882 859 1227 906 Atheniensium,
1274 873 1369 914 quae
1418 857 1522 899 satis
1558 856 1645 899 late

84 920 302 978 quondam
322 934 437 961 mare
459 919 648 961 tenuisse
669 917 851 968 dicitur3
882 930 969 957 non
990 915 1425 971 Carthaginiensium,
1448 914 1522 970 qui
1552 929 1647 970 per-

85 976 268 1019 multum
298 977 436 1018 classe
469 974 776 1030 maritimisque
798 974 924 1014 rebus
960 973 1213 1024 valuerunt3
1243 986 1330 1013 non
1361 971 1647 1022 Rhodiorum,
1665 973 1718 1014 30

87 1047 264 1090 quorum
287 1048 424 1089 usque
447 1033 501 1074 ad
522 1038 711 1074 nostram
742 1029 991 1072 memoriam
1011 1028 1244 1084 disciplina
1263 1027 1426 1069 navalis
1449 1035 1491 1069 et
1512 1028 1650 1084 gloria

87 1089 316 1140 remansit;
347 1105 442 1146 quae
464 1089 613 1131 civitas
635 1102 823 1143 unquam
851 1084 976 1127 ante-22
998 1092 1085 1126 tam
1107 1085 1265 1137 tenuis,
1297 1100 1392 1141 quae
1413 1092 1501 1126 tam
1522 1099 1650 1140 parva

87 1146 228 1188 insula
247 1146 343 1196 fuit,
376 1161 472 1202 quae
492 1160 580 1187 non
615 1152 764 1201 portus
797 1157 898 1184 suos
938 1149 981 1184 et
1016 1156 1157 1198 agrOS‚
1190 1148 1234 1183 et
1268 1143 1456 1198 aliquam
1486 1149 1652 1197 partem

89 1203 281 1259 regionis
311 1210 442 1259 atque
474 1216 558 1243 orae
589 1200 828 1251 maritimae,
846 1213 920 1255 per
940 1213 986 1239 se
1003 1199 1097 1254 ipsa
1119 1197 1396 1239 defenderet?
1456 1199 1530 1246 At,
1551 1198 1652 1239 her-

92 1260 174 1310 cle,
206 1259 370 1315 aliquot
389 1273 525 1300 annos
545 1257 774 1300 continuos
797 1263 896 1297 ante
918 1255 1058 1311 legem
1087 1254 1333 1306 Gabiniam,
1361 1255 1432 1296 ille
1466 1255 1654 1311 populus
1671 1258 1726 1298 35

91 1315 329 1366 Romanus,
347 1316 471 1370 cujus
489 1329 625 1370 usque
643 1313 697 1354 ad
717 1320 907 1354 nostram
928 1311 1176 1352 memoriam
1196 1325 1353 1352 nomen
1377 1311 1588 1352 invictum
1610 1311 1656 1352 in

91 1371 314 1413 navalibus
344 1370 502 1427 pugnis
523 1376 828 1425 permanserat,
859 1367 1029 1424 magna,
1061 1375 1104 1408 et
1133 1367 1268 1407 multo
1300 1367 1489 1408 maxima
1519 1374 1656 1423 parte,

90 1442 180 1474 non
209 1426 338 1469 modo
367 1426 582 1474 utilitatis,
613 1426 690 1466 sed
722 1423 945 1481 dignitatis
978 1430 1111 1479 atque
1129 1423 1316 1478 imperii,
1348 1423 1497 1465 caruit.
1550 1423 1659 1475 Nos,

94 1498 276 1542 quorum
295 1484 478 1541 majores
494 1483 762 1525 Antiochum
775 1495 919 1538 regem
941 1481 1096 1532 classe,
1113 1479 1376 1536 Persenque,
1391 1479 1658 1537 superarunt,

804 1674 821 1698 ¹²
835 1675 959 1716 bona.

100 1878 295 1918 Trebellius3
319 1883 413 1920 atque
428 1877 472 1910 ita
488 1878 536 1910 lex
554 1878 573 1909 ἃ
589 1876 727 1910 Gabinio
752 1877 792 1908 de
812 1878 859 1919 pi-

101 1923 175 1953 ratis
197 1922 422 1963 persequendis
443 1922 506 1953 lata
528 1928 594 1953 est:
628 1922 671 1951 ita
697 1920 862 1952 Asconius.

102 1965 208 1995 Vocat
221 1970 326 1996 autern
338 1964 436 1995 virum
457 1965 567 1995 fortem
581 1963 761 2000 Gabinium,
777 1964 861 2004 quia.

103 2014 210 2038 contra
224 2007 349 2038 senatus
364 2007 570 2046 voluntatem,
585 2014 617 2038 et
629 2007 756 2048 eollegae
771 2007 867 2037 inter-

105 2050 289 2086 cessionem,
305 2052 384 2081 hanc
397 2050 498 2091 legem
515 2051 596 2082 tulit.

153 2094 205 2124 18.
249 2091 293 2122 Ex
315 2093 364 2122 hoc
384 2094 444 2133 ipso
465 2094 548 2134 loco.]
594 2092 635 2123 In
657 2091 778 2123 Rostris
802 2097 866 2122 turn

110 2135 218 2166 orabat
233 2135 355 2166 Cicero.

151 2179 205 2209 24.
230 2176 397 2216 Praetores]
444 2177 517 2208 Jam
531 2177 571 2207 de
581 2177 630 2208 his
646 2175 798 2218 superius,
814 2187 869 2218 pa-

110 2231 192 2262 ragr.
209 2220 250 2250 iv.
265 2220 286 2250 l.
302 2222 355 2251 43.

155 2265 207 2294 25.
233 2262 399 2293 Commenta
420 2269 447 2293 et
463 2263 606 2304 privata]
650 2260 872 2301 Intelliguntur

112 2307 218 2336 omnia
240 2305 367 2342 cibaria,
390 2317 460 2347 quae
483 2307 521 2336 ad
537 2307 653 2336 victum
669 2305 733 2336 sive
755 2305 872 2334 exerci-

111 2348 161 2378 tsis
177 2350 239 2380 sive
255 2349 364 2389 populi
380 2349 553 2379 necessaria
582 2354 662 2379 sunt.
705 2346 872 2388 Appianus

112 2397 216 2422 autem
232 2392 338 2430 refert,
362 2392 530 2432 antequam
545 2392 706 2433 imperium
728 2389 803 2420 belli
826 2391 873 2430 pi-

112 2435 200 2466 ratici
212 2433 365 2475 Pompeio
375 2435 604 2471 decerneretur,
615 2443 765 2464 summam
780 2432 874 2463 fuisse

114 2477 157 2507 rei
172 2477 379 2508 srumentariae
393 2478 554 2508 caritatem
569 2483 601 2508 et
615 2477 766 2517 inopiam.

159 2520 213 2552 26.
235 2519 344 2550 Clausa
366 2520 490 2561 marim]
526 2520 675 2550 Clausum
702 2529 784 2551 mare
800 2519 878 2550 dici-

117 2567 177 2599 tur,
199 2562 281 2599 esim,
305 2568 360 2594 aut
374 2569 501 2604 propter
516 2567 718 2604 tempestates
735 2568 767 2592 et
781 2563 878 2602 frigus

119 2605 262 2641 saeviens,
285 2611 340 2636 aut
373 2612 500 2647 propter
530 2607 697 2647 piratarum
728 2604 879 2645 pericula,

118 2647 186 2676 tuto
208 2648 356 2688 navigare
372 2659 436 2678 non
451 2649 534 2679 licet.

161 2688 211 2720 Ib.
254 2690 408 2722 Privatam
422 2702 494 2727 rem,
508 2701 597 2731 neque
604 2690 778 2732 publicam]
815 2689 883 2720 Ne-

119 2742 182 2773 que
204 2738 390 2765 mercatores
412 2735 571 2775 navigare,
593 2743 696 2774 neque
721 2734 882 2775 magistra·

120 2781 170 2806 ius
184 2774 216 2804 in
233 2776 405 2817 provincias
421 2777 585 2818 proficisci,
608 2777 779 2807 audebant.

165 2819 219 2848 29.
265 2817 351 2849 Mare
363 2820 511 2861 tenuisse]
556 2818 730 2861 Dionysius
743 2819 818 2850 Hal.
832 2819 885 2851 lib.

121 2861 154 2892 Q,
168 2859 330 2903 Antiquit.
345 2861 439 2893 refert
453 2863 497 2893 ita
517 2861 631 2893 viribus
647 2861 808 2893 navalibus
832 2872 886 2893 va-

905 1877 997 1908 luisse
1021 1877 1246 1915 Athenienses,
1269 1884 1303 1909 ut
1333 1889 1390 1921 per
1419 1889 1520 1910 annos
1549 1879 1671 1912 (luode-

906 1922 1108 1962 septuaginta
1125 1923 1219 1953 maris
1235 1922 1400 1963 imperium
1417 1923 1583 1954 tenuerint.

949 1963 999 1994 Ib.
1026 1964 1341 2006 Carthaginiensium]
1386 1965 1554 2006 Appianas
1577 1966 1617 1995 de
1634 1965 1672 1995 iis

907 2007 941 2036 in
955 2007 1078 2049 Libyco
1094 2008 1214 2046 scribit,
1239 2018 1384 2048 magnam
1400 2009 1459 2039 sibi
1482 2009 1572 2039 maris
1602 2018 1672 2048 par-

911 2055 973 2080 tem
989 2050 1172 2091 subjecisse,
1189 2056 1222 2080 et
1233 2050 1266 2080 in
1283 2050 1402 2086 Sicilia,
1418 2051 1572 2087 Sardinia,
1589 2051 1673 2080 aliis-

911 2103 973 2133 que
996 2093 1104 2123 insulis
1127 2103 1196 2134 quae
1226 2093 1258 2123 in
1288 2093 1342 2123 illo
1365 2094 1443 2123 mari
1475 2099 1558 2131 sunt,
1582 2103 1618 2123 ac
1641 2094 1675 2123 in

910 2134 978 2174 ipsa
995 2135 1163 2176 Hispania,
1178 2136 1293 2166 bellurn
1305 2135 1445 2175 gessisse,
1457 2136 1552 2166 multa
1564 2136 1594 2165 in
1606 2136 1676 2166 loca

914 2178 1051 2208 colonias
1074 2178 1204 2214 misisse,
1234 2178 1472 2219 aequavisseque
1495 2177 1677 2209 Graecorum

915 2221 1098 2260 potentiam.

958 2264 1011 2293 30.
1037 2262 1326 2304 NonRhodiorum.]
1364 2262 1486 2299 Strabo,
1508 2263 1563 2295 lib.
1581 2263 1623 2293 xi.
1635 2262 1679 2293 de

917 2305 1053 2336 Rhodiis
1065 2306 1169 2342 refert,
1186 2317 1232 2336 res
1250 2305 1415 2336 maritimas
1426 2306 1456 2335 in
1470 2305 1575 2346 primis
1591 2315 1679 2336 cuta-

916 2350 1016 2387 visse3
1032 2348 1125 2390 qnare
1139 2349 1193 2378 diu
1215 2349 1304 2379 maris
1318 2348 1481 2389 imperium
1500 2353 1681 2384 tenuerunt,

917 2392 1034 2432 piratas
1048 2391 1255 2432 profligando.

964 2435 1017 2464 36.
1063 2433 1101 2464 In
1110 2434 1260 2464 navalibus
1278 2433 1414 2475 pugnis]
1459 2433 1610 2465 Antiochi
1633 2444 1681 2464 re-

924 2477 970 2518 gis
986 2477 1081 2517 legati
1105 2477 1125 2506 a
1146 2476 1299 2507 Romanis
1322 2477 1395 2507 victi
1411 2482 1494 2513 sunt,
1517 2477 1598 2507 Livii
1621 2482 1683 2507 tes-

922 2521 1063 2555 timonio,
1080 2519 1134 2551 lib.
1149 2522 1202 2551 36.
1248 2519 1520 2560 Carthaginienses
1536 2521 1568 2550 in
1584 2521 1684 2560 primo

922 2563 1006 2593 bello
1022 2562 1154 2598 Punico,
1164 2563 1183 2592 ’ὲ
1196 2562 1284 2594 Cneo
1296 2562 1428 2599 Duillio,
1443 2563 1561 2594 deinde
1574 2563 1614 2594 ab
1625 2562 1686 2592 At-

925 2605 991 2635 tilio
1007 2604 1144 2644 Regulo.

971 2650 1024 2679 38.
1051 2648 1223 2689 Utilitatis]
1284 2647 1367 2684 Quia
1404 2648 1570 2688 vectigalia
1590 2647 1687 2678 inter-

930 2695 1024 2730 cepta
1038 2696 1119 2722 sunt.

969 2732 1019 2765 Ib.
1045 2732 1238 2774 Dignitatis]
1265 2733 1374 2773 Captis
1388 2732 1498 2773 legatis
1520 2737 1553 2763 et
1567 2732 1689 2764 duode-

927 2776 988 2807 cim
1004 2777 1172 2812 securibus,
1186 2777 1226 2806 de
1244 2776 1356 2816 quibus
1374 2774 1499 2805 tertium
1514 2775 1664 2816 loquitur.

971 2820 1025 2850 39.
1082 2818 1240 2859 Persenque
1274 2817 1474 2858 superarum]
1521 2818 1615 2849 Patet
1649 2820 1690 2849 de.

931 2861 1099 2900 Antiocho,
1111 2861 1219 2902 utjam
1230 2859 1372 2899 diximus,
1383 2861 1440 2892 sed
1452 2871 1516 2892 non
1527 2862 1569 2894 de
1583 2861 1695 2898 Perse,
