<?xml version="1.0" encoding="UTF-8"?>
<!DOCTYPE html PUBLIC "-//W3C//DTD XHTML 1.0 Transitional//EN"
    "http://www.w3.org/TR/xhtml1/DTD/xhtml1-transitional.dtd">
<html xmlns="http://www.w3.org/1999/xhtml" xml:lang="en" lang="en">
 <head>
  <title>
</title>
<meta http-equiv="Content-Type" content="text/html;charset=utf-8" />
  <meta name='ocr-system' content='tesseract 3.04.00' />
  <meta name='ocr-capabilities' content='ocr_page ocr_carea ocr_par ocr_line ocrx_word'/>
</head>
<body>
  <div class='ocr_page' id='page_1' title='image "./selectaeoratione00ciceuoft_0011.png"; bbox 0 0 1852 3131; ppageno 0'>
   <div class='ocr_carea' id='block_1_1' title="bbox 316 333 1541 590">
    <p class='ocr_par' dir='ltr' id='par_1_1' title="bbox 316 333 1541 590">
     <span class='ocr_line' id='line_1_1' title="bbox 316 333 1541 434; baseline 0.003 -4"><span class='ocrx_word' id='word_1_1' title='bbox 316 366 618 431; x_wconf 79' lang='lat' dir='ltr'>MARol</span> <span class='ocrx_word' id='word_1_2' title='bbox 675 333 1013 431; x_wconf 81' lang='lat' dir='ltr'>TULLII</span> <span class='ocrx_word' id='word_1_3' title='bbox 1051 368 1541 434; x_wconf 81' lang='lat' dir='ltr'>o1oER0N1s</span> 
     </span>
     <span class='ocr_line' id='line_1_2' title="bbox 803 517 1050 590; baseline 0.032 -8"><span class='ocrx_word' id='word_1_4' title='bbox 803 517 1050 590; x_wconf 84' lang='lat' dir='ltr'>VITA,</span> 
     </span>
    </p>
   </div>
   <div class='ocr_carea' id='block_1_2' title="bbox 383 679 1482 732">
    <p class='ocr_par' dir='ltr' id='par_1_2' title="bbox 383 679 1482 732">
     <span class='ocr_line' id='line_1_3' title="bbox 383 679 1482 732; baseline 0 -10"><span class='ocrx_word' id='word_1_5' title='bbox 383 679 503 722; x_wconf 81' lang='lat' dir='ltr'>PER</span> <span class='ocrx_word' id='word_1_6' title='bbox 534 681 740 723; x_wconf 80' lang='lat' dir='ltr'><strong>ANNOS</strong></span> <span class='ocrx_word' id='word_1_7' title='bbox 772 680 1170 724; x_wconf 82' lang='lat' dir='ltr'><strong>CONSULARES</strong></span> <span class='ocrx_word' id='word_1_8' title='bbox 1203 681 1482 732; x_wconf 80' lang='lat' dir='ltr'>DIGESTA,</span> 
     </span>
    </p>
   </div>
   <div class='ocr_carea' id='block_1_3' title="bbox 122 835 1729 985">
    <p class='ocr_par' dir='ltr' id='par_1_3' title="bbox 122 835 1729 985">
     <span class='ocr_line' id='line_1_4' title="bbox 122 835 1729 905; baseline 0.002 -22"><span class='ocrx_word' id='word_1_9' title='bbox 122 835 318 883; x_wconf 79' lang='lat' dir='ltr'>Partim</span> <span class='ocrx_word' id='word_1_10' title='bbox 341 853 400 883; x_wconf 73' lang='lat' dir='ltr'>ex</span> <span class='ocrx_word' id='word_1_11' title='bbox 423 836 707 892; x_wconf 77' lang='lat' dir='ltr'><em>Plutarcho,</em></span> <span class='ocrx_word' id='word_1_12' title='bbox 740 837 923 901; x_wconf 77' lang='lat' dir='ltr'>partim</span> <span class='ocrx_word' id='word_1_13' title='bbox 946 856 1005 887; x_wconf 67' lang='lat' dir='ltr'>ea:</span> <span class='ocrx_word' id='word_1_14' title='bbox 1030 840 1278 896; x_wconf 69' lang='lat' dir='ltr'>Fabricio,</span> <span class='ocrx_word' id='word_1_15' title='bbox 1304 840 1500 904; x_wconf 64' lang='lat' dir='ltr'>Pigleio,</span> <span class='ocrx_word' id='word_1_16' title='bbox 1525 840 1729 905; x_wconf 70' lang='lat' dir='ltr'>aliisque</span> 
     </span>
     <span class='ocr_line' id='line_1_5' title="bbox 636 919 1225 985; baseline 0.008 -18"><span class='ocrx_word' id='word_1_17' title='bbox 636 919 980 985; x_wconf 78' lang='lat' dir='ltr'>Scriptoribus,</span> <span class='ocrx_word' id='word_1_18' title='bbox 1017 925 1225 974; x_wconf 77' lang='lat' dir='ltr'>collecta.</span> 
     </span>
    </p>
   </div>
   <div class='ocr_carea' id='block_1_4' title="bbox 492 1257 1366 1305">
    <p class='ocr_par' dir='ltr' id='par_1_4' title="bbox 492 1257 1366 1305">
     <span class='ocr_line' id='line_1_6' title="bbox 492 1257 1366 1305; baseline 0.008 -8"><span class='ocrx_word' id='word_1_19' title='bbox 492 1257 696 1298; x_wconf 79' lang='lat' dir='ltr'><strong>ANNUS</strong></span> <span class='ocrx_word' id='word_1_20' title='bbox 728 1257 910 1300; x_wconf 85' lang='lat' dir='ltr'>URBIS</span> <span class='ocrx_word' id='word_1_21' title='bbox 946 1260 1236 1304; x_wconf 81' lang='lat' dir='ltr'>CONDITAE</span> <span class='ocrx_word' id='word_1_22' title='bbox 1267 1263 1366 1305; x_wconf 76' lang='lat'>647.</span> 
     </span>
    </p>
   </div>
   <div class='ocr_carea' id='block_1_5' title="bbox 156 1340 1692 1464">
    <p class='ocr_par' dir='ltr' id='par_1_5' title="bbox 156 1340 1692 1464">
     <span class='ocr_line' id='line_1_7' title="bbox 156 1340 1692 1462; baseline 0.003 -57"><span class='ocrx_word' id='word_1_23' title='bbox 156 1364 272 1406; x_wconf 78' lang='lat' dir='ltr'>Coss.</span> <span class='ocrx_word' id='word_1_24' title='bbox 310 1366 360 1412; x_wconf 84' lang='lat' dir='ltr'>Q.</span> <span class='ocrx_word' id='word_1_25' title='bbox 382 1365 564 1406; x_wconf 74' lang='lat' dir='ltr'>Servilio</span> <span class='ocrx_word' id='word_1_26' title='bbox 601 1340 819 1418; x_wconf 64' lang='lat' dir='ltr'>Ccepidne,</span> <span class='ocrx_word' id='word_1_27' title='bbox 855 1366 904 1406; x_wconf 89' lang='lat' dir='ltr'>C.</span> <span class='ocrx_word' id='word_1_28' title='bbox 925 1367 1077 1462; x_wconf 66' lang='lat' dir='ltr'>Alttilz&#39;o</span> <span class='ocrx_word' id='word_1_29' title='bbox 1098 1369 1304 1417; x_wconf 78' lang='lat' dir='ltr'>Serrano,</span> <span class='ocrx_word' id='word_1_30' title='bbox 1344 1373 1445 1409; x_wconf 73' lang='lat' dir='ltr'>ante</span> <span class='ocrx_word' id='word_1_31' title='bbox 1468 1370 1692 1410; x_wconf 68' lang='lat' dir='ltr'>Christum</span> 
     </span>
     <span class='ocr_line' id='line_1_8' title="bbox 779 1423 1054 1464; baseline 0.011 -3"><span class='ocrx_word' id='word_1_32' title='bbox 779 1426 935 1462; x_wconf 73' lang='lat' dir='ltr'>natum</span> <span class='ocrx_word' id='word_1_33' title='bbox 984 1423 1054 1464; x_wconf 85' lang='lat'>05.</span> 
     </span>
    </p>
   </div>
   <div class='ocr_carea' id='block_1_6' title="bbox 119 1509 1730 2405">
    <p class='ocr_par' dir='ltr' id='par_1_6' title="bbox 119 1509 1730 2405">
     <span class='ocr_line' id='line_1_9' title="bbox 179 1509 1726 1569; baseline 0.003 -19"><span class='ocrx_word' id='word_1_34' title='bbox 179 1510 388 1561; x_wconf 79' lang='lat' dir='ltr'>CICERO,</span> <span class='ocrx_word' id='word_1_35' title='bbox 420 1509 628 1551; x_wconf 81' lang='lat' dir='ltr'>Romanae</span> <span class='ocrx_word' id='word_1_36' title='bbox 645 1510 902 1566; x_wconf 57' lang='lat' dir='ltr'>eloquentiae</span> <span class='ocrx_word' id='word_1_37' title='bbox 922 1511 1135 1567; x_wconf 86' lang='lat' dir='ltr'>princeps,</span> <span class='ocrx_word' id='word_1_38' title='bbox 1167 1512 1253 1553; x_wconf 86' lang='lat' dir='ltr'>hoc</span> <span class='ocrx_word' id='word_1_39' title='bbox 1275 1527 1387 1554; x_wconf 84' lang='lat' dir='ltr'>anno</span> <span class='ocrx_word' id='word_1_40' title='bbox 1409 1513 1578 1569; x_wconf 88' lang='lat' dir='ltr'>Arpini,</span> <span class='ocrx_word' id='word_1_41' title='bbox 1600 1515 1726 1556; x_wconf 89' lang='lat' dir='ltr'>tertio</span> 
     </span>
     <span class='ocr_line' id='line_1_10' title="bbox 120 1566 1727 1626; baseline 0.003 -18"><span class='ocrx_word' id='word_1_42' title='bbox 120 1566 328 1618; x_wconf 85' lang='lat' dir='ltr'>Januarii,</span> <span class='ocrx_word' id='word_1_43' title='bbox 347 1574 475 1608; x_wconf 90' lang='lat' dir='ltr'>natus</span> <span class='ocrx_word' id='word_1_44' title='bbox 498 1574 564 1608; x_wconf 86' lang='lat' dir='ltr'>est</span> <span class='ocrx_word' id='word_1_45' title='bbox 583 1574 717 1608; x_wconf 86' lang='lat' dir='ltr'>matre</span> <span class='ocrx_word' id='word_1_46' title='bbox 737 1567 906 1616; x_wconf 69' lang='lat' dir='ltr'>Helvia,</span> <span class='ocrx_word' id='word_1_47' title='bbox 921 1576 1040 1624; x_wconf 85' lang='lat' dir='ltr'>patre</span> <span class='ocrx_word' id='word_1_48' title='bbox 1062 1569 1127 1610; x_wconf 84' lang='lat' dir='ltr'>M.</span> <span class='ocrx_word' id='word_1_49' title='bbox 1141 1568 1279 1610; x_wconf 91' lang='lat' dir='ltr'>Tullio</span> <span class='ocrx_word' id='word_1_50' title='bbox 1295 1585 1347 1610; x_wconf 84' lang='lat' dir='ltr'>ex</span> <span class='ocrx_word' id='word_1_51' title='bbox 1362 1571 1548 1626; x_wconf 85' lang='lat' dir='ltr'>equestri</span> <span class='ocrx_word' id='word_1_52' title='bbox 1566 1572 1727 1621; x_wconf 84' lang='lat' dir='ltr'>ordine,</span> 
     </span>
     <span class='ocr_line' id='line_1_11' title="bbox 121 1623 1729 1680; baseline 0.003 -16"><span class='ocrx_word' id='word_1_53' title='bbox 121 1639 248 1680; x_wconf 88' lang='lat' dir='ltr'>quem</span> <span class='ocrx_word' id='word_1_54' title='bbox 270 1638 323 1665; x_wconf 85' lang='lat' dir='ltr'>ex</span> <span class='ocrx_word' id='word_1_55' title='bbox 341 1623 460 1680; x_wconf 82' lang='lat' dir='ltr'>regio</span> <span class='ocrx_word' id='word_1_56' title='bbox 472 1623 729 1665; x_wconf 84' lang='lat' dir='ltr'>Volscorum</span> <span class='ocrx_word' id='word_1_57' title='bbox 750 1625 959 1680; x_wconf 80' lang='lat' dir='ltr'>sanguine</span> <span class='ocrx_word' id='word_1_58' title='bbox 982 1625 1190 1680; x_wconf 81' lang='lat' dir='ltr'>originem</span> <span class='ocrx_word' id='word_1_59' title='bbox 1212 1626 1393 1667; x_wconf 81' lang='lat' dir='ltr'>traxisse</span> <span class='ocrx_word' id='word_1_60' title='bbox 1415 1627 1609 1669; x_wconf 87' lang='lat' dir='ltr'>scribunt</span> <span class='ocrx_word' id='word_1_61' title='bbox 1629 1628 1729 1670; x_wconf 88' lang='lat' dir='ltr'>Plu-</span> 
     </span>
     <span class='ocr_line' id='line_1_12' title="bbox 121 1680 1729 1738; baseline 0.003 -17"><span class='ocrx_word' id='word_1_62' title='bbox 121 1681 240 1722; x_wconf 86' lang='lat' dir='ltr'>tarch</span> <span class='ocrx_word' id='word_1_63' title='bbox 249 1696 310 1732; x_wconf 87' lang='lat' dir='ltr'>us,</span> <span class='ocrx_word' id='word_1_64' title='bbox 328 1688 372 1722; x_wconf 89' lang='lat' dir='ltr'>et</span> <span class='ocrx_word' id='word_1_65' title='bbox 393 1680 524 1721; x_wconf 77' lang='lat' dir='ltr'>Silius</span> <span class='ocrx_word' id='word_1_66' title='bbox 542 1680 734 1731; x_wconf 86' lang='lat' dir='ltr'>Italicus,</span> <span class='ocrx_word' id='word_1_67' title='bbox 751 1681 824 1722; x_wconf 86' lang='lat' dir='ltr'>lib.</span> <span class='ocrx_word' id='word_1_68' title='bbox 840 1684 882 1723; x_wconf 76' lang='lat'>8.</span> <span class='ocrx_word' id='word_1_69' title='bbox 923 1681 982 1721; x_wconf 92' lang='lat' dir='ltr'>Hi</span> <span class='ocrx_word' id='word_1_70' title='bbox 1004 1696 1140 1738; x_wconf 81' lang='lat' dir='ltr'>genus</span> <span class='ocrx_word' id='word_1_71' title='bbox 1154 1682 1269 1723; x_wconf 87' lang='lat' dir='ltr'>illius</span> <span class='ocrx_word' id='word_1_72' title='bbox 1286 1683 1341 1724; x_wconf 83' lang='lat' dir='ltr'>ad</span> <span class='ocrx_word' id='word_1_73' title='bbox 1358 1682 1541 1724; x_wconf 84' lang='lat' dir='ltr'>Tullium</span> <span class='ocrx_word' id='word_1_74' title='bbox 1559 1685 1729 1726; x_wconf 84' lang='lat' dir='ltr'>Attium</span> 
     </span>
     <span class='ocr_line' id='line_1_13' title="bbox 119 1737 1728 1795; baseline 0.003 -18"><span class='ocrx_word' id='word_1_75' title='bbox 119 1737 378 1779; x_wconf 86' lang='lat' dir='ltr'>Volscorum</span> <span class='ocrx_word' id='word_1_76' title='bbox 398 1752 542 1794; x_wconf 83' lang='lat' dir='ltr'>regem</span> <span class='ocrx_word' id='word_1_77' title='bbox 562 1737 763 1779; x_wconf 86' lang='lat' dir='ltr'>referunt.</span> <span class='ocrx_word' id='word_1_78' title='bbox 825 1738 886 1779; x_wconf 92' lang='lat' dir='ltr'>At</span> <span class='ocrx_word' id='word_1_79' title='bbox 920 1738 966 1779; x_wconf 90' lang='lat' dir='ltr'>id</span> <span class='ocrx_word' id='word_1_80' title='bbox 999 1753 1052 1779; x_wconf 90' lang='lat' dir='ltr'>ne</span> <span class='ocrx_word' id='word_1_81' title='bbox 1081 1739 1342 1795; x_wconf 77' lang='lat' dir='ltr'>cogitavisse</span> <span class='ocrx_word' id='word_1_82' title='bbox 1375 1740 1550 1795; x_wconf 87' lang='lat' dir='ltr'>quidem</span> <span class='ocrx_word' id='word_1_83' title='bbox 1573 1741 1728 1783; x_wconf 88' lang='lat' dir='ltr'>Cicero</span> 
     </span>
     <span class='ocr_line' id='line_1_14' title="bbox 119 1793 1727 1847; baseline 0.003 -13"><span class='ocrx_word' id='word_1_84' title='bbox 119 1793 302 1847; x_wconf 90' lang='lat' dir='ltr'>videtur,</span> <span class='ocrx_word' id='word_1_85' title='bbox 319 1795 479 1836; x_wconf 86' lang='lat' dir='ltr'>nedum</span> <span class='ocrx_word' id='word_1_86' title='bbox 497 1794 748 1836; x_wconf 79' lang='lat' dir='ltr'>credidisse.</span> <span class='ocrx_word' id='word_1_87' title='bbox 781 1794 882 1835; x_wconf 89' lang='lat' dir='ltr'>Non</span> <span class='ocrx_word' id='word_1_88' title='bbox 903 1794 1018 1836; x_wconf 87' lang='lat' dir='ltr'>enim</span> <span class='ocrx_word' id='word_1_89' title='bbox 1039 1795 1100 1836; x_wconf 88' lang='lat' dir='ltr'>ita</span> <span class='ocrx_word' id='word_1_90' title='bbox 1120 1795 1294 1837; x_wconf 87' lang='lat' dir='ltr'>laudum</span> <span class='ocrx_word' id='word_1_91' title='bbox 1317 1811 1489 1837; x_wconf 86' lang='lat' dir='ltr'>suarum</span> <span class='ocrx_word' id='word_1_92' title='bbox 1506 1797 1727 1839; x_wconf 79' lang='lat' dir='ltr'>abstinens</span> 
     </span>
     <span class='ocr_line' id='line_1_15' title="bbox 122 1850 1727 1908; baseline 0.003 -17"><span class='ocrx_word' id='word_1_93' title='bbox 122 1851 218 1903; x_wconf 87' lang='lat' dir='ltr'>fuit,</span> <span class='ocrx_word' id='word_1_94' title='bbox 235 1859 282 1893; x_wconf 88' lang='lat' dir='ltr'>ut</span> <span class='ocrx_word' id='word_1_95' title='bbox 301 1851 346 1892; x_wconf 91' lang='lat' dir='ltr'>id</span> <span class='ocrx_word' id='word_1_96' title='bbox 368 1852 420 1893; x_wconf 88' lang='lat' dir='ltr'>de</span> <span class='ocrx_word' id='word_1_97' title='bbox 442 1866 488 1893; x_wconf 90' lang='lat' dir='ltr'>se</span> <span class='ocrx_word' id='word_1_98' title='bbox 509 1850 774 1907; x_wconf 66' lang='lat' dir='ltr'>praeterierit.</span> <span class='ocrx_word' id='word_1_99' title='bbox 833 1851 901 1892; x_wconf 83' lang='lat' dir='ltr'>Ex</span> <span class='ocrx_word' id='word_1_100' title='bbox 922 1852 1096 1893; x_wconf 91' lang='lat' dir='ltr'>nomine</span> <span class='ocrx_word' id='word_1_101' title='bbox 1119 1852 1201 1904; x_wconf 85' lang='lat' dir='ltr'>avi,</span> <span class='ocrx_word' id='word_1_102' title='bbox 1222 1852 1296 1908; x_wconf 90' lang='lat' dir='ltr'>qui</span> <span class='ocrx_word' id='word_1_103' title='bbox 1315 1853 1380 1894; x_wconf 90' lang='lat' dir='ltr'>M.</span> <span class='ocrx_word' id='word_1_104' title='bbox 1396 1853 1561 1894; x_wconf 83' lang='lat' dir='ltr'>Tullius</span> <span class='ocrx_word' id='word_1_105' title='bbox 1573 1854 1727 1896; x_wconf 85' lang='lat' dir='ltr'>Cicero</span> 
     </span>
     <span class='ocr_line' id='line_1_16' title="bbox 120 1908 1729 1966; baseline 0.003 -18"><span class='ocrx_word' id='word_1_106' title='bbox 120 1909 462 1962; x_wconf 82' lang='lat' dir='ltr'>nuncupabatur,</span> <span class='ocrx_word' id='word_1_107' title='bbox 484 1914 662 1949; x_wconf 78' lang='lat' dir='ltr'>vocatus</span> <span class='ocrx_word' id='word_1_108' title='bbox 685 1914 765 1959; x_wconf 90' lang='lat' dir='ltr'>est,</span> <span class='ocrx_word' id='word_1_109' title='bbox 788 1923 874 1964; x_wconf 92' lang='lat' dir='ltr'>quo</span> <span class='ocrx_word' id='word_1_110' title='bbox 897 1909 1010 1961; x_wconf 86' lang='lat' dir='ltr'>vivo,</span> <span class='ocrx_word' id='word_1_111' title='bbox 1033 1924 1078 1950; x_wconf 87' lang='lat' dir='ltr'>se</span> <span class='ocrx_word' id='word_1_112' title='bbox 1099 1908 1193 1961; x_wconf 82' lang='lat' dir='ltr'>(lib,</span> <span class='ocrx_word' id='word_1_113' title='bbox 1211 1910 1250 1951; x_wconf 86' lang='lat'>2.</span> <span class='ocrx_word' id='word_1_114' title='bbox 1274 1909 1327 1951; x_wconf 86' lang='lat' dir='ltr'>de</span> <span class='ocrx_word' id='word_1_115' title='bbox 1350 1909 1557 1966; x_wconf 78' lang='lat' dir='ltr'>Legibus)</span> <span class='ocrx_word' id='word_1_116' title='bbox 1579 1918 1729 1953; x_wconf 87' lang='lat' dir='ltr'>natum</span> 
     </span>
     <span class='ocr_line' id='line_1_17' title="bbox 123 1964 1730 2021; baseline 0.002 -16"><span class='ocrx_word' id='word_1_117' title='bbox 123 1964 200 2006; x_wconf 87' lang='lat' dir='ltr'>ait.</span> <span class='ocrx_word' id='word_1_118' title='bbox 258 1965 388 2007; x_wconf 88' lang='lat' dir='ltr'>Pater</span> <span class='ocrx_word' id='word_1_119' title='bbox 409 1966 501 2021; x_wconf 87' lang='lat' dir='ltr'>ejus</span> <span class='ocrx_word' id='word_1_120' title='bbox 523 1964 651 2005; x_wconf 88' lang='lat' dir='ltr'>nullis</span> <span class='ocrx_word' id='word_1_121' title='bbox 686 1964 947 2021; x_wconf 80' lang='lat' dir='ltr'>dignitatum</span> <span class='ocrx_word' id='word_1_122' title='bbox 976 1966 1236 2007; x_wconf 85' lang='lat' dir='ltr'>ornamentis</span> <span class='ocrx_word' id='word_1_123' title='bbox 1270 1966 1442 2007; x_wconf 86' lang='lat' dir='ltr'>domum</span> <span class='ocrx_word' id='word_1_124' title='bbox 1467 1981 1588 2008; x_wconf 86' lang='lat' dir='ltr'>suam</span> <span class='ocrx_word' id='word_1_125' title='bbox 1614 1968 1730 2009; x_wconf 87' lang='lat' dir='ltr'>illus-</span> 
     </span>
     <span class='ocr_line' id='line_1_18' title="bbox 122 2021 1728 2079; baseline 0.002 -17"><span class='ocrx_word' id='word_1_126' title='bbox 122 2022 276 2074; x_wconf 82' lang='lat' dir='ltr'>travit3</span> <span class='ocrx_word' id='word_1_127' title='bbox 309 2022 407 2064; x_wconf 70' lang='lat' dir='ltr'>cum</span> <span class='ocrx_word' id='word_1_128' title='bbox 429 2021 542 2063; x_wconf 89' lang='lat' dir='ltr'>enim</span> <span class='ocrx_word' id='word_1_129' title='bbox 568 2021 734 2062; x_wconf 60' lang='lat' dir='ltr'>infirma</span> <span class='ocrx_word' id='word_1_130' title='bbox 767 2022 1012 2063; x_wconf 85' lang='lat' dir='ltr'>valetudine</span> <span class='ocrx_word' id='word_1_131' title='bbox 1046 2029 1176 2072; x_wconf 89' lang='lat' dir='ltr'>esset,</span> <span class='ocrx_word' id='word_1_132' title='bbox 1211 2022 1344 2063; x_wconf 85' lang='lat' dir='ltr'>vitam</span> <span class='ocrx_word' id='word_1_133' title='bbox 1377 2023 1583 2079; x_wconf 83' lang='lat' dir='ltr'>privatam</span> <span class='ocrx_word' id='word_1_134' title='bbox 1611 2025 1728 2066; x_wconf 88' lang='lat' dir='ltr'>domi</span> 
     </span>
     <span class='ocr_line' id='line_1_19' title="bbox 124 2077 1730 2135; baseline 0.003 -17"><span class='ocrx_word' id='word_1_135' title='bbox 124 2078 170 2118; x_wconf 89' lang='lat' dir='ltr'>in</span> <span class='ocrx_word' id='word_1_136' title='bbox 189 2078 326 2120; x_wconf 89' lang='lat' dir='ltr'>literis</span> <span class='ocrx_word' id='word_1_137' title='bbox 349 2079 453 2134; x_wconf 86' lang='lat' dir='ltr'>egit,</span> <span class='ocrx_word' id='word_1_138' title='bbox 484 2077 558 2119; x_wconf 92' lang='lat' dir='ltr'>ubi</span> <span class='ocrx_word' id='word_1_139' title='bbox 579 2077 803 2119; x_wconf 84' lang='lat' dir='ltr'>fulloniam</span> <span class='ocrx_word' id='word_1_140' title='bbox 839 2079 1081 2120; x_wconf 85' lang='lat' dir='ltr'>exercuisse</span> <span class='ocrx_word' id='word_1_141' title='bbox 1103 2079 1284 2120; x_wconf 86' lang='lat' dir='ltr'>dicitur:</span> <span class='ocrx_word' id='word_1_142' title='bbox 1316 2079 1383 2120; x_wconf 87' lang='lat' dir='ltr'>his</span> <span class='ocrx_word' id='word_1_143' title='bbox 1413 2080 1516 2135; x_wconf 86' lang='lat' dir='ltr'>ipsis</span> <span class='ocrx_word' id='word_1_144' title='bbox 1540 2081 1664 2122; x_wconf 91' lang='lat' dir='ltr'>Coss.</span> <span class='ocrx_word' id='word_1_145' title='bbox 1685 2089 1730 2123; x_wconf 83' lang='lat' dir='ltr'>et</span> 
     </span>
     <span class='ocr_line' id='line_1_20' title="bbox 124 2134 1728 2191; baseline 0.001 -15"><span class='ocrx_word' id='word_1_146' title='bbox 124 2150 170 2176; x_wconf 89' lang='lat' dir='ltr'>se</span> <span class='ocrx_word' id='word_1_147' title='bbox 192 2142 338 2176; x_wconf 85' lang='lat' dir='ltr'>natum</span> <span class='ocrx_word' id='word_1_148' title='bbox 361 2150 470 2185; x_wconf 89' lang='lat' dir='ltr'>esse,</span> <span class='ocrx_word' id='word_1_149' title='bbox 502 2141 547 2175; x_wconf 90' lang='lat' dir='ltr'>et</span> <span class='ocrx_word' id='word_1_150' title='bbox 579 2134 627 2174; x_wconf 89' lang='lat' dir='ltr'>L.</span> <span class='ocrx_word' id='word_1_151' title='bbox 649 2134 853 2175; x_wconf 83' lang='lat' dir='ltr'>Crassum</span> <span class='ocrx_word' id='word_1_152' title='bbox 883 2136 1024 2191; x_wconf 83' lang='lat' dir='ltr'>legem</span> <span class='ocrx_word' id='word_1_153' title='bbox 1045 2135 1270 2176; x_wconf 82' lang='lat' dir='ltr'>Serviliam</span> <span class='ocrx_word' id='word_1_154' title='bbox 1291 2136 1493 2187; x_wconf 79' lang='lat' dir='ltr'>suasisse,</span> <span class='ocrx_word' id='word_1_155' title='bbox 1525 2136 1570 2176; x_wconf 91' lang='lat' dir='ltr'>in</span> <span class='ocrx_word' id='word_1_156' title='bbox 1592 2137 1728 2179; x_wconf 90' lang='lat' dir='ltr'>Bruto</span> 
     </span>
     <span class='ocr_line' id='line_1_21' title="bbox 123 2191 1728 2249; baseline 0.001 -16"><span class='ocrx_word' id='word_1_157' title='bbox 123 2192 245 2243; x_wconf 78' lang='lat' dir='ltr'>dicit,</span> <span class='ocrx_word' id='word_1_158' title='bbox 277 2192 359 2247; x_wconf 61' lang='lat' dir='ltr'>qu&amp;</span> <span class='ocrx_word' id='word_1_159' title='bbox 406 2192 459 2232; x_wconf 90' lang='lat' dir='ltr'>de</span> <span class='ocrx_word' id='word_1_160' title='bbox 492 2191 863 2232; x_wconf 85' lang='lat' dir='ltr'>communicandis</span> <span class='ocrx_word' id='word_1_161' title='bbox 901 2207 1000 2232; x_wconf 86' lang='lat' dir='ltr'>cum</span> <span class='ocrx_word' id='word_1_162' title='bbox 1034 2191 1197 2233; x_wconf 84' lang='lat' dir='ltr'>Senatu</span> <span class='ocrx_word' id='word_1_163' title='bbox 1232 2199 1276 2232; x_wconf 90' lang='lat' dir='ltr'>et</span> <span class='ocrx_word' id='word_1_164' title='bbox 1303 2192 1520 2248; x_wconf 82' lang='lat' dir='ltr'>equitibus</span> <span class='ocrx_word' id='word_1_165' title='bbox 1547 2194 1728 2249; x_wconf 88' lang='lat' dir='ltr'>judiciis</span> 
     </span>
     <span class='ocr_line' id='line_1_22' title="bbox 121 2248 1728 2305; baseline 0.002 -16"><span class='ocrx_word' id='word_1_166' title='bbox 121 2249 342 2305; x_wconf 75' lang='lat' dir='ltr'>agebatur.</span> <span class='ocrx_word' id='word_1_167' title='bbox 401 2248 569 2289; x_wconf 89' lang='lat' dir='ltr'>Eodem</span> <span class='ocrx_word' id='word_1_168' title='bbox 590 2261 717 2297; x_wconf 81' lang='lat' dir='ltr'>annO,</span> <span class='ocrx_word' id='word_1_169' title='bbox 748 2261 902 2288; x_wconf 88' lang='lat' dir='ltr'>novem</span> <span class='ocrx_word' id='word_1_170' title='bbox 930 2248 1151 2289; x_wconf 87' lang='lat' dir='ltr'>mensibus</span> <span class='ocrx_word' id='word_1_171' title='bbox 1181 2254 1282 2304; x_wconf 89' lang='lat' dir='ltr'>post</span> <span class='ocrx_word' id='word_1_172' title='bbox 1301 2248 1570 2300; x_wconf 82' lang='lat' dir='ltr'>Ciceronem,</span> <span class='ocrx_word' id='word_1_173' title='bbox 1602 2258 1728 2292; x_wconf 87' lang='lat' dir='ltr'>natus</span> 
     </span>
     <span class='ocr_line' id='line_1_23' title="bbox 122 2303 1727 2362; baseline 0.002 -16"><span class='ocrx_word' id='word_1_174' title='bbox 122 2312 189 2346; x_wconf 87' lang='lat' dir='ltr'>est</span> <span class='ocrx_word' id='word_1_175' title='bbox 202 2305 435 2362; x_wconf 86' lang='lat' dir='ltr'>Pompeius</span> <span class='ocrx_word' id='word_1_176' title='bbox 449 2306 655 2360; x_wconf 82' lang='lat' dir='ltr'>Magnus,</span> <span class='ocrx_word' id='word_1_177' title='bbox 670 2303 706 2346; x_wconf 85' lang='lat' dir='ltr'>si</span> <span class='ocrx_word' id='word_1_178' title='bbox 725 2303 782 2345; x_wconf 86' lang='lat' dir='ltr'>D.</span> <span class='ocrx_word' id='word_1_179' title='bbox 799 2304 1063 2360; x_wconf 87' lang='lat' dir='ltr'>Hieronymo</span> <span class='ocrx_word' id='word_1_180' title='bbox 1082 2305 1195 2360; x_wconf 83' lang='lat' dir='ltr'>apud</span> <span class='ocrx_word' id='word_1_181' title='bbox 1216 2304 1468 2359; x_wconf 85' lang='lat' dir='ltr'>Eusebium,</span> <span class='ocrx_word' id='word_1_182' title='bbox 1486 2313 1530 2348; x_wconf 90' lang='lat' dir='ltr'>et</span> <span class='ocrx_word' id='word_1_183' title='bbox 1544 2306 1727 2360; x_wconf 90' lang='lat' dir='ltr'>Velleio,</span> 
     </span>
     <span class='ocr_line' id='line_1_24' title="bbox 124 2363 362 2405; baseline 0 -2"><span class='ocrx_word' id='word_1_184' title='bbox 124 2363 362 2405; x_wconf 78' lang='lat' dir='ltr'>credamus.</span> 
     </span>
    </p>
   </div>
   <div class='ocr_carea' id='block_1_7' title="bbox 554 2483 1300 2526">
    <p class='ocr_par' dir='ltr' id='par_1_7' title="bbox 554 2483 1300 2526">
     <span class='ocr_line' id='line_1_25' title="bbox 554 2483 1300 2526; baseline -0.001 0"><span class='ocrx_word' id='word_1_185' title='bbox 554 2497 723 2526; x_wconf 80' lang='lat' dir='ltr'><strong>ANNUS</strong></span> <span class='ocrx_word' id='word_1_186' title='bbox 759 2496 907 2525; x_wconf 74' lang='lat' dir='ltr'>unms</span> <span class='ocrx_word' id='word_1_187' title='bbox 944 2496 1178 2526; x_wconf 77' lang='lat' dir='ltr'><strong>CONDITAE</strong></span> <span class='ocrx_word' id='word_1_188' title='bbox 1202 2483 1300 2526; x_wconf 79' lang='lat'>648.</span> 
     </span>
    </p>
   </div>
   <div class='ocr_carea' id='block_1_8' title="bbox 183 2590 1661 2688">
    <p class='ocr_par' dir='ltr' id='par_1_8' title="bbox 183 2590 1661 2688">
     <span class='ocr_line' id='line_1_26' title="bbox 183 2590 1661 2646; baseline -0.002 -11"><span class='ocrx_word' id='word_1_189' title='bbox 183 2594 298 2635; x_wconf 78' lang='lat' dir='ltr'>Coss.</span> <span class='ocrx_word' id='word_1_190' title='bbox 330 2593 443 2634; x_wconf 76' lang='lat' dir='ltr'>Pub.</span> <span class='ocrx_word' id='word_1_191' title='bbox 483 2593 653 2634; x_wconf 67' lang='lat' dir='ltr'>Rutilio</span> <span class='ocrx_word' id='word_1_192' title='bbox 693 2592 828 2646; x_wconf 78' lang='lat' dir='ltr'>Rufo,</span> <span class='ocrx_word' id='word_1_193' title='bbox 874 2591 957 2631; x_wconf 77' lang='lat' dir='ltr'>Cn.</span> <span class='ocrx_word' id='word_1_194' title='bbox 977 2591 1149 2639; x_wconf 73' lang='lat' dir='ltr'>Mallio,</span> <span class='ocrx_word' id='word_1_195' title='bbox 1186 2595 1289 2631; x_wconf 75' lang='lat' dir='ltr'>ante</span> <span class='ocrx_word' id='word_1_196' title='bbox 1316 2590 1536 2632; x_wconf 77' lang='lat' dir='ltr'>Christum</span> <span class='ocrx_word' id='word_1_197' title='bbox 1567 2591 1661 2633; x_wconf 86' lang='lat'>104.</span> 
     </span>
     <span class='ocr_line' id='line_1_27' title="bbox 691 2649 1154 2688; baseline -0.002 0"><span class='ocrx_word' id='word_1_198' title='bbox 691 2649 906 2688; x_wconf 67' lang='lat' dir='ltr'>Ciceronis</span> <span class='ocrx_word' id='word_1_199' title='bbox 925 2649 1154 2688; x_wconf 73' lang='lat' dir='ltr'>secundus.</span> 
     </span>
    </p>
   </div>
   <div class='ocr_carea' id='block_1_9' title="bbox 182 2735 1727 2794">
    <p class='ocr_par' dir='ltr' id='par_1_9' title="bbox 182 2735 1727 2794">
     <span class='ocr_line' id='line_1_28' title="bbox 182 2735 1727 2794; baseline 0 -16"><span class='ocrx_word' id='word_1_200' title='bbox 182 2737 282 2781; x_wconf 86' lang='lat' dir='ltr'>Hoc</span> <span class='ocrx_word' id='word_1_201' title='bbox 297 2753 410 2780; x_wconf 83' lang='lat' dir='ltr'>anno</span> <span class='ocrx_word' id='word_1_202' title='bbox 432 2737 591 2794; x_wconf 85' lang='lat' dir='ltr'>duplex</span> <span class='ocrx_word' id='word_1_203' title='bbox 608 2736 768 2778; x_wconf 88' lang='lat' dir='ltr'>bellum</span> <span class='ocrx_word' id='word_1_204' title='bbox 790 2735 1000 2777; x_wconf 83' lang='lat' dir='ltr'>Romanis</span> <span class='ocrx_word' id='word_1_205' title='bbox 1024 2735 1223 2792; x_wconf 84' lang='lat' dir='ltr'>contigit,</span> <span class='ocrx_word' id='word_1_206' title='bbox 1245 2736 1462 2777; x_wconf 87' lang='lat' dir='ltr'>funestum</span> <span class='ocrx_word' id='word_1_207' title='bbox 1483 2741 1727 2793; x_wconf 87' lang='lat' dir='ltr'>utrumque,</span> 
     </span>
    </p>
   </div>
   <div class='ocr_carea' id='block_1_10' title="bbox 126 2793 1728 2890">
    <p class='ocr_par' dir='ltr' id='par_1_10' title="bbox 126 2793 1728 2890">
     <span class='ocr_line' id='line_1_29' title="bbox 126 2793 1728 2846; baseline -0.001 -9"><span class='ocrx_word' id='word_1_208' title='bbox 126 2795 308 2841; x_wconf 78' lang='lat' dir='ltr'>alterum</span> <span class='ocrx_word' id='word_1_209' title='bbox 327 2795 373 2837; x_wconf 91' lang='lat' dir='ltr'>in</span> <span class='ocrx_word' id='word_1_210' title='bbox 389 2793 625 2844; x_wconf 58' lang='lat' dir='ltr'>Lusitania,</span> <span class='ocrx_word' id='word_1_211' title='bbox 637 2794 711 2836; x_wconf 88' lang='lat' dir='ltr'>ubi</span> <span class='ocrx_word' id='word_1_212' title='bbox 727 2807 868 2836; x_wconf 85' lang='lat' dir='ltr'>caesus</span> <span class='ocrx_word' id='word_1_213' title='bbox 889 2798 956 2834; x_wconf 84' lang='lat' dir='ltr'>est</span> <span class='ocrx_word' id='word_1_214' title='bbox 975 2807 1122 2836; x_wconf 88' lang='lat' dir='ltr'>eorum</span> <span class='ocrx_word' id='word_1_215' title='bbox 1145 2793 1380 2846; x_wconf 74' lang='lat' dir='ltr'>exercitu53</span> <span class='ocrx_word' id='word_1_216' title='bbox 1411 2793 1589 2837; x_wconf 81' lang='lat' dir='ltr'>alterum</span> <span class='ocrx_word' id='word_1_217' title='bbox 1612 2794 1728 2838; x_wconf 83' lang='lat' dir='ltr'>Cim-</span> 
     </span>
     <span class='ocr_line' id='line_1_30' title="bbox 923 2863 948 2890; baseline 0 0"><span class='ocrx_word' id='word_1_218' title='bbox 923 2863 948 2890; x_wconf 82' lang='grc' dir='ltr'><em>Β</em></span> 
     </span>
    </p>
   </div>
  </div>
 </body>
</html>
