1790 3090
102 139 183 184 160
799 138 892 172 Psso
915 138 1130 173 Monam.

168 212 282 275 post,
300 212 403 253 cum
431 210 477 254 id
507 208 680 273 assequi
709 223 798 252 non
825 211 1082 275 potuissent,
1103 210 1221 254 istuc
1245 209 1520 268 potissimum
1537 217 1639 255 sunt
1655 212 1730 255 dm

169 267 295 324 lapsi.
354 267 414 309 Ut
444 267 578 318 aiunt,
609 281 653 307 ιιι
687 266 850 309 Graecis
880 267 1132 316 artificibus,
1160 281 1234 310 eos
1261 267 1477 310 ‘auloedos
1510 282 1622 320 esse,
1646 268 1727 326 qui

169 324 395 366 citharoedi
411 323 502 365 fieri
518 337 605 364 non
621 323 861 378 potuerint3
881 323 946 365 sio
966 325 1196 366 nonnullos
1216 324 1424 376 videmus,
1442 324 1517 380 qui
1538 330 1727 367 oratores

169 381 347 422 evadere
368 393 455 420 non
475 385 719 434 potuerunt,
740 393 814 420 eos
834 380 890 420 ad
911 380 1021 435 juris
1041 380 1232 421 studium
1251 381 1489 422 edevenire.
1539 380 1730 443 Magnus

94 435 151 477 40
169 437 342 478 dicendi
372 436 506 486 labor,
525 449 681 491 magna
710 449 792 485 res,
813 449 971 489 magna
1001 436 1206 498 dignitas,
1227 451 1393 478 summa
1414 437 1545 478 etiam
1575 436 1730 500 gratia.

169 492 383 535 Etenim
363 508 389 534 a
409 492 532 533 vobis
562 491 791 533 salubritas
809 491 1021 547 quaedam,
1041 491 1127 532 ab
1117 507 1170 533 us
1192 493 1267 548 qui
1289 492 1453 544 dicunt,
1476 493 1591 535 salus
1620 507 1729 549 lpsa3

167 548 341 604 petitur.
406 548 574 589 Deinde
587 554 730 590 vestra
745 562 951 604 responsa
962 554 1092 611 atque
1110 548 1284 590 decreta
1297 555 1341 590 et
1356 556 1601 591 evertuntur
1612 563 1671 590 sae
1701 549 1729 592 ὲ

169 605 370 657 dicendo,
391 610 435 646 et
453 604 546 646 sine
569 604 819 646 defensione
840 604 1019 645 oratoris
1048 605 1171 646 firma
1191 619 1286 646 esse
1304 619 1392 646 non
1415 612 1614 661 possunt.
1673 565 1728 648 pn

168 661 256 717 qua
274 677 317 704 re
339 662 376 703 si
396 661 500 703 satis
521 661 815 723 profecissem,
835 659 1006 716 parcius
1027 660 1081 702 de
1103 661 1197 717 ejus
1217 661 1344 703 laude
1366 661 1580 703 dicerem:
1610 675 1728 704 nuno

94 718 149 761 45
167 718 276 758 nihil
297 719 349 760 de
370 733 437 759 me
460 717 575 769 dico,
596 718 674 759 sed
695 718 749 759 de
779 731 833 758 us
854 732 929 774 qui
959 732 1003 757 ιιι
1034 716 1220 759 dicendo
1240 717 1387 780 magni
1408 724 1522 767 sunt,
1543 725 1618 759 aut
1638 718 1730 761 fue-

166 781 278 817 runt
338 775 452 817 Duae
482 781 583 815 sunt
611 780 739 826 artes,
759 788 854 836 quae
883 780 1065 829 possunt
1094 774 1236 816 locare
1258 774 1454 815 homines
1484 774 1529 814 in
1559 774 1730 837 amplis-

167 830 275 871 simo
297 832 433 893 gradu
453 830 698 886 dignitatis3
728 845 813 871 una
833 830 1112 885 imperatoris,
1130 832 1264 872 altera
1280 830 1459 872 oratoris
1479 830 1597 872 boni.
1657 830 1728 873 Ab

165 887 251 928 hoc
272 901 385 928 emm
405 901 525 941 paels
546 893 794 927 ornamenta
813 886 1072 938 retinentum
1103 887 1157 928 ab
1174 887 1248 929 illo
1265 887 1364 928 belli
1377 887 1577 957 pericula
1595 888 1728 951 repel-

164 942 322 984 luntur.
382 942 559 983 Caeterae
579 950 723 983 tamen
740 943 915 984 virtutes
946 943 1051 1005 ipsae
1081 958 1156 999 per
1185 958 1231 984 se
1261 943 1441 985 multum
1461 943 1649 996 valent,
1633 958 1729 1000 Jus-¹

91 1001 146 1042 50
166 998 273 1049 titia,
294 999 418 1050 fides,
438 999 590 1055 pudor,
611 998 908 1054 temperantia,
928 998 1086 1055 quibus
1115 1006 1174 1051 te,
1196 1000 1331 1048 Servi,
1348 1000 1555 1042 excellere
1576 1014 1726 1042 omnes

164 1054 438 1126 intelligunt:
471 1055 548 1096 sed
579 1069 693 1096 nuno
713 1055 766 1095 de
788 1055 944 1096 studiis
967 1055 1021 1096 ad
1050 1055 1257 1096 honorem
1277 1055 1543 1118 hdispositis,
1563 1069 1651 1096 non
1671 1057 1726 1099 de

164 1111 298 1152 insita
311 1112 520 1167 cujusque
534 1110 704 1161 virtute,
719 1111 909 1167 disputo.
958 1110 1115 1152 Omnia
1130 1111 1215 1152 ista
1227 1111 1352 1152 nobis
1369 1111 1514 1153 studia
1525 1112 1578 1153 de
1594 1112 1729 1154 mani-

164 1167 274 1209 bus
267 1168 572 1219 ¹excutiuntur,
586 1167 712 1208 simul
728 1175 856 1230 atque
873 1166 1030 1230 aliquis
1046 1174 1190 1209 motus
1206 1182 1340 1210 novus
1357 1168 1561 1210 bellicum
1574 1183 1727 1210 canere

166 1223 312 1279 coepit.
371 1224 558 1275 Etenim,
580 1230 628 1264 ut
657 1223 716 1264 ait
747 1238 996 1279 mgemosus
1027 1224 1159 1281 po'eta
1183 1230 1227 1266 et
1256 1231 1407 1266 auctor
1425 1224 1552 1266 valde
1573 1225 1727 1278 bonus,

91 1284 145 1323 55
165 1280 325 1335 proeliis
357 1280 653 1336 promulgatis,
675 1282 904 1322 Pellitur
884 1298 904 1321 e
925 1283 1075 1332 medio,
1103 1295 1191 1322 non
1221 1280 1358 1322 solum
1375 1281 1459 1323 ista
1478 1288 1619 1323 vestra
1637 1295 1728 1323 vera

164 1338 272 1378 bosa
293 1336 510 1379 simulatio
531 1336 780 1393 prudentiae,
802 1338 880 1378 sed
900 1337 1028 1378 etiam
1049 1337 1153 1379 illa
1143 1352 1239 1394 lpsa
1260 1337 1434 1379 domina
1453 1351 1592 1379 ιἐιιιιιι
1611 1341 1727 1392 sapi-

163 1397 308 1436 entia.-
339 1396 382 1434 υἱ
406 1397 580 1447 geritur
597 1408 677 1434 ‘res
738 1395 977 1461 »Spernitur
1009 1400 1169 1445 orator,
1190 1408 1276 1435 non
1307 1394 1446 1436 solum
1474 1394 1650 1436 odiosus
1681 1394 1727 1436 in

164 1449 365 1502 dicendo,
385 1464 436 1491 ao
465 1451 638 1506 loquax,
659 1464 805 1491 verum
825 1449 955 1491 etiam
985 1452 1146 1493 bonus:
1177 1453 1379 1493 horridus
1397 1453 1516 1492 miles
1536 1457 1725 1493 amatur

162 1505 365 1549 Vestrum
385 1508 483 1549 vero
496 1506 687 1548 studium
702 1511 842 1547 totum
852 1507 986 1561 jacet.
1016 1509 1122 1548 Non
1139 1510 1303 1559 evjure
1314 1521 1452 1548 manu
1467 1513 1725 1557 consertum,

89 1566 146 1608 60
163 1565 236 1606 secl
256 1579 378 1617 mage
381 1565 520 1618 ferro,
537 1562 706 1618 iniquit,
723 1578 811 1604 rem
826 1569 1045 1617 repetunt.
1083 1563 1212 1611 Quod
1235 1563 1271 1604 si
1292 1563 1353 1605 ita
1373 1569 1454 1614 est,
1477 1563 1617 1615 cedat,
1636 1563 1726 1626 opi-

161 1619 442 1677 nor,Sulpiei‚
453 1619 516 1661 fol
519 1633 591 1661 um
604 1618 773 1671 castris,
783 1618 919 1660 otium
934 1619 1114 1672 militiae,
1128 1619 1252 1662 stilus
1266 1619 1427 1677 gladio,
1440 1619 1592 1662 umbra
1611 1619 1717 1662 soli:

159 1860 381 1910 ‘tibicines
432 1860 595 1916 g[velut
607 1861 819 1918 delapsos]
829 1863 1068 1916 pervenire.
1119 1862 1369 1907 ''ordinati-s.
1421 1860 1718 1919 *auferuntwn

1002 2117 1056 2147 54.
1078 2115 1250 2158 Ingeniosus
1268 2115 1383 2158 po'e'ta.]
1426 2114 1546 2147 Ennius
1575 2115 1719 2158 ingenio*-

200 2115 254 2146 36.
277 2114 358 2145 Istuc
365 2114 568 2155 potissimzim]
587 2114 681 2151 Quod
698 2115 764 2146 fieri
779 2119 916 2146 oratores

958 2169 1009 2189 sus
1040 2164 1089 2189 est
1118 2159 1171 2190 ille
1199 2158 1307 2200 poeta,
1333 2159 1388 2200 qui
1416 2168 1497 2190 anno
1522 2161 1599 2196 515,
1624 2160 1718 2191 Urbis

157 2168 220 2189 non
235 2164 376 2199 possunt,
391 2158 469 2187 fiunt
478 2157 701 2198 jurisconsulti.

201 2202 255 2233 41.
278 2201 469 2241 Salubritas]
495 2200 624 2231 Salubre
638 2201 672 2231 id
688 2201 813 2238 dicitur,
829 2200 913 2241 quod
956 2202 1093 2234 conditae
1119 2207 1220 2238 natus,
1244 2207 1277 2233 et
1302 2203 1379 2239 585,
1405 2207 1542 2234 mortuus
1570 2207 1638 2233 est:
1660 2210 1716 2234 cu·

156 2243 286 2274 salutem
303 2249 355 2274 aut
376 2244 541 2274 sanitatem
564 2244 664 2274 affert.
710 2243 739 2274 A
757 2244 912 2285 juriscon-
951 2244 1004 2285 jus
1030 2245 1049 2276 ὲ
1074 2245 1191 2281 Gellio,
1216 2244 1271 2276 lib.
1295 2248 1349 2283 20,
1371 2252 1443 2286 cap.
1465 2247 1518 2282 10,
1543 2246 1716 2277 referuntur

157 2287 243 2318 sultis
270 2287 384 2326 petitur
409 2287 536 2326 quidem
560 2286 592 2316 in
615 2288 705 2317 rebus
727 2287 912 2328 capitalibus
954 2298 1081 2320 versus:

155 2329 329 2365 consilium,
353 2330 437 2370 quod
465 2339 516 2359 reo
548 2329 735 2368 periclitanti
763 2329 912 2360 absoluti-

156 2375 248 2402 o'nem
272 2372 399 2402 afferat:
424 2372 480 2401 sed
510 2371 549 2401 ab
579 2373 749 2402 oratoribus
776 2372 910 2402 dicendo

998 2372 1156 2404 Pellitur
1140 2384 1157 2404 e
1170 2375 1262 2405 medio
1273 2373 1436 2415 sapientm5
1457 2373 1487 2404 ἰη
1498 2374 1615 2428 geritur
1628 2379 1681 2404 τοῖς.

155 2413 237 2445 salus
252 2415 388 2450 affertur,
404 2414 479 2444 dum
502 2413 639 2444 efficiunt
660 2420 695 2445 ut
716 2424 786 2445 reus
809 2414 911 2445 absol-

997 2416 1153 2455 Spernitur
1188 2423 1285 2449 orator
1319 2417 1432 2454 bonus,
1463 2415 1594 2447 homdu'
1635 2417 1716 2448 miles

153 2461 254 2488 vatur.

196 2502 250 2530 48.
275 2499 361 2529 Pacis
391 2499 587 2539 cyr-numeram]
633 2499 746 2541 Leges,
776 2499 911 2540 judicia,

152 2541 274 2582 religio,
293 2542 460 2573 concordia
482 2541 606 2578 civium,
630 2546 687 2574 &c.
710 2543 798 2584 pacis
820 2553 910 2573 orna..

155 2591 260 2615 menta
275 2585 429 2621 dicuntur,
444 2585 517 2625 quia
541 2592 613 2616 tunc
636 2585 831 2626 potissimum
852 2586 909 2616 flo-

152 2633 233 2659 rent.

197 2672 250 2701 53.
273 2668 415 2700 Bellicum
427 2669 557 2710 canera]
596 2669 770 2708 Bellicum,
784 2678 818 2702 ut
835 2682 909 2703 auc-

153 2717 201 2743 tor
215 2717 263 2743 est
277 2712 410 2749 servius,
422 2723 536 2744 nomen
551 2718 600 2745 est
614 2714 681 2746 soni
703 2716 744 2746 ad
767 2715 907 2747 dandum

153 2755 228 2786 tuba
243 2766 356 2797 pugnae
370 2756 503 2797 signum.

997 2465 1213 2533 Ηαιιιωιγΐιιξιῖιιζι
1225 2503 1310 2534 dictis
1334 2506 1484 2539 omanus,
1505 2502 1554 2533 sed
1575 2501 1714 2534 maledica

995 2546 1208 2619 Misoeiiig'inter
1220 2599 1275 2619 sese
1287 2588 1453 2618 inimicitias
1463 2587 1618 2629 agitantes.

996 2629 1065 2661 Non
1091 2641 1123 2661 ex
1138 2632 1213 2670 jure
1237 2638 1328 2662 manu
1351 2636 1523 2670 comertum,
1550 2631 1599 2662 esea
1626 2629 1712 2672 mg?

995 2672 1233 2790 Μωζῖὦὲἑπῠ,
1251 2718 1428 2760 regnumque
1445 2721 1570 2758 petum,
1597 2717 1710 2750 vadum

1077 2769 1128 2790 soz
1182 2770 1220 2791 υι.
