1838 3017
831 146 861 179 N
866 148 981 182 OTAE.

165 222 202 254 P.
217 225 249 256 9.
265 223 402 255 Αωαὶεη
414 229 468 254 aut
483 223 662 274 adspirare]
683 222 821 254 Accedere
835 228 883 254 est

119 266 292 307 proximum
315 267 398 298 lieri:
425 267 589 307 Adspirme,
613 268 644 297 in
660 278 729 298 enm
752 273 884 308 partem,

121 308 184 350 quii
201 310 275 351 quid
293 309 453 351 quaesitum
470 316 528 345 est,
546 322 595 340 vm
588 310 663 340 'tum
679 316 711 341 et
726 310 830 341 oculos
847 320 884 341 ac

120 351 260 392 spiritum
275 354 334 384 oris
350 353 519 383 advertere.
565 354 666 383 Ascon.

167 397 216 426 10.
250 395 363 436 ssiquis
385 401 476 426 metus
501 396 659 434 adjunctus
684 397 720 426 sit
747 397 785 426 ad
811 407 883 437 gra-

119 437 201 470 tiam.
206 437 221 479 ]
238 436 276 468 Id
292 438 357 479 agit
373 444 543 478 corruptor,
560 444 594 469 ut
616 439 766 479 gratiosus
785 439 886 479 judex

121 489 183 509 non
195 479 293 510 solum
308 481 383 510 velit
394 491 515 512 servare
528 482 698 522 corruptori
711 492 766 511 suo
780 481 885 517 iidem,

120 521 225 552 verum
241 522 335 554 etiam
351 523 468 565 aliquid
492 524 617 560 habeat,
631 535 685 555 cur
701 524 749 554 vel
773 525 885 554 invitus

120 571 259 617 cogatur
272 566 312 596 ad
341 566 577 597 custodiendam
608 567 784 608 pactionem
815 578 887 608 pro-

121 607 220 638 missae
243 619 262 639 a
281 619 314 640 se
338 609 456 650 gratiae.
503 610 588 646 Quid
607 616 710 640 autem
729 615 786 645 est,
801 610 885 651 quod

121 657 239 681 metum
265 650 417 701 adjungat
442 652 482 682 ad
506 652 656 693 gratiam?
684 652 812 688 scilicet,
834 658 888 683 aut

120 699 236 730 custos,
264 700 319 725 aut
349 695 482 736 signum,
504 701 557 726 aut
580 694 696 736 aliquid
720 695 885 737 ejusmodi.

120 735 226 768 Areon.

163 778 363 820 1b.Certos.]
409 779 475 810 Aut
496 780 536 810 ob
559 781 630 816 hoc,
653 779 735 821 quud
760 784 886 810 senten-

121 821 196 851 tiam
219 832 317 857 suam,
332 832 386 852 cnr
409 823 540 863 quisque
565 824 740 860 damnaret,
757 827 809 852 aut
832 832 886 852 cur

120 864 252 905 quisque
269 863 456 902 absolveret,
473 864 556 901 prius
571 865 719 896 dixisset:
736 870 789 895 aut
812 865 884 896 ideo

119 912 209 937 certos
229 906 319 947 quasi
341 912 514 948 sequestres
544 908 635 948 hujus
663 908 708 938 rei
734 908 812 938 inter
831 907 885 948 ju-

120 949 206 980 dices
229 960 263 980 se
285 949 402 980 habere
426 950 511 981 dicat
541 950 736 987 Hortensius,
759 951 886 991 quibus,

122 992 289 1033 antequam
307 992 425 1023 tabulas
441 993 471 1022 in
489 1003 583 1024 unum
601 1004 707 1024 omnes
719 993 887 1034 conjiciant

120 1040 215 1075 atque
238 1035 443 1070 confundant,
462 1036 565 1066 furtim
591 1037 769 1071 ostendant,
793 1046 885 1077 quam

122 1077 255 1119 quisque
271 1078 456 1108 sententiam
474 1079 693 1110 constituendo
717 1079 888 1110 accusatori

123 1120 351 1162 conscripserit.
395 1122 499 1152 Ascon

167 1163 218 1194 Ib.
257 1167 325 1196 Non
353 1165 429 1194 enim
464 1165 592 1205 singulos
611 1164 698 1206 serre
724 1166 888 1201 sententias,

121 1206 192 1247 ela]
248 1205 287 1236 In
309 1206 564 1242 divinationibus,
588 1214 620 1238 et
641 1208 674 1238 in
697 1208 764 1238 aliis
788 1209 888 1239 causis

122 1250 302 1290 majoribus,
326 1249 457 1280 universi
488 1249 614 1290 judices
645 1251 676 1281 in
705 1251 813 1281 cistam
842 1257 888 1281 ta-

98 1291 208 1334 *bulas
235 1291 327 1322 simul
351 1292 560 1332 conjiciebant
585 1304 674 1330 suas3
699 1304 814 1334 easque
841 1293 888 1324 in-

122 1334 260 1383 sculptas
299 1334 402 1365 literas
442 1335 603 1371 habentes,
643 1317 684 1368 A'.
707 1335 888 1367 Absolutio-

122 1376 191 1414 nis;
226 1377 265 1408 C.
292 1366 589 1415 Condemnationis3
624 1389 694 1410 cum
725 1380 765 1409 de
793 1379 889 1409 alicu-

119 1419 173 1461 jus
202 1420 308 1460 eapite
347 1421 516 1462 agebatur·
561 1421 604 1452 N.
640 1421 676 1452 L.
700 1422 888 1463 Ampliatio-

122 1463 189 1501 nis;
228 1463 274 1494 his
311 1464 394 1494 enim
432 1463 525 1494 literis
562 1464 788 1514 significabant,
826 1475 889 1495 non

121 1505 164 1547 liq
169 1488 251 1537 [iere.
306 1505 386 1536 Vult
419 1517 492 1547 ergo
529 1508 733 1547 corruptionis
772 1513 888 1538 tantam

124 1549 365 1579 sollicitudinem
396 1549 479 1580 circa
511 1548 635 1589 judices
664 1561 732 1581 esse
758 1551 888 1587 rlollius,

127 1597 172 1628 ut,
200 1593 258 1622 hac
281 1591 430 1632 religione
452 1591 584 1632 injecta,
601 1603 656 1633 pro
679 1604 712 1624 se
732 1593 887 1634 judicent.

123 1634 243 1674 Singuli
268 1639 371 1665 autem
401 1635 587 1665 sententiam
611 1636 652 1666 de
683 1635 789 1666 tabula
821 1647 889 1677 pro-

124 1677 310 1708 nuntiabant
335 1678 367 1707 in
395 1677 559 1708 levioribus
588 1678 701 1715 causis,
724 1684 756 1709 et
786 1679 825 1709 ob
855 1680 887 1709 id

124 1719 227 1760 ipsum
250 1731 350 1762 neque
365 1720 439 1750 nota
464 1731 566 1761 neque
581 1723 710 1752 custode
726 1732 804 1762 opus
820 1722 889 1758 fuit,

124 1773 179 1793 cur
208 1768 366 1812 corruptor
389 1762 532 1804 judicum
563 1763 748 1805 adjungeret
776 1770 889 1795 metum

125 1806 165 1836 ad
189 1805 317 1847 gratiam
340 1805 524 1857 judicantis.
571 1807 748 1838 Constituere
773 1813 889 1844 autem,

124 1849 246 1879 tabulas
278 1849 309 1878 in
339 1848 417 1879 cista
454 1859 568 1890 ponere
598 1849 762 1889 significat,
791 1850 890 1892 magis

126 1901 221 1932 quam
237 1892 415 1922 decernere
459 1892 563 1924 Ascon.

173 1933 222 1966 Ib.
257 1934 391 1964 Ceratum
433 1936 587 1975 unicuique
633 1935 764 1966 tabellam
810 1936 889 1972 dari,

127 1976 198 2018 εἴα]
254 1977 418 2007 Terentius
442 1977 552 2012 Varro,
574 1977 668 2007 frater
692 1978 728 2008 C.
743 1978 891 2008 Varronis

127 2030 200 2051 con
192 2018 304 2049 obrini
323 2019 371 2049 M.
386 2018 491 2055 Tullii,
508 2029 576 2050 reus
592 2030 630 2049 ex
646 2019 735 2056 Asia,
749 2022 832 2061 apud
851 2021 888 2053 L.

127 2061 253 2093 Furium
277 2068 437 2102 praetorem
462 2061 572 2102 primo,
588 2062 628 2092 de
644 2063 785 2103 pecuniis
800 2074 891 2104 repe-

128 2105 244 2140 tundis,
269 2105 383 2135 deinde
407 2105 490 2145 apud
519 2105 555 2135 P.
580 2104 746 2136 Lentulum
770 2105 890 2145 Suram,

128 2153 176 2178 est
198 2152 380 2178 accusatus:
404 2147 625 2188 absolutusque
649 2153 696 2178 est
718 2159 738 2179 a
753 2148 794 2184 Q.
812 2149 893 2178 IIor-

127 2190 239 2229 tensio,
256 2190 309 2231 qui
327 2189 647 2230 corruptisjudicibus
670 2192 751 2221 hunc
775 2198 890 2222 metum

128 2232 272 2273 adjunxit.
321 2233 360 2263 ad
410 2233 552 2273 gratiam,
603 2238 637 2263 ut
688 2233 890 2265 discoloribus

127 2276 207 2306 ceris
245 2275 407 2316 insignitas
441 2275 565 2316 judices
602 2276 730 2306 tabellas
765 2277 892 2318 accipe-

128 2324 211 2355 rent,
243 2323 278 2348 ut
306 2319 430 2349 timeret
466 2318 676 2360 unusquisque
704 2329 821 2356 eorum,
852 2331 891 2350 ne

129 2361 222 2392 fidem
253 2360 405 2402 pactionis
427 2371 489 2391 non
516 2361 653 2392 servasse
680 2361 843 2398 videretur,
867 2362 892 2393 si

128 2409 192 2435 'non
215 2404 247 2434 in
263 2403 381 2442 tabula,
398 2414 490 2445 quam
511 2405 677 2444 unicuique
701 2405 805 2435 datam
830 2416 894 2436 mc-

132 2447 272 2478 minisset
295 2447 490 2483 Hortensius,
513 2458 550 2477 ex
573 2447 648 2477 nota
670 2457 749 2478 cerae
777 2448 895 2479 scilicet

132 2490 303 2526 discoloris,
330 2490 505 2520 absolutum
533 2489 702 2521 Varronem
736 2491 894 2532 reperiret.

132 2533 234 2564 Axon.

177 2578 230 2608 11.
280 2574 347 2606 Non
362 2574 414 2606 illd
437 2574 543 2617 i’filmf
557 2585 591 2606 ac
612 2574 752 2617 nescu-ici]
809 2577 892 2608 Mire

131 2628 169 2648 ex
184 2617 279 2668 ipsius
296 2618 452 2649 Hortensii
467 2617 601 2659 persona
616 2619 674 2649 hoc
687 2620 811 2657 dicitur,
823 2631 892 2661 quae

133 2660 216 2701 saepe
231 2660 324 2690 virtus
339 2661 469 2692 maxima
486 2661 645 2692 Ciceronis
669 2662 699 2692 in
715 2663 894 2705 hujusmodi

134 2703 393 2735 allocutionibus
385 2711 552 2737 invenitur
593 2704 694 2738 ‘iscom

1604 153 1690 194 523

969 222 1019 255 Ib.
1042 221 1167 265 Elusit]
1206 222 1292 256 Vide
1310 233 1383 265 pag.
1404 227 1455 256 16.
1470 223 1502 256 in
1518 226 1611 258 verbo
1627 230 1692 259 elu-

926 276 1022 298 surus.

972 310 1020 341 It».
1042 310 1072 340 S.
1094 310 1113 339 ιὶ
1136 309 1439 351 quadruplatoribus]
1492 311 1693 353 Quadrupla-

928 357 1009 383 tores
1025 352 1179 383 delatores
1195 361 1282 384 erant
1297 353 1456 383 criminum
1478 354 1692 394 publicorum:

929 395 960 425 in
984 406 1046 437 qua
1070 406 1100 426 re
1123 403 1263 437 quartam
1295 401 1413 436 partem
1438 396 1478 426 dc
1503 398 1694 438 proscripto.

929 449 994 468 rum
1018 438 1119 474 bonis,
1133 449 1210 479 quos
1235 438 1421 476 detulerant,
1438 441 1695 480 assequebantur.

930 481 995 511 Alii
1028 482 1148 516 dicunt,
1185 482 1443 522 quadruplatores
1481 493 1548 512 esse
1586 493 1693 514 eorum

930 534 1050 554 reorum
1073 530 1278 560 accusatores,
1295 524 1349 564 qui
1371 524 1507 555 convicti
1529 526 1697 568 quadrupli

931 566 1071 596 damnari
1086 566 1217 602 soleant,
1234 572 1267 597 ut
1288 566 1376 602 aleae,
1391 571 1446 597 aut
1466 569 1606 607 pecuniae
1628 579 1698 610 gra·

929 609 1063 639 vioribus
1080 609 1176 639 usuris
1193 609 1363 645 foeneratae,
1379 610 1471 649 quam
1495 620 1549 650 pro
1565 622 1698 642 consue-

932 652 1056 689 tudine3
1097 659 1150 682 aut
1179 650 1331 692 ejusmodi
1362 651 1492 681 aliorum
1522 653 1696 685 criminum.

930 695 1034 725 Ascon.

975 736 1026 768 Ib.
1052 736 1150 766 Omnis
1176 735 1366 776 improbitas]
1422 735 1463 766 Et
1487 740 1621 779 corrupti
1641 739 1697 780 ju-

930 779 1028 815 dices,
1052 784 1084 809 et
1106 784 1300 819 eotruptores
1324 790 1428 809 eorum
1454 785 1486 810 et
1508 789 1698 822 sequestres,

930 827 961 852 et
991 822 1172 863 interpretes
1195 829 1227 852 et
1251 821 1411 858 emissarii,
1439 827 1471 853 et
1493 834 1584 855 omne
1609 827 1695 867 quod

929 864 995 894 vitii
1010 870 1066 895 est.
1113 864 1216 894 Ascou.

975 907 1345 948 12.1182c111alite›as.]
1370 907 1408 938 Id
1423 913 1480 944 est,
1493 908 1697 942 instrumenta

930 960 999 990 quae
1017 951 1047 980 in
1062 950 1191 981 Verrem
1209 951 1385 991 conscripta
1406 951 1461 981 tibi
1485 952 1642 989 darentur,
1650 955 1696 1000 ἐι,

931 1004 970 1033 eJ·
965 1004 996 1023 is
1023 1000 1184 1024 accusator
1210 993 1404 1029 constitutus,
1432 994 1464 1024 in
1499 994 1607 1025 Sicilia
1630 995 1697 1037 ejus

931 1036 1253 1076 criminainquircres.
1298 1035 1425 1076 Sylvius.

974 1077 1235 1119 Ib.1')eporture.]
1252 1078 1406 1118 Asportare
1419 1078 1536 1120 aliquid
1554 1086 1588 1110 ut
1602 1081 1697 1112 inter-

931 1127 997 1158 eat;
1021 1122 1170 1161 ‹Iepoztme
1187 1128 1219 1151 ut
1236 1127 1333 1152 mutet
1347 1121 1459 1152 locum.
1504 1123 1608 1154 Ascon.

974 1164 1024 1195 lb.
1053 1164 1140 1194 Illius
1158 1170 1289 1204 pzaetuza
1310 1170 1337 1194 et
1362 1171 1414 1194 tua
1437 1168 1609 1209 quaestura.]
1656 1167 1696 1198 Id

933 1213 990 1242 est,
1005 1207 1131 1237 crimina
1153 1218 1222 1248 qute
1239 1207 1353 1238 Verres
1378 1214 1499 1248 praetor,
1515 1214 1547 1239 et
1569 1220 1638 1250 quae
1662 1217 1696 1241 tu

932 1256 1077 1290 quaestor,
1113 1251 1146 1280 in
1191 1250 1296 1280 Sicilia
1334 1250 1548 1288 att-uisissetts,
1584 1252 1696 1284 iisdem

930 1292 1026 1323 literis
1041 1292 1217 1333 conscripta
1232 1298 1346 1324 essent.
1388 1294 1515 1334 Sylvius.

974 1336 1024 1368 Ib.
1049 1336 1231 1376 Asporrare]
1277 1335 1322 1366 Ut
1346 1336 1503 1376 perirent3
1525 1337 1555 1368 id
1574 1343 1634 1375 est,
1650 1338 1696 1369 la·

931 1389 1035 1409 cerare
1052 1384 1105 1409 aut
1119 1389 1218 1410 urere.
1265 1378 1391 1420 Sylvius.

975 1421 1024 1452 lb.
1080 1421 1278 1452 lectissimum
1313 1422 1544 1463 adolescentem]
1611 1424 1696 1455 Vera

932 1464 1082 1495 laudatio.
1105 1464 1183 1495 Vult
1198 1464 1280 1495 enim
1297 1464 1394 1500 illum,
1410 1476 1472 1495 non
1489 1471 1523 1495 ut
1536 1466 1696 1498 inimicum

931 1507 1043 1543 fratris,
1054 1512 1160 1538 contra
1176 1507 1385 1547 germanitatis
1398 1507 1530 1538 officium
1544 1520 1611 1540 esse
1625 1520 1695 1540 cuin

932 1550 1042 1586 Verre,
1053 1550 1107 1581 sed
1123 1550 1196 1580 ideo
1212 1550 1295 1591 quad
1311 1550 1455 1582 Caecilius
1468 1562 1594 1593 quoque
1606 1552 1696 1584 Verri

931 1593 1031 1624 carior
1047 1593 1095 1623 sit.
1142 1594 1245 1625 Ascon-

976 1635 1174 1667 Leuissimum
1208 1641 1294 1676 atque
1328 1638 1541 1667 ornatissimum
1585 1638 1696 1668 adoles-

931 1679 1067 1720 centem]
1115 1679 1230 1710 Veram
1251 1690 1320 1710 esse
1344 1679 1554 1710 laudationem
1580 1680 1696 1711 Pedia-

933 1732 991 1751 nus
1007 1721 1060 1757 ait,
1076 1721 1160 1762 quod
1179 1721 1197 1751 zi.
1212 1722 1302 1752 fratre
1326 1733 1388 1752 non
1412 1723 1584 1759 dissentiat,
1602 1734 1694 1764 quem

932 1764 1010 1794 sciat
1024 1765 1156 1794 amicum
1172 1775 1238 1795 esse
1255 1765 1354 1795 Verri.
1415 1765 1478 1795 Sed
1496 1776 1587 1796 ea-ne
1603 1777 1696 1797 causa

934 1817 1002 1837 esse
1023 1807 1143 1843 debuit,
1158 1817 1212 1837 cur
1234 1807 1416 1838 lectissimus
1431 1813 1525 1849 atque
1542 1809 1697 1839 ornatissi-

934 1860 1001 1880 mus
1028 1850 1210 1880 adolescens
1234 1850 1410 1880 diceretur?
1433 1862 1502 1892 qnae
1526 1852 1696 1884 communis

935 1897 967 1922 et
981 1892 1085 1933 ampla
1099 1893 1241 1934 quasdam
1257 1893 1322 1923 laus
1337 1898 1395 1929 est,
1410 1904 1471 1923 non
1487 1895 1525 1924 ad
1543 1895 1698 1935 germani-

935 1935 1005 1965 tatis
1029 1935 1176 1970 officium,
1192 1941 1227 1965 ut
1249 1935 1441 1966 existimasse
1456 1937 1577 1967 videtur
1593 1936 1697 1968 Asco-

934 1978 1015 2013 nius,
1043 1978 1165 2018 proprie
1196 1979 1341 2020 pertinet.
1386 1979 1454 2017 Ειο
1483 1986 1698 2019 argumentum

936 2019 1062 2060 quidem
1088 2031 1222 2060 agnosco
1244 2022 1283 2050 de
1307 2022 1550 2060 prevaricatione
1567 2022 1698 2060 Caecilii,

936 2061 1019 2103 quod
1037 2062 1102 2102 ejus
1116 2063 1209 2093 frater
1224 2073 1293 2093 cum
1306 2063 1404 2094 Verre
1417 2064 1476 2101 sit;
1498 2064 1576 2094 sed*
1569 2065 1699 2096 ironiam

935 2106 1043 2135 abesse
1061 2116 1122 2135 non
1139 2105 1278 2143 amittet,
1294 2116 1364 2136 curn
1388 2116 1459 2136 enm
1483 2107 1607 2148 egregie
1632 2108 1698 2139 lau-

935 2147 1000 2183 det,
1029 2148 1082 2188 qui
1110 2159 1179 2179 curn
1205 2148 1328 2178 homine
1357 2149 1564 2189 perditissimo
1589 2151 1697 2187 Verre,

936 2196 1042 2221 contra
1057 2201 1150 2230 quem
1174 2191 1279 2221 Sicilia
1295 2197 1359 2222 tota
1375 2192 1583 2223 testimonium
1601 2194 1698 2230 dicat,

934 2233 1170 2264 familiarissime
1187 2238 1218 2264 et
1234 2233 1415 2265 amicissime
1433 2236 1529 2266 vivat.
1574 2236 1610 2266 P.
1629 2236 1698 2267 Μα-

935 2277 1046 2306 nutius.

980 2320 1031 2349 13.
1056 2318 1247 2349 Frumentum
1261 2320 1338 2350 sibi·
1329 2331 1359 2350 ιη
1373 2321 1484 2352 cellam.
1487 2321 1501 2362 ]
1547 2321 1698 2354 Annonas

937 2361 1074 2402 praetoris
1097 2362 1191 2398 dicit:
1216 2373 1285 2403 quas
1307 2363 1341 2393 in
1363 2363 1507 2394 frumenti
1530 2371 1615 2396 certo
1638 2376 1695 2396 nu-

939 2414 1022 2435 mero
1053 2405 1270 2445 praebebantur
1291 2407 1330 2435 ab
1355 2406 1485 2438 Siculis:
1518 2407 1550 2438 in
1585 2409 1697 2449 quibus

939 2447 1052 2478 Verres
1068 2452 1099 2478 ct
1115 2449 1279 2488 pecuniam
1297 2459 1352 2489 pro
1368 2449 1520 2480 frumento
1536 2462 1614 2491 exe⁴
1616 2451 1649 2486 it,
1665 2456 1698 2481 et.

939 2501 976 2521 eo
1000 2489 1112 2539 pretio,
1129 2497 1173 2527 ut,
1190 2502 1244 2532 pro
1259 2491 1380 2522 duobus
1402 2493 1560 2528 sestertiis,
1577 2495 1698 2524 duode-

938 2544 994 2564 nos
1007 2534 1039 2563 in
1057 2534 1174 2564 modios
1194 2535 1331 2576 singulos
1352 2537 1500 2576 exegerit,
1514 2536 1613 2566 sexies
1630 2536 1698 2577 plus

935 2587 1028 2618 quain
1046 2577 1215 2607 emebatur.
1260 2578 1361 2609 Ascon.

980 2618 1029 2649 Ib.
1071 2619 1208 2660 Emptum
1229 2626 1268 2650 est
1294 2631 1327 2650 er
1349 2620 1379 2650 S.
1399 2620 1433 2652 C.
1447 2619 1637 2661 frumentum
1661 2623 1697 2653 ab

935 2661 1068 2702 Siculis]
1105 2663 1208 2694 Sicilia
1224 2663 1319 2693 dabat
1334 2664 1540 2694 decumanum
1562 2664 1699 2695 frumen-

938 2710 1015 2743 tum,
1045 2707 1130 2747 quod
1154 2706 1193 2738 ab
1224 2705 1392 2736 aratoribus
1418 2706 1610 2747 exigebatur,
1633 2707 1699 2738 sine
