1790 3090
38 146 173 194 xxviii
611 151 661 182 M.
687 147 838 182 TULLu
863 149 1108 183 crcssaoms

35 224 169 277 nium,
187 240 285 267 cum
302 224 354 267 iis
371 225 508 268 verbis
525 241 621 282 quae
636 225 789 269 Cicero
806 227 1102 284 perscriberet.
1133 226 1240 275 Quae
1259 226 1313 268 ad
1330 241 1423 268 eam
1436 240 1523 268 rem
1537 239 1631 283 per-

33 280 187 332 tinent,
211 283 335 324 sexta
356 282 602 338 Philippica
623 285 781 340 populo
811 284 1022 339 exposuit.
1084 283 1192 325 Cum
1213 284 1380 325 interim
1409 284 1539 340 legati
1558 298 1632 325 ex·

34 344 342 391 spectarentur,
357 339 513 380 veritus
529 339 698 390 Cicero,
716 355 768 381 ne
780 341 832 381 ad
843 355 994 395 pacem
1012 340 1195 382 Senatus
1209 341 1451 391 inclinaret,
1466 340 1632 395 Philip-

32 393 134 448 pica
155 395 339 450 septima
361 410 511 451 paceni
543 395 749 436 dissuasit
766 413 774 437 :
808 402 866 447 at,
899 396 996 437 cum
1023 398 1150 452 plena
1182 397 1392 452 superbiae
1425 410 1632 452 responsa

32 450 291 502 retulissent,
313 452 521 493 tumultus
545 451 570 492 a
592 452 754 493 Senatu
783 453 980 493 decretus
1010 461 1090 502 est,
1122 452 1219 494 cum
1241 453 1339 494 belli
1362 468 1515 495 nomen
1536 451 1630 507 qui-

31 505 213 547 busdam
234 522 320 549 non
351 509 560 564 placeret:
593 509 709 563 quod
742 507 768 548 a
801 507 1012 549 Cicerone
1034 508 1283 564 Philippica
1304 510 1458 550 octava
1488 523 1629 563 repre-

31 561 214 603 hensum
245 570 323 605 est.
385 564 569 615 Deinde,
601 564 696 605 cum
727 564 772 604 in
805 564 967 604 Senatu
998 570 1195 619 ageretur
1221 564 1274 605 de
1311 566 1501 606 ornando
1538 565 1630 607 Ser.

31 616 243 673 Sulpicio,
265 620 337 675 qni
358 620 402 660 in
423 620 640 676 legatione
663 620 843 670 obierat,
866 619 1155 675 philippicam
1175 635 1332 661 nonam
1352 621 1514 663 habuit.

88 674 153 715 M.
166 674 339 727 Brutus,
350 691 461 717 anno
476 676 691 731 superiore
709 691 760 717 ex
774 675 954 717 Italiain
965 676 1176 717 Graeciam
1187 677 1420 732 profectus,
1433 677 1627 718 Athenas

29 731 160 781 venit,
174 731 248 772 ubi
269 733 425 773 multos
443 733 609 774 nobiles
623 733 919 774 adolescentes
937 732 1016 773 sibi
1032 733 1242 788 adjunxit.
1274 733 1324 773 In
1338 733 1402 773 his
1416 733 1497 773 fuit
1510 733 1628 773 Mar—

30 786 349 837 cus,Ciceronis
359 788 488 840 filius,
503 803 629 843 quem
641 788 1025 829 summislaudibus
1034 796 1205 844 propter
1215 789 1367 830 multas
1377 788 1571 840 virtutes,
1583 795 1629 830 ut

30 843 180 884 scribit
202 843 476 896 Plutarchus,
499 845 658 885 Brutus
680 845 897 886 efferebat.
942 844 1071 886 Hunc
1092 845 1163 886 ille
1183 860 1331 886 secum
1349 845 1392 885 in
1416 845 1626 887 Macedo-

27 898 143 939 niam
160 900 298 951 duxit,
313 915 396 957 quo
413 902 557 957 legato
574 916 676 942 usus
692 902 827 942 multa
844 901 1026 941 feliciter
1042 902 1191 957 gessit.
1222 901 1354 943 Venit
1374 901 1506 957 igitur
1519 901 1627 942 Bru-

27 961 97 995 tus
111 955 154 995 in
170 955 596 1008 Macedoniam,cum
611 957 659 998 C.
679 957 910 1008 Antonius,
930 957 1068 998 Marci
1090 958 1231 1008 frater,
1243 960 1296 1006 Q.
1310 957 1543 999 Hortensio
1554 958 1626 998 de-

28 1011 200 1052 cedenti
218 1013 483 1054 succederet.
527 1013 613 1054 Sed
628 1013 883 1054 Hortensius
902 1014 1137 1054 exercitum
1154 1014 1288 1055 Bruto
1311 1014 1446 1055 dedit.
1492 1013 1624 1069 Legio

25 1066 138 1115 vero,
162 1083 290 1124 quam
309 1069 355 1110 L.
377 1069 479 1110 Piso
506 1070 675 1123 legatus
705 1069 883 1110 Antonii
915 1070 1115 1120 ducebat,
1138 1069 1338 1111 Ciceroni
1366 1070 1454 1110 filio
1475 1084 1520 1110 se
1542 1077 1624 1110 tra-

25 1122 157 1173 didit;
190 1139 288 1179 pars
311 1125 539 1180 equitatfis,
561 1125 635 1180 qui
656 1125 699 1164 in
723 1124 891 1180 Syriam
913 1125 1163 1176 ducebatur,
1185 1126 1240 1166 ad
1259 1126 1438 1166 Brutum
1459 1140 1505 1166 se
1523 1140 1623 1166 con-

23 1179 124 1219 tulit
141 1195 150 1220 :
183 1187 346 1235 partem
365 1181 541 1222 alteram
562 1181 616 1220 ad
631 1195 676 1221 se
695 1180 775 1220 Cn.
793 1179 1010 1221 Domitius
1024 1181 1228 1222 abduxit:
1261 1180 1311 1222 P.
1325 1180 1622 1237 Vatinius,qui

23 1233 340 1290 Dyrrhachium
355 1244 654 1291 occupaverat,
671 1243 816 1291 portas
834 1236 969 1277 Bruto
981 1237 1161 1292 aperuit,
1183 1244 1227 1278 et
1242 1238 1476 1278 exercitum
1494 1237 1622 1278 tradi-

23 1291 100 1332 dit.
132 1291 211 1333 His
233 1293 285 1333 de
304 1293 429 1334 rebus
452 1293 611 1334 Brutus
632 1292 778 1333 literas
800 1291 974 1347 publice
996 1293 1126 1345 misit,
1147 1308 1253 1349 quas
1275 1294 1420 1334 Pansa
1440 1293 1619 1345 Consul,

21 1347 196 1389 laudato
217 1348 367 1400 Bruto,
388 1348 431 1389 in
454 1351 616 1390 Senatu
637 1349 846 1389 recitavit.
884 1348 937 1396 Q.
964 1348 1124 1399 Fufius,
1146 1357 1321 1405 rogatus
1343 1349 1617 1400 sententiam,

21 1402 206 1446 Brutum
242 1406 528 1461 oppugnavit:
562 1412 713 1446 contra
742 1420 870 1460 quem
900 1405 1054 1446 Cicero
1087 1405 1375 1462 Philippicam
1406 1406 1619 1448 decimam

19 1459 142 1502 dixit.
184 1460 234 1503 C.
248 1461 480 1512 Antonius,
494 1461 569 1517 qui
583 1476 628 1502 se
646 1461 920 1516 Apolloniam
934 1468 1154 1517 receperat
1167 1477 1265 1503 cum
1279 1469 1445 1517 septem
1462 1462 1617 1503 cohor-

17 1516 149 1569 tibus,
183 1517 443 1559 Buthrotum
465 1518 746 1567 contendens,
774 1523 860 1558 tres
890 1517 1047 1568 amisit,
1078 1533 1173 1573 quae
1205 1517 1230 1558 a
1261 1517 1396 1559 Bruto
1430 1517 1617 1559 concisae

17 1580 119 1615 sunt
136 1590 144 1615 :
177 1574 333 1623 verum,
366 1574 517 1630 proelio
546 1589 644 1615 cum
676 1573 885 1614 Cicerone
918 1573 1006 1614 filio
1034 1574 1088 1614 ad
1121 1574 1337 1629 Byllidem
1369 1573 1615 1626 commisso,

15 1630 154 1671 victus
174 1630 217 1671 in
238 1630 360 1672 Bruti
379 1637 636 1686 potestatem
652 1630 783 1671 venit.
844 1628 953 1670 Cum
970 1629 1186 1671 Antonius
1201 1629 1476 1686 Apolloniam
1497 1637 1616 1671 tene-

14 1693 92 1737 ret,
115 1696 213 1728 ante
234 1686 334 1728 Kal.
352 1688 456 1742 Apr.
476 1687 651 1728 allatum
672 1686 753 1727 fuit
774 1686 827 1727 de
851 1692 984 1727 morte
1001 1686 1217 1738 Trebonii,
1236 1701 1363 1742 quem
1385 1686 1616 1729 Dolabella

15 1742 208 1799 Smyrnae
221 1743 464 1785 verberibus
486 1743 530 1783 in
553 1742 789 1799 quaestione
812 1742 1041 1784 interfecit.
1074 1742 1225 1784 Hostis
1247 1743 1479 1784 Dolabella
1494 1742 1519 1783 a
1537 1742 1613 1784 Se-

12 1806 116 1841 natu
123 1816 140 1855 J
152 1800 348 1841 udicatus
364 1806 444 1850 est,
459 1807 502 1840 et
511 1807 655 1840 actum
670 1799 722 1840 de
736 1799 989 1854 imperatore
999 1799 1242 1854 deligendo.
1258 1799 1425 1848 Cicero,
1435 1806 1612 1855 rogatus

13 1856 576 1912 sententiam,Philippicam
586 1855 855 1896 undecimam
865 1855 1244 1911 dixit,censuitque
1255 1863 1302 1896 ut
1312 1855 1487 1896 Cassius
1500 1856 1611 1896 bello

12 1911 284 1954 Dolabellam
296 1919 637 1968 persequeretur:
670 1911 765 1953 cum
776 1917 918 1952 autem
929 1911 1048 1966 pacis
1060 1925 1196 1952 sermo
1207 1912 1260 1952 ab
1272 1911 1421 1952 amicis
1431 1911 1610 1952 Antonii

11 1975 294 2024 spargeretur,
311 1969 493 2010 Senatus
510 1969 677 2024 legatos
692 1968 745 2008 ad
764 1983 875 2015 eum,
888 1968 1142 2009 Ciceronem
1159 1973 1202 2008 et
1216 1967 1266 2008 P.
1282 1967 1522 2019 Servilium,
1537 1968 1611 2008 de-

10 2026 167 2066 crevit:
210 2026 287 2066 sed
306 2025 456 2066 habuit
478 2025 631 2066 Cicero
656 2024 957 2065 duodecimam
979 2023 1286 2080 Philippicam,
1308 2023 1394 2079 qua
1411 2023 1609 2064 inutilem

6 2081 123 2122 illam
145 2096 238 2122 esse
258 2082 531 2138 legationem,
555 2095 685 2136 seque
708 2079 846 2121 minus
869 2080 1071 2121 idoneum
1092 2095 1186 2121 esse
1200 2081 1390 2135 legatum
1403 2079 1609 2120 ostendit.

8 2137 167 2189 Pansa,
189 2138 312 2179 initio
326 2137 485 2179 mensis
497 2137 669 2193 Aprilis,
680 2137 735 2177 ad
745 2137 901 2178 bellum
911 2136 1117 2192 profecto,
1130 2136 1192 2177 M.
1204 2136 1403 2177 AEmilius
1419 2135 1605 2191 Lepidus

6 2193 191 2236 Romam
211 2195 261 2235 ad
285 2194 491 2235 Senatum
511 2193 641 2244 misit,
658 2208 786 2249 quem
799 2193 853 2234 ad
870 2207 1021 2248 pacem
1038 2208 1136 2234 cum
1153 2193 1344 2234 Antonio
1364 2192 1606 2233 faciendam

6 2252 255 2292 cohortatus
276 2257 355 2292 est.
417 2250 548 2291 Multi
569 2265 721 2305 pacem
738 2256 976 2299 suaserunt,
999 2248 1113 2304 quod
1134 2249 1323 2290 incertus
1344 2248 1446 2289 belli
1463 2248 1604 2289 exitus

5 2307 231 2349 videretur.
262 2308 440 2357 Tullius,
450 2314 624 2362 rogatus
634 2306 904 2356 sententiani,
916 2305 1202 2361 philippicam
1213 2305 1422 2346 decimam
1435 2304 1604 2346 tertiam

8 2364 132 2415 dixit,
164 2379 262 2405 cum
293 2363 481 2404 Antonio
508 2369 551 2403 et
580 2362 837 2402 Antonianis
865 2376 1015 2416 pacem
1043 2376 1135 2402 esse
1158 2376 1245 2401 non
1275 2375 1400 2416 posse
1425 2361 1603 2402 docens.

8 2421 118 2462 Cum
145 2420 268 2461 multi
289 2421 341 2460 de
364 2419 538 2460 Mutina
559 2418 845 2473 desperarent,
878 2417 1135 2473 optatissimi
1157 2417 1296 2458 nuntii
1325 2423 1367 2458 et
1392 2417 1527 2458 literae
1549 2418 1602 2458 de

7 2477 184 2518 victoria.
195 2475 436 2517 Mutinensi
447 2482 666 2524 venerunt,
679 2489 764 2530 quo
782 2482 970 2529 tempore
984 2475 1169 2514 maximo
1185 2488 1396 2514 concursu
1406 2474 1460 2514 ad
1476 2473 1601 2514 Cice-

5 2548 153 2575 ronem
172 2532 402 2573 multitudo
413 2532 543 2583 venit,
555 2530 579 2571 a
595 2531 681 2586 qua
694 2533 737 2571 in
752 2530 1013 2586 Capitolium
1027 2530 1150 2585 quasi
1164 2530 1427 2586 triumphans
1442 2529 1603 2570 deduc-

5 2597 75 2631 tus
97 2597 176 2640 est,
197 2588 382 2644 indeque
404 2589 447 2629 in
464 2588 630 2629 Rostris
649 2589 899 2638 collocatus,
917 2595 959 2628 et
975 2587 1151 2627 domum
1165 2587 1365 2627 reductus
1382 2593 1462 2626 est.
1494 2585 1600 2626 Haec

6 2646 185 2702 exponit
202 2645 354 2687 Cicero
366 2644 609 2701 Philippica
618 2644 788 2685 decima
804 2642 1119 2699 quarta,i11qua
1136 2642 1472 2699 supplicationes
1484 2641 1600 2683 Con-

6 2703 170 2745 sulibus
194 2709 237 2743 et
257 2701 418 2743 Caesari
440 2700 644 2743 decernit.
706 2701 883 2743 Interim
915 2700 1147 2750 Antonius,
1175 2699 1278 2755 fuga
1308 2705 1599 2755 transgressus

8 2761 139 2817 Alpes
155 2774 230 2816 spe
252 2758 471 2815 colloquii,
492 2757 676 2815 primum
696 2758 890 2815 repulsus
911 2763 977 2799 est
996 2755 1023 2798 a
1043 2755 1231 2814 Lepid03
1261 2769 1362 2799 mox
1378 2754 1533 2812 saepius
1555 2755 1600 2797 in
