1790 3090
83 202 169 245 100

94 960 151 1002 20
170 967 285 1002 tatus
308 959 474 1001 exierit.

736 200 790 233 IN
814 193 1073 235 CATILINAM
1096 199 1146 235 11.

155 279 257 336 qui,
277 293 374 337 quae
393 293 475 336 ego
497 277 721 330 deferrem,
740 292 828 320 non
849 276 1100 320 crederent?
1131 276 1262 375 quam
1291 275 1468 329 multds,
1486 275 1562 333 qui
1589 274 1721 333 prop-'-

1115 349 1143 375 u

164 343 231 378 ter
249 336 504 379 astultitiam
534 348 622 376 non
651 335 883 390 putarent?
912 333 1042 392 quam
1070 349 1113 376 m

1162 341 1246 387 tos,
1269 334 1340 391 qui
1361 333 1494 375 etiam
1515 332 1721 375 defende-

93 395 148 437 10
167 394 289 436 rent?
319 393 449 449 quam
487 391 663 442 multos,
726 391 770 432 ui
808 399 984 448 propter
1019 391 1340 448 improbitatem
1370 385 1592 432 faverent?
1651 388 1720 431 Ac

166 451 217 504 si,
239 451 409 492 sublato
431 449 519 499 illo,
537 447 695 504 depelli
713 464 739 488 a
752 448 876 490 vobis
894 463 1020 490 omne
1033 448 1269 504 periculum
1278 447 1532 504 judicarem,
1541 445 1720 502 jampri-

166 508 265 549 dem
282 521 362 562 ego
385 506 431 547 L.
453 504 701 556 Catilinam,
721 519 809 546 non
830 505 958 545 modo
980 504 1152 545 invidiae
1172 519 1292 556 meae,
1309 504 1456 547 verum
1476 504 1605 545 etiam
1620 502 1720 544 vitae'

165 564 370 620 pericul0‚
381 561 672 611 sustulissem;
694 561 783 612 sed,
794 561 893 602 cum
905 560 1109 612 viderem,
1121 565 1192 613 (ne
1201 561 1324 602 vobis
1338 561 1510 617 quidem
1521 558 1723 602 omnibus

166 636 211 661 re
233 620 362 663 etiam
378 626 468 660 tum
483 618 686 675 probata)
701 618 736 659 si
757 617 893 669 illum,
911 624 960 658 ut
975 623 1065 658 erat
1085 616 1276 669 meritus,
1292 624 1428 660 morte
1449 616 1720 668 multassem,

97 677 149 720 15
168 678 257 719 fore
278 683 326 718 ut
346 677 438 732 ejus
461 675 618 727 socios,
631 674 794 717 invidia
816 689 1062 731 oppressus,
1075 674 1275 730 persequi
1294 688 1382 716 non
1401 688 1602 731 possem3
1631 680 1722 714 rem

167 735 254 775 huc
274 732 447 785 deduxi,
468 738 518 774 ut
538 739 628 774 tum
647 731 792 788 palam
822 746 1013 788 pugnare
1035 730 1236 787 possetis,
1258 731 1358 772 cum
1385 731 1557 773 hostem
1575 728 1722 786 aperte

168 790 387 833 videretis.

448 790 589 839 Quem
630 789 807 846 quidem
847 803 928 844 ego
965 789 1152 841 hostem,
1186 786 1394 840 Quirites,
1433 786 1564 843 quam
1593 787 1724 828 vehe-

169 854 333 889 menter
371 847 473 889 foris
521 861 615 888 esse
664 846 904 887 timendum
952 851 1114 902 putem,
1155 844 1259 887 licet
1307 844 1410 886 hinc
1456 842 1723 900 intelligatis,

169 905 285 959 quod
325 903 433 944 illud
473 903 604 945 etiam
641 901 822 944 moleste
863 902 969 954 fero,
1009 902 1126 959 quod
1164 915 1218 943 ex
1257 901 1360 943 urbe
1399 915 1552 965 parum
1590 899 1726 941 comi-

537 960 716 1001 Utinam
753 959 827 1001 ille
868 974 1017 1002 omnes
1057 973 1205 1001 secum
1239 973 1338 1001 suas
1372 972 1520 1014 c0p1as
1552 955 1726 999 eduxis-

170 1016 261 1058 set!
292 1016 540 1070 Tongilium
565 1016 669 1057 mihi
689 1015 851 1067 eduxit,
873 1031 1002 1071 quem
1032 1031 1172 1057 amare
1202 1015 1246 1056 in
1276 1015 1483 1072 praetexta
1503 1018 1723 1070 coeperat3

170 1074 419 1116 Publicium
454 1081 496 1115 et
533 1072 791 1121 Munatium,
823 1087 1004 1128 quorum
1042 1088 1100 1113 aes
1135 1072 1336 1123 alienum,
1370 1078 1641 1114 contractum
1679 1070 1726 1110 in

168 1131 345 1188 popina,
367 1131 531 1171 nullum
551 1129 678 1185 Reip.
699 1136 865 1170 motum
896 1128 1043 1170 afferre
1064 1135 1247 1185 poterat.
1306 1128 1515 1184 Reliquit,
1536 1141 1645 1183 quos
1665 1128 1726 1167 vi-

168 1203 238 1230 ros
258 1188 265 1228 !

297 1195 458 1244 quanto
490 1186 630 1227 alieno
664 1186 772 1227 aere!
806 1184 936 1241 quam
970 1184 1186 1226 valentes!
1219 1183 1352 1241 quam
1384 1183 1577 1226 nobiles!

1639 1183 1727 1224 Ita-

96 1243 152 1284 25
170 1261 253 1303 que
275 1259 356 1302 ego
390 1244 512 1286 illum
542 1241 794 1295 exercitum,
815 1257 900 1299 prae
922 1241 1161 1285 Gallicanis
1190 1241 1452 1299 legionibUS,
1475 1246 1519 1284 et
1546 1240 1633 1283 hoc
1652 1240 1727 1283 de·-

769 1453 785 1470 2
793 1449 1117 1502 simplicitatem.

173 1679 260 1710 tione
286 1677 415 1708 referet:
445 1679 476 1707 1.
493 1675 577 1713 Quia
599 1675 754 1717 putabant
775 1683 847 1705 eum
869 1671 927 1704 ini-

172 1722 286 1752 micum.
316 1719 475 1756 Catilinae,
499 1720 573 1760 quia
596 1718 830 1759 competitorem
855 1727 926 1747 eum

172 1765 324 1795 habuerat
352 1763 384 1793 in
408 1763 547 1803 petendo
572 1762 746 1793 consulatu.
790 1763 820 1792 2.
845 1759 928 1796 Quia

172 1807 226 1837 alii
253 1806 392 1848 pericula
415 1816 476 1835 non
505 1805 738 1845 prospiciebant
764 1803 929 1834 imminen-

175 1851 228 1881 tia.
258 1853 289 1882 3.
307 1849 390 1885 Quia
402 1848 490 1878 multi
501 1848 643 1879 Catilinae
654 1848 818 1886 favebant,
835 1846 929 1887 quare

172 1894 227 1924 illa
255 1893 392 1933 pericula
421 1892 666 1922 dissimulabant.
710 1890 804 1921 Unde
842 1889 931 1920 multi

176 1936 359 1967 Ciceronem
381 1935 572 1965 crudelitatis
596 1933 801 1970 accusassent,
817 1933 842 1964 si
859 1943 929 1963 eum

173 1979 390 2010 interfecisset.

219 2025 272 2054 13.
291 2022 336 2052 Ne
346 2023 418 2052 vobis
430 2022 541 2061 quidem
552 2019 704 2059 omnibus]
727 2019 765 2049 Id
779 2023 841 2049 est:
855 2019 930 2055 Sed,

175 2065 246 2096 cum
268 2066 406 2095 viderem
430 2075 467 2095 ex
490 2064 578 2094 vobis
601 2063 742 2093 omnibus
767 2073 831 2092 non
854 2071 933 2101 pau-

175 2120 240 2147 cos,
268 2109 321 2149 qui
347 2119 410 2138 non
434 2107 606 2141 crederent,
628 2105 695 2135 tota
720 2103 931 2144 conjuratione

174 2151 358 2191 patefacta,-
381 2151 406 2181 si
420 2150 507 2181 illum
522 2149 740 2184 interficerem,
755 2153 790 2177 ut
805 2147 930 2178 meritus

177 2200 254 2230 erat,
280 2195 344 2225 fore
372 2199 407 2224 ut
436 2203 498 2222 non
528 2202 653 2232 possem
684 2191 830 2231 persequi
855 2190 931 2220 alios

177 2236 317 2278 ejusdem
346 2235 566 2276 conjurationis
597 2234 777 2275 participes,
805 2239 932 2274 propter

177 2280 324 2311 invidiam
348 2290 416 2320 quae
440 2278 516 2309 mihi
539 2277 700 2309 subeunda
723 2281 800 2313 erat,
826 2282 859 2306 et
883 2276 933 2307 cui

178 2324 256 2354 mihi
269 2324 378 2353 fuisset
393 2321 582 2352 cedendum.

223 2368 274 2397 19.
299 2365 413 2396 Ρανιῖπι
440 2363 620 2404 comitatus]
675 2362 820 2392 Trecenti
852 2361 934 2391 dun·

179 2414 266 2439 taxat
280 2408 429 2440 satellites
446 2417 517 2438 eum
533 2407 573 2437 ad
596 2405 711 2436 Manlii
725 2404 935 2447 castra-secuti

180 2457 263 2484 sunt.
829 2456 833 2462 '

225 2497 276 2525 21.
303 2494 468 2535 Tongilium
499 2492 572 2523 mihi
606 2490 733 2531 eduxit]
777 2489 843 2520 Ista
874 2500 934 2520 vox

180 2538 252 2568 mihi
267 2537 306 2568 ad
320 2547 442 2567 sensum
456 2535 544 2571 nihil,
560 2535 614 2566 sed
629 2534 794 2575 plurimum
807 2534 847 2563 ad
864 2543 932 2563 ora-

181 2581 272 2611 tionis
285 2584 479 2610 venustatem
501 2578 594 2615 facit3
618 2587 688 2619 quae
711 2576 839 2607 dicendi
853 2576 931 2606 ratio

181 2623 253 2654 saxis
288 2622 432 2653 Ciceroni
464 2621 620 2651 familiaris
655 2625 713 2651 est.
758 2618 931 2659 Tongilius,

182 2665 353 2700 Publicius,
376 2670 409 2695 et
433 2664 609 2702 Munatius,
639 2662 753 2704 abjecti
777 2662 931 2698 homines,

181 2709 278 2740 secuti
294 2711 364 2738 sunt
379 2707 564 2738 Catilinam:
581 2706 703 2736 nobiles
717 2716 787 2736 cum
799 2705 852 2735 illo
861 2715 935 2736 con-

174 2752 269 2791 jurati
284 2752 318 2781 in
336 2751 419 2782 Urbe
436 2755 624 2780 manserunt.

221 2794 270 2824 Ib.
295 2793 332 2824 In
352 2793 517 2834 prmum]
563 2791 657 2822 Pueri
686 2790 837 2834 praetexta
861 2796 930 2823 ute-

168 2838 288 2868 bantur
303 2837 343 2868 ad
361 2846 475 2868 annum
489 2835 590 2867 aetatis
606 2836 656 2866 17.

1015 1675 1068 1704 22.
1091 1672 1145 1704 AEs
1177 1671 1334 1714 alienum]
1377 1671 1525 1704 Mutuum
1561 1679 1730 1715 acceperat

972 1715 991 1745 a
1006 1716 1150 1748 Publicio
1165 1722 1197 1747 et
1212 1716 1360 1747 Munatio
1375 1717 1561 1757 pecuniam:
1586 1718 1642 1748 sed
1658 1728 1729 1748 eam

972 1758 1110 1791 Catilina
1134 1760 1167 1790 in
1192 1759 1312 1801 popina
1337 1764 1370 1790 et
1393 1760 1501 1800 ganeis
1525 1759 1729 1801 consumpsit.

972 1802 1060 1833 Nota
1103 1808 1218 1839 autem,
1255 1801 1340 1844 qudd
1388 1803 1571 1834 subauditur
1615 1802 1729 1834 iterum

972 1847 1071 1877 edua-it
1105 1846 1281 1876 Publicium
1318 1850 1351 1876 et
1386 1845 1578 1878 Munatium.
1623 1846 1729 1883 Quare

973 1899 1010 1919 ex
1023 1889 1060 1919 ea
1071 1888 1205 1930 pecunia
1218 1888 1295 1920 nihil
1307 1888 1381 1920 mali
1393 1888 1532 1931 Reipub.
1545 1889 1730 1930 impendere

996 1937 1086 1962 otest.

971 1943 992 1973 p
1017 1978 1069 2005 23.
1094 1974 1236 2016 Reliquit,
1249 1986 1317 2015 quos
1333 1976 1408 2006 viros
1418 1975 1445 2015 .']
1469 1974 1617 2006 Ostendit
1636 1974 1728 2015 longe

975 2017 1071 2058 magis
1087 2028 1154 2049 esse
1176 2019 1215 2048 ab
1238 2019 1282 2049 eis
1297 2018 1588 2059 pertimescendum,
1605 2028 1681 2058 quos
1697 2018 1730 2048 in

973 2061 1100 2091 civitate
1127 2060 1275 2102 reliquit;
1298 2061 1372 2102 quia
1399 2060 1519 2091 nobiles
1549 2066 1631 2098 sunt,
1656 2060 1730 2101 quia

974 2114 1034 2133 oere
1064 2104 1166 2134 alieno
1193 2110 1367 2144 gravantur,
1395 2109 1427 2134 et
1462 2103 1599 2145 prompti
1635 2113 1729 2134 manu

976 2152 1046 2176 sunt
1061 2151 1094 2177 et
1108 2147 1253 2180 audaces.
1285 2147 1380 2178 Putat
1390 2145 1443 2178 hic
1456 2147 1576 2188 aliquid
1586 2146 1731 2177 omissum

976 2199 1044 2220 esse
1069 2190 1235 2220 Muretus:
1260 2189 1442 2222 crediderim
1467 2189 1541 2220 ver&
1569 2199 1732 2221 enumera-

976 2233 1093 2263 tionem
1108 2233 1258 2263 bonorum
1273 2233 1386 2265 civium
1410 2233 1590 2270 desiderari,
1604 2232 1659 2273 qui
1674 2243 1732 2274 op-

976 2286 1093 2316 ponere
1121 2285 1155 2306 se
1185 2275 1371 2308 Catilinariis
1407 2281 1556 2317 possunt3
1581 2276 1665 2316 quod
1693 2285 1730 2306 ex

978 2320 1122 2359 sequenti
1152 2320 1290 2350 oratione
1319 2319 1410 2351 facile
1440 2319 1647 2360 cognoscitur,
1675 2317 1731 2349 ubi

977 2366 1138 2402 comparat
1150 2367 1313 2404 utrumque
1327 2362 1508 2394 exercitum.

1022 2409 1074 2436 24.
1096 2405 1200 2445 Itaque
1213 2417 1264 2447 ego
1278 2407 1363 2436 illum
1376 2403 1558 2445 exercitum]
1583 2403 1734 2435 Ostendit

977 2448 1239 2478 contemnendum
1270 2460 1338 2480 esse
1367 2447 1533 2480 exercitum
1563 2446 1730 2478 Catilinae:

1022 2494 1052 2520 1.
1075 2490 1159 2526 Quia
1173 2490 1272 2532 Resp.
1283 2493 1380 2522 habet
1390 2491 1423 2521 in
1433 2490 1638 2531 suolegiones
1652 2488 1735 2523 Gal-

973 2532 1105 2572 licanas,
1121 2543 1198 2574 quas
1214 2535 1353 2575 quotidie
1368 2538 1538 2573 comparat.
1568 2536 1599 2567 2.
1613 2533 1732 2567 Delec-

974 2579 1050 2612 tum,
1066 2586 1159 2616 quem
1175 2577 1328 2608 Metellus
1343 2576 1451 2608 habuit
1465 2575 1496 2606 in
1514 2576 1633 2608 Piceno
1655 2589 1730 2620 agro

975 2623 1006 2648 et
1022 2618 1159 2649 Gallico.
1182 2621 1213 2650 3.
1225 2619 1341 2662 Copias
1349 2630 1418 2662 quae
1429 2619 1569 2660 quotidie
1578 2620 1730 2663 colligun-

974 2666 1021 2692 tur
1036 2672 1090 2701 per
1105 2661 1239 2694 Italiam.

1022 2705 1074 2735 525.
1097 2704 1165 2735 Prae
1189 2705 1353 2736 Gallicanis
1367 2705 1551 2747 legionibus]
1603 2707 1729 2748 Legunt

976 2747 1072 2788 aliqui
1097 2754 1141 2784 εις
1169 2747 1229 2778 illae
1246 2748 1318 2779 ver&
1341 2754 1413 2780 sunt
1435 2749 1589 2789 legiones,
1601 2760 1670 2791 quae
1694 2751 1727 2781 in

976 2789 1080 2821 Gallia
1106 2790 1312 2833 Transalpina
1347 2797 1534 2834 comparatae
1562 2795 1646 2832 sunt,
1674 2794 1729 2826 ubi

973 2839 1038 2865 tum
1054 2839 1142 2866 erant
1156 2832 1239 2866 Boii·
