1858 3095
770 157 860 191 PRO
888 158 1080 191 MILONE.

1697 159 1753 203 34

139 249 266 279 nemo
300 240 453 293 praeter
485 232 711 277 Milonem.
773 235 898 278 Illum
929 236 1083 293 ipsum,
1100 235 1181 300 ‘qui
1214 242 1384 294 poterat
1415 236 1601 288 obstare,
1625 238 1706 282 Cn.

140 292 412 357 Pompeium,
429 307 540 334 novo
563 293 702 334 reditu
725 292 767 334 in
790 294 970 350 gratiam
988 309 1108 350 quasr
1127 294 1371 336 devinctum
1396 295 1677 336 arbitrabatur
1696 314 1704 338 :
1726 297 1780 338 30

144 350 325 392 Caesaris
349 350 599 406 potentiam,
632 365 753 391 suam
776 352 1011 406 potentiam
1034 366 1127 392 esse
1155 351 1352 393 dicebat:
1388 353 1595 394 bonorum
1618 353 1708 392 ani-

141 422 234 448 mos
266 407 396 449 etiam
436 407 479 447 in
509 406 623 447 ‘meo
656 422 758 448 cusu
798 415 1142 463 contempserat:

1207 409 1314 449 Milo
1347 424 1457 450 unus
1490 416 1504 440 Β
1515 409 1707 464 urgebat.

144 463 228 505 Hic
259 464 318 504 dii
350 463 624 514 immortales,
658 472 705 505 ut
735 464 864 521 supra}
885 465 991 516 dixi,
1013 474 1200 507 mentem
1225 465 1436 506 dederunt
1457 465 1516 506 illi
1539 465 1706 522 perdito

140 535 192 562 ac
214 520 390 572 furioso,
411 528 458 562 ut
478 520 578 562 huic
602 522 761 562 faceret
791 522 992 563 insidias:
1025 522 1149 563 aliter
1176 522 1312 578 perire
1346 522 1478 578 pestis
1510 522 1585 563 illa
1622 537 1707 564 non

141 577 302 635 potuit:
335 592 553 634 nunquam
576 578 693 619 illum
715 578 843 641 Respn.
865 594 943 620 suo
958 581 1054 635 jure
1069 587 1184 620 esset
1205 579 1305 619 ulta.
1339 580 1522 619 Senatus
1543 580 1707 634 (credo)
1727 582 1782 622 35

140 641 365 692 praetorem
380 650 476 676 eum
497 635 946 691 ¹¹circumscripfflsset.
984 635 1064 686 Ne,
1083 636 1181 676 cum
1200 635 1370 676 volebat
1388 635 1561 691 quidem
1586 636 1626 676 id
1651 637 1709 676 sa-

140 705 236 734 cere
268 692 310 733 in
343 693 506 756 pri-rato
539 694 691 733 eodem
724 693 820 742 hoc,
841 691 1001 747 aliquid
1038 692 1290 746 profecerat.
1353 695 1420 732 An
1443 693 1644 734 consules
1667 693 1710 733 in

141 758 322 806 piaetore
344 750 584 791 coercendo
606 749 736 790 fortes
760 749 972 789 fuissent?

1034 748 1241 796 Primnum,
1266 748 1430 790 Milone
1453 750 1615 800 occiso,
1640 751 1707 790 lia-

140 807 307 848 buisset
326 821 427 848 suos
450 807 676 847 consules:
711 805 882 856 deinde,
904 806 1001 862 quis
1025 805 1084 846 iin
1120 820 1170 847 eo
1202 815 1380 862 praetore
1409 808 1559 848 consul
1586 806 1708 848 fortis

141 871 272 914 esset,
304 877 378 918 per
408 877 535 918 quem
566 862 797 912 tribunum,
820 863 956 903 virum
988 863 1256 904 consularem
1289 863 1584 904 crudelissime
1613 879 1708 905 vex-
1727 868 1782 909 40

142 928 259 962 atum
272 934 367 961 esse
383 919 678 960 meminisset?
713 919 871 961 Omnia
884 920 1135 976 possideret,
1150 928 1339 961 teneret:
1362 921 1456 975 lege
1469 922 1595 971 novfi,
1612 936 1708 977 quae

139 985 206 1019 est
227 976 399 1018 inventa
421 977 535 1033 apud
556 991 652 1017 eum
674 991 773 1018 cum
804 977 976 1032 reliquis
1008 977 1178 1032 legibus
1202 976 1442 1029 Clodianis,
1465 992 1610 1019 servos
1632 993 1709 1020 no-

139 1042 251 1076 stros
271 1034 448 1075 libertos
471 1048 572 1075 suos
591 1033 778 1074 fecisset.

832 1033 1074 1084 Postremo,
1093 1033 1173 1074 nisi
1192 1049 1288 1075 eum
1306 1034 1366 1075 dii
1384 1034 1647 1076 immortales
1664 1036 1708 1077 in

140 1106 235 1133 earn
258 1098 445 1132 mentem
463 1091 748 1146 impulissent,
766 1098 814 1132 ut
831 1091 960 1132 homo
976 1091 1246 1132 effeminatus
1270 1091 1551 1132 fortissimum
1573 1092 1708 1133 virum

139 1157 365 1190 conaretur
395 1148 607 1198 occidere,
630 1147 759 1188 hodie
789 1148 1015 1203 Rempubl.
1049 1148 1210 1188 nullam
1242 1148 1470 1190 haberetis.

137 1214 309 1262 praetor,
330 1205 400 1247 ille
423 1204 521 1246 vero
544 1205 712 1255 consul,
735 1205 770 1245 si
795 1205 924 1246 modo
946 1206 1039 1245 haec
1061 1206 1236 1260 templa,
1259 1213 1389 1262 atque
1423 1207 1517 1262 ipsa
1548 1207 1708 1248 moenia

137 1271 263 1313 stare,
284 1276 335 1303 eo
359 1262 470 1312 vivo,
493 1261 670 1309 tamdiu,
692 1269 735 1302 et
757 1263 1028 1302 consulatum
1050 1263 1085 1317 ej
1096 1277 1142 1302 us
1174 1272 1423 1318 exspectare
1448 1264 1706 1318 potuissent,
1737 1287 1742 1292 ·

135 1319 206 1360 ille
235 1319 420 1375 denique
443 1319 563 1359 vivus
596 1319 697 1358 mali
731 1319 835 1358 nihil
871 1318 1061 1370 fecisset,
1084 1318 1157 1374 qui
1190 1328 1398 1369 mortuus,
1422 1335 1503 1360 uuo
1534 1335 1586 1361 ex
1617 1322 1706 1362 suis

135 1376 391 1418 satellitibus
415 1376 516 1417 Sex.
539 1375 696 1416 Clodio
719 1376 844 1426 duce,
867 1376 1027 1417 curiam
1046 1376 1312 1416 incenderit?
1345 1391 1430 1433 quo
1453 1378 1556 1433 quid
1581 1378 1707 1418 mise-

135 1433 238 1485 rius,
260 1434 362 1490 quid
384 1432 596 1483 acerbius,
619 1432 721 1488 quid
745 1435 997 1483 luctuosius,
1022 1434 1202 1473 vidimus
1222 1433 1232 1472 ἒ
1265 1436 1473 1489 templum
1501 1437 1704 1476 sanctita-
1727 1443 1782 1483 50

137 1491 209 1542 tis,
240 1490 548 1546 amplitudinis,
580 1490 750 1538 mentis,
782 1491 954 1531 consilii
989 1490 1165 1546 publici,
1187 1501 1318 1546 caput
1345 1492 1471 1542 urbis,
1494 1507 1607 1532 aram
1640 1508 1707 1534 so-

138 1548 319 1598 ciorum,
352 1556 520 1603 portum
562 1546 750 1587 omnium
794 1547 1001 1602 gentium,
1033 1547 1180 1588 sedem
1223 1549 1276 1588 ab
1318 1548 1515 1589 universo
1550 1551 1707 1606 populo

138 1603 335 1646 Romano
366 1619 620 1645 concessum
650 1604 721 1644 uni
751 1605 904 1655 ordini,
938 1604 1205 1654 inflammari,
1239 1605 1448 1656 exscindi,
1479 1607 1707 1647 funestari!

138 1676 277 1717 neque
300 1661 341 1702 id
365 1662 455 1702 fieri
478 1661 503 1702 εἴ
525 1659 796 1702 multitudine
820 1661 1034 1718 imperita,
1067 1661 1351 1717 (quamquem
1374 1670 1490 1703 esset
1509 1663 1711 1704 miserum

139 1719 182 1760 id
206 1719 365 1774 ipsum)
388 1719 464 1760 sed
487 1720 539 1760 ab
564 1732 662 1769 unO,
685 1720 756 1774 qui
779 1718 875 1759 cuin
900 1728 1065 1759 tuntum
1095 1734 1224 1759 ausus
1258 1720 1313 1759 sit
1349 1720 1459 1760 ultor
1495 1734 1569 1775 pro
1602 1736 1710 1762 mor·
1729 1738 1784 1777 55

138 1783 229 1826 tu0‚
253 1776 354 1832 quid
376 1776 555 1833 signifer
576 1790 650 1832 pro
676 1777 770 1817 vivo
793 1791 879 1817 non
901 1785 1015 1817 esset
1045 1776 1202 1816 ausus?

1265 1775 1313 1816 In
1345 1776 1506 1817 curiam
1538 1778 1711 1832 potissi-

138 1834 257 1875 mum
285 1833 488 1890 kabjecit,
520 1841 569 1874 ut
607 1847 702 1874 eam
740 1840 933 1875 mortuus
971 1833 1234 1884 incenderet,
1267 1848 1397 1889 quam
1435 1833 1554 1876 vivus
1595 1850 1712 1877 ever-

137 1989 243 2033 fmeo
255 1993 419 2034 exsilio.
470 1994 729 2035 ⁸resz'stebat.
780 1992 1070 2073 '‘cgerezcisset.
1112 1991 1338 2036 ¹ctdversz>s
1355 1997 1709 2048 ezcmpraetorem.

849 2051 1013 2092 intulit.

184 2223 236 2254 29.
274 2222 328 2256 C'n.
356 2220 554 2264 Pompeium]
619 2222 759 2254 Nolebat
789 2221 902 2254 Clodio

139 2265 311 2307 Pompeius
337 2267 498 2304 obsistere,
514 2267 589 2309 quia
613 2278 683 2299 cum
707 2277 746 2298 eo
769 2267 904 2298 redierat

141 2309 175 2340 in
191 2310 331 2350 gratiam.

183 2354 238 2384 34.
265 2353 304 2384 Ut
319 2354 419 2395 huia]
465 2353 593 2385 Miloni.

181 2397 234 2427 36.
260 2395 317 2434 Ne,
332 2397 397 2428 mim
420 2398 530 2428 volebat
549 2397 687 2438 quidem]
715 2398 828 2429 Sensus
843 2402 902 2436 est,

137 2437 210 2470 esim
224 2447 350 2472 senatus
366 2441 490 2471 volebat
513 2443 655 2472 co'e'rcere
671 2442 816 2473 Clodium
842 2441 903 2482 pri-

138 2488 256 2520 vatum,
272 2484 346 2514 nibil
371 2484 540 2517 efficit-bau
565 2486 640 2526 quid
667 2486 759 2525 igitur
781 2485 902 2515 efficere

138 2527 266 2576 P‘'¹‘}‘³t’
279 2527 350 2558 cum
368 2535 479 2568 praetor
492 2529 571 2559 erit?
616 2529 670 2559 Est
684 2535 899 2570 argumentum

137 2577 156 2597 u
174 2578 292 2602 minuti.

183 2612 234 2642 38.
276 2613 428 2645 Habuisaet
456 2625 519 2644 suos
545 2615 698 2655 consules]
761 2615 902 2654 optabat

140 2652 270 2701 Clodius
284 2658 428 2690 consules
444 2658 558 2689 habere
581 2659 757 2700 Hypsaeum
781 2664 813 2688 et
836 2658 901 2688 sci-

138 2706 277 2737 Ploneul·

181 2743 235 2771 40.
268 2740 606 2786 Perqnemtribunum.]
655 2744 785 2776 Clodius
808 2744 904 2774 tribu—

137 2792 195 2813 nus
209 2785 332 2815 vexavit
347 2785 528 2818 Ciceronem
547 2788 644 2818 virum
659 2788 865 2819 consularem.

183 2828 237 2860 41.
258 2827 334 2869 Lege
348 2829 448 2871 nova]
492 2830 607 2864 Multae
630 2831 728 2873 leges,
750 2841 827 2873 quas
852 2838 901 2862 ω.

946 2221 1032 2253 lisset
1047 2227 1159 2264 praetor
1175 2221 1315 2259 Clodius,
1329 2226 1402 2263 post
1422 2219 1489 2262 ejus
1511 2226 1639 2252 mortem
1662 2222 1709 2253 in-

947 2271 1047 2297 venta:
1070 2271 1152 2297 sunt.
1197 2266 1284 2297 Inter
1306 2276 1383 2307 quas
1406 2267 1474 2296 haec
1488 2265 1548 2295 suit
1569 2265 1708 2302 inventa,

947 2315 981 2340 ut
996 2309 1157 2340 rusticanae
1181 2309 1277 2340 tribus
1299 2309 1331 2339 in
1354 2309 1531 2340 consulibus
1554 2309 1708 2344 creandis,

948 2359 979 2384 et
1002 2352 1137 2383 libertini
1159 2353 1192 2383 in
1219 2353 1357 2384 tribubus
1380 2350 1581 2392 urbanis‚jus
1597 2351 1710 2383 suffra-

947 2397 1067 2438 giorum
1083 2397 1245 2427 haberent.

990 2442 1042 2470 46.
1069 2440 1138 2470 Hcfc
1153 2440 1284 2480 templa]
1319 2439 1470 2480 Loquitur
1485 2438 1525 2467 de
1540 2438 1606 2468 soro
1621 2443 1653 2468 et
1667 2438 1708 2467 de

946 2483 1042 2519 curie,
1065 2484 1115 2513 ubi
1143 2485 1207 2513 liaec
1229 2482 1326 2512 oratio
1347 2482 1529 2512 habebatur.
1574 2481 1709 2510 Hostilia.

945 2534 1048 2556 aulem
1074 2531 1111 2555 ab
1138 2527 1271 2556 HoSiiiin
1289 2538 1350 2564 regi
1366 2548 1373 2560 ,
1389 2525 1407 2554 ’ξι
1420 2537 1482 2565 qun
1497 2525 1626 2554 conlita
1650 2530 1707 2560 est,

945 2570 1028 2601 curia
1046 2571 1217 2606 dicebatur,
1235 2572 1264 2600 in
1282 2569 1343 2610 quir
1360 2576 1447 2598 erant
1468 2568 1587 2597 mura.

989 2614 1040 2642 52.
1066 2612 1216 2654 Portum]
1266 2614 1369 2652 Reges
1385 2618 1416 2641 ct
1434 2610 1539 2651 populi
1556 2610 1650 2640 exieri
1667 2609 1706 2639 ad

947 2666 1087 2687 sennium
1104 2656 1197 2687 Rom.
1216 2664 1372 2696 tamquam
1388 2655 1427 2684 ad
1451 2654 1616 2693 refugium,
1632 2663 1707 2683 con-

947 2699 1117 2740 fugiebant.

991 2744 1044 2773 53.
1067 2742 1251 2783 Funestari.]
1276 2740 1314 2771 Id
1331 2740 1420 2777 dicit,
1434 2739 1508 2781 quia
1522 2739 1553 2770 in
1569 2739 1607 2771 εὲι
1622 2750 1707 2775 com-

944 2786 1068 2817 bustum
1083 2791 1131 2817 est
1153 2786 1286 2816 cadaver
1302 2783 1422 2826 Clodii,
1439 2794 1501 2826 quo
1515 2783 1602 2816 curia
1616 2791 1647 2814 et
1660 2781 1709 2813 fo·

945 2839 1011 2861 rum
1027 2828 1147 2872 polluta
1162 2833 1247 2860 sunt.

1532 1150 1602 1189 An
1636 1149 1706 1191 ille
1725 1155 1782 1196 45
