1858 3095
702 169 792 203 PRO
815 168 972 201 COELIO.

1607 163 1694 210 245

44 245 111 289 his
124 248 216 303 jam
236 247 434 290 aetatibus
456 245 613 287 nostris
637 244 942 286 'contractiora
964 260 1057 288 esse
1080 245 1258 296 debent3
1293 244 1337 286 in
1365 243 1613 288 adolescen-

44 303 103 345 tia
125 304 236 355 vero,
260 302 476 360 tamquam
490 302 531 343 in
547 301 703 349 herbis,
726 301 987 357 significant,
1013 317 1108 359 quae
1125 301 1287 343 virtutis
1310 300 1610 363 maturitas‚·et

42 370 214 416 quanta:
236 362 378 416 fruges
399 358 617 399 industriae
638 358 723 398 sint
744 358 908 399 futurae.

990 359 1162 401 Etenim
1184 373 1352 414 semper
1371 371 1525 413 magno
1546 372 1607 399 ιιι-

44 417 171 472 genio
193 417 486 458 adolescentes
510 414 748 456 refrenandi
767 414 908 469 potitis
928 415 951 455 ῖι
967 416 1116 471 gloria,
1131 414 1261 471 quain
1279 413 1500 464 incitandi,
1518 414 1606 456 fue-
1624 413 1678 455 65

42 481 159 514 runt:
191 471 450 529 amputanda
471 471 589 526 plura
611 478 710 511 sunt
731 470 789 510 illi
811 472 940 523 aetati,
962 473 1174 528 siquidem
1195 471 1424 513 efflorescit
1444 470 1604 526 ingenii

41 528 237 570 laudibus
277 527 404 584 quam
444 527 716 568 ¹¹¹inserenda.

41 599 86 626 se
108 585 275 626 videtur
303 585 442 640 hujus,
471 584 537 624 vel
567 584 609 624 in
637 583 921 639 suscipiendis
953 585 1019 626 vel
1051 585 1093 626 in
1121 583 1319 639 gerendis
1350 582 1604 633 inimicitiis,

29 641 120 691 ‚vis‚
151 641 363 691 ferocitas,
397 640 656 696 pertinacia3
689 639 724 679 si
754 654 880 694 quem
912 640 1041 682 etiam
1068 640 1338 680 minimorum
1358 639 1509 680 horum
1529 639 1605 680 ali-

73 696 144 738 uid
164 695 366 748 offendit3
401 697 435 737 si
457 703 675 752 “purpurae
693 710 842 750 genus,
875 696 911 735 si
934 696 1166 738 amicorum
1183 703 1378 746 catervae,
1406 695 1442 736 si
1463 695 1604 751 splen·
1621 694 1676 734 70

43 798 46 802 ,
73 766 132 804 or,
164 753 199 794 si
228 753 357 805 nitor;
382 754 473 808 jam
504 753 588 792 ista
615 751 924 802 deferbuerint3
953 753 1045 806 jam
1078 759 1181 794 aetas
1217 751 1372 800 omnia,
1391 752 1483 807 jam
1510 751 1522 792 i
1557 766 1606 793 sa

37 807 130 850 dies
165 809 382 866 mitigfirit.
441 808 701 849 Conservate
723 806 852 862 igitur
873 808 1132 864 reipublicae,
1155 807 1342 863 judices,
1372 807 1510 850 civem
1561 822 1605 850 o-

40 879 187 906 narum
223 873 389 915 artium,
423 865 629 905 bonarum
662 864 858 919 partium,
892 871 1095 906 bonorum
1130 865 1329 906 virorum.

1389 863 1603 906 Promitto

41 920 126 962 hoc
146 921 284 972 vobis,
306 928 349 963 et
370 920 612 976 reipublicae
633 920 841 975 spondeo,
861 920 897 960 si
920 920 1048 962 modo
1069 936 1147 963 nos
1168 921 1248 978 ipsi
1268 920 1515 977 reipublicae
1535 934 1603 963 sa-

41 976 294 1029 tisfecimus,
328 991 548 1033 nunquam
580 977 696 1017 hunc
724 975 750 1017 a
781 976 937 1018 nostris
967 978 1202 1019 rationibus
1231 978 1470 1033 sejunctum
1491 978 1602 1029 fore;
1621 976 1675 1018 75

41 1033 158 1088 quod
178 1032 275 1075 cum
305 1033 436 1075 fretus
471 1033 618 1074 nostra
650 1032 935 1074 familiaritate
959 1035 1173 1088 promitto,
1204 1041 1292 1075 tum
1323 1033 1441 1090 quod
1469 1034 1604 1076 duris-

40 1089 160 1131 simis
181 1104 226 1131 se
248 1089 339 1145 ipse
359 1089 528 1146 legibus
553 1090 644 1144 jam
665 1088 879 1144 obligarit.

938 1090 1090 1147 Neque
1114 1091 1227 1132 enim
1247 1097 1403 1146 potest,
1433 1090 1507 1146 qui
1526 1090 1605 1132 ho·

41 1145 198 1187 minem
217 1147 495 1196 consularem,
527 1144 641 1200 quod
663 1145 715 1186 ab
738 1145 788 1186 eo
809 1147 1113 1201 rempublicam
1131 1147 1332 1189 violatam
1351 1147 1528 1198 diceret,
1557 1146 1603 1188 in

34 1202 250 1256 judicium
284 1202 461 1253 vocarit,
492 1202 582 1257 ipse
612 1216 706 1243 esse
736 1201 779 1241 in
810 1202 1029 1257 republica
1063 1204 1168 1245 civis
1191 1204 1486 1247 turbulentus:
1516 1217 1605 1244 non

40 1265 198 1313 potest,
228 1259 301 1314 qui
328 1259 489 1300 ambitu
516 1272 568 1298 ne
593 1258 836 1299 absolutum
857 1259 1028 1313 quidem
1051 1260 1211 1316 patitur
1229 1274 1322 1301 esse
1342 1260 1602 1309 absolutum,
1621 1258 1677 1300 80

38 1314 130 1370 ipse
152 1313 323 1370 impune
346 1328 531 1369 unquam
553 1328 647 1354 esse
667 1314 856 1368 largitor.
906 1314 1049 1357 Habet
1067 1315 1092 1357 ἒι
1111 1316 1174 1358 Μ.
1189 1316 1329 1358 Coelio
1346 1315 1602 1372 respublica,

33 1371 220 1426 judices,
241 1371 348 1412 duas
367 1369 665 1411 accusationes
686 1371 750 1410 vel
768 1369 941 1412 obsides
958 1372 1149 1427 periculi,
1172 1373 1239 1413 vel
1259 1372 1440 1428 pignora
1454 1373 1604 1414 volun-

39 1427 155 1469 tatis.
214 1425 373 1478 Quare,
405 1440 477 1468 oro
514 1427 787 1482 obtestorque
818 1440 910 1478 vos,
931 1428 1118 1482 judices,
1145 1435 1206 1480 ut,
1236 1429 1323 1484 qua
1354 1428 1399 1469 in
1429 1427 1603 1471 civitate

40 1483 190 1539 paucis
210 1483 278 1524 his
292 1483 444 1525 diebus
458 1481 577 1524 Sext.
595 1482 776 1524 Clodius
789 1483 1012 1526 absolutus
1026 1485 1097 1537 sit,
1111 1500 1239 1541 quem
1255 1499 1329 1527 vos
1342 1499 1416 1540 per
1436 1484 1603 1526 bienni-

39 1554 111 1580 um
131 1546 204 1580 aut
223 1539 465 1581 ministrum
485 1538 711 1580 seditionis
733 1546 807 1580 aut
823 1539 978 1582 ducem
992 1541 1182 1593 vidistis;
1214 1541 1289 1597 qui
1309 1542 1422 1583 aedes
1443 1555 1602 1592 sacraS,
1620 1539 1675 1583 85

39 1595 113 1652 qui
137 1610 315 1638 censum
345 1595 495 1652 populi
526 1594 725 1648 Romani,
756 1595 829 1654 qui
860 1597 1107 1640 memoriam
1134 1598 1366 1656 publicam,
1398 1598 1486 1640 suis
1514 1611 1604 1640 ma-

38 1750 195 1793 ¹minus
209 1754 420 1795 ardentia.
482 1753 794 1794 meoneeclenda.

80 1939 133 1968 63.
165 1938 321 1979 Tamqmim
348 1939 380 1968 in
413 1937 532 1979 herbis]
594 1938 795 1970 Proverbium

41 1984 73 2009 et
103 1982 282 2021 metaphora
303 1986 426 2022 sumpta
451 1981 469 2010 ὲ
491 1981 648 2021 segetibus
672 1983 798 2020 teneris,

42 2027 120 2052 teste
133 2023 276 2061 Erasmo,
290 2024 340 2065 *dc
356 2023 466 2063 quibus
480 2024 556 2054 nihil
567 2025 643 2054 certi
662 2024 719 2055 sibi
743 2036 799 2066 po-

42 2070 103 2094 test
117 2075 239 2105 sperare
255 2066 401 2106 agricola,
423 2066 525 2097 donec
540 2067 579 2096 ad
594 2068 800 2098 maturitatem

43 2109 250 2148 pervenerint.

85 2153 138 2182 71.
162 2150 231 2181 Jam
251 2150 309 2181 ista
329 2149 550 2191 deferbuerint]
595 2150 634 2181 Id
661 2157 718 2187 est,
742 2152 803 2183 ser-

43 2203 148 2223 vorem
172 2204 262 2224 suum
285 2193 467 2230 remiserint,
496 2203 532 2224 ac
559 2194 654 2225 veluti
678 2195 803 2226 refrixe-

44 2235 113 2266 rint.

83 2281 136 2309 7⁷.
181 2278 334 2309 Hominem
368 2279 572 2320 consularem]
631 2279 802 2310 Antonium

43 2321 238 2352 consularem
270 2320 391 2352 vocavit
420 2320 451 2351 in
474 2321 641 2362 judicium,
678 2329 712 2353 ut
736 2322 803 2363 jam

41 2363 152 2404 saepius
167 2365 256 2394 dixit.

85 2408 137 2437 78.
186 2406 328 2436 Violatam
353 2403 488 2444 dicerem]
539 2403 623 2439 Quia
648 2403 802 2434 Antonius

46 2448 128 2479 visus
153 2449 305 2479 studuisse
335 2447 491 2485 Catilium,
522 2447 686 2486 propterea
715 2447 802 2482 dicit,

45 2492 83 2520 ab
106 2502 143 2521 eo
169 2492 316 2522 violatam
339 2500 406 2521 esse
430 2489 662 2530 rempublicam,
690 2489 803 2519 dixisse

45 2533 187 2566 Coelium.

89 2578 140 2607 80.
163 2574 359 2614 Absolutum]
415 2573 466 2605 De
493 2574 571 2605 Pola
593 2575 738 2616 loquitur,
761 2575 801 2605 de

47 2627 109 2658 quo
121 2628 187 2658 Jarn
202 2618 293 2657 saepe.

89 2663 140 2691 82.
167 2661 278 2691 Obsides
288 2659 437 2700 periculi.]
468 2659 626 2696 Ostendit,
646 2660 722 2691 nihil
736 2671 802 2691 esse

48 2703 176 2742 periculi
192 2703 389 2734 metuendum
401 2702 420 2732 εὶ
433 2703 544 2740 Coelio,
561 2705 634 2744 quia
646 2704 723 2734 duas
735 2703 805 2734 illas

45 2746 255 2776 accusationes
265 2748 422 2784 tamquam
437 2746 510 2778 fidei
522 2757 584 2777 suae
596 2747 721 2778 obsides
732 2757 807 2787 erga

44 2788 265 2829 rempublicam
280 2786 380 2819 dedit.

857 1756 1100 1809 ssago-(isse.
1158 1756 1395 1809 ‘’elegantia
1410 1756 1599 1797 ornatas.

1258 1943 1367 1972 Sextus
1391 1940 1521 1973 Clodius
1544 1940 1604 1972 suit

843 1981 922 2013 Pub.
948 1982 1052 2014 Clodii
1074 1985 1327 2016 familiarissimus
1355 1990 1387 2015 et
1414 1985 1525 2020 scriba,
1551 1983 1602 2014 cui

843 2025 969 2065 quidem
985 2026 1090 2057 omnia
1111 2030 1176 2066 ejus
1205 2027 1322 2068 flagitia
1349 2027 1456 2057 tribuit
1476 2027 1601 2062 cicero,

845 2068 929 2107 quia,
951 2069 982 2098 in
998 2069 1035 2099 iis
1057 2070 1225 2110 patrandis,
1248 2080 1286 2100 eo
1301 2080 1373 2100 usus
1387 2074 1435 2099 est
1448 2069 1600 2108 adjutore.

845 2110 940 2141 Hunc
963 2110 1089 2141 Sextum
1114 2112 1259 2143 Clodium
1294 2111 1366 2142 mire
1395 2111 1542 2142 describit
1568 2110 1602 2141 in

847 2152 934 2182 Orat.
951 2163 1005 2193 pro
1019 2154 1298 2185 Domo.-Locum
1311 2155 1449 2186 consule.

889 2194 938 2225 Ib.
962 2195 1019 2225 Per
1032 2197 1206 2238 biennium]
1266 2196 1317 2228 Ab
1333 2206 1371 2227 eo
1386 2202 1524 2237 tempore
1539 2206 1600 2237 quo

846 2237 966 2268 transiit
978 2239 1017 2268 ad
1028 2239 1165 2280 plebem,
1175 2240 1213 2270 ad
1225 2240 1356 2270 reditum
1367 2249 1465 2280 usque
1475 2239 1603 2269 Cicero-

846 2280 893 2309 nis
905 2281 1061 2311 biennium
1072 2282 1144 2312 fuit:
1168 2292 1230 2323 quo
1242 2287 1308 2312 toto
1324 2287 1462 2323 ternpore
1473 2281 1602 2313 Clodius

847 2323 1015 2354 seditiones
1030 2325 1062 2354 in
1077 2325 1236 2365 republica
1248 2325 1404 2355 excitavit.

890 2367 942 2396 85.
966 2366 1053 2398 AEdes
1065 2368 1187 2409 sacras]
1231 2368 1333 2398 AEdes
1352 2367 1397 2398 ait
1417 2366 1509 2403 elate,
1531 2377 1604 2397 nam

846 2407 944 2438 solum
961 2409 1178 2451 Nympharum
1191 2410 1340 2451 templum
1351 2410 1498 2441 incendit.
1523 2408 1604 2440 cum

845 2451 916 2481 urbs
940 2452 1030 2483 variis
1052 2453 1203 2484 incendiis
1223 2452 1360 2483 obnoxia
1386 2458 1480 2489 esset,
1503 2452 1605 2483 credi-

846 2494 958 2523 derunt
973 2506 1033 2535 ope
1049 2495 1168 2526 tanturn
1184 2495 1305 2526 illarum
1323 2495 1358 2526 iis
1373 2495 1498 2535 ignibus
1512 2505 1604 2536 posse

844 2536 1013 2571 subveniri.
1047 2543 1155 2578 utpote
1192 2548 1262 2578 quae
1297 2538 1385 2579 aquis
1414 2542 1581 2578 praeessent
1595 2547 1603 2565 ε

845 2579 939 2619 quare
954 2579 991 2609 iss
1007 2581 1105 2610 aedem
1119 2580 1345 2611 consecrarunt.

888 2622 939 2651 86.
967 2621 1086 2653 Censnm
1098 2625 1200 2662 populi
1216 2622 1314 2664 Rom]
1364 2622 1401 2652 In
1418 2622 1483 2652 aede
1500 2620 1603 2662 Nym-

848 2664 977 2704 pharum
993 2665 1124 2705 publicae
1139 2665 1264 2701 tabulae,
1286 2666 1317 2696 in
1333 2666 1443 2706 quibus
1460 2669 1523 2694 tum
1546 2674 1603 2693 no-

850 2706 932 2736 mina
943 2706 1166 2745 Romanorum,
1189 2714 1252 2739 tum
1268 2707 1510 2748 uniuscujusque
1531 2716 1604 2736 cen-

850 2760 901 2778 sus
929 2749 1169 2787 describebatur,
1199 2751 1445 2781 asservabantur.
1502 2749 1605 2789 [Vide

852 2791 940 2823 Orat.
956 2802 1011 2833 pro
1026 2793 1161 2830 Milone,
1184 2804 1216 2834 p.
1232 2793 1325 2833 338]

1162 2835 1239 2876 T2

885 1941 937 1970 84.
961 1940 1036 1973 Sext.
1061 1941 1208 1982 Clodius]

777 527 932 578 Quare,
980 529 1015 569 si
1053 528 1120 571 cui
1153 527 1327 569 nimium
1358 526 1606 569 “efferbuis-
