1790 3090
57 163 139 207 106
708 159 759 191 IN
783 158 1041 191 CATILINAM
1066 157 1114 190 11.

135 235 213 279 sed
247 235 411 278 ctriduo
447 240 589 276 tamen
627 233 833 275 audietis:
876 234 1099 289 multoque
1138 230 1275 289 magis
1311 231 1418 273 illud
1457 232 1602 284 timeo,
1640 245 1696 273 ne

135 293 243 335 mihi
281 292 337 334 sit
374 291 634 333 invidiosum
668 291 915 347 aliquando,
959 290 1077 347 quod
1117 289 1239 331 illum
1280 288 1492 330 emiserim
1539 288 1697 346 potius,

64 353 118 394 35
137 349 269 407 quam
289 348 406 406 quod
428 347 639 403 ejecerim.
671 347 774 398 Sed,
791 347 886 389 cum
905 348 991 388 sint
1012 347 1221 393 homines,
1243 347 1314 402 qui
1337 347 1470 397 illum,
1493 345 1590 387 cum
1604 360 1697 402 pro-

137 409 277 449 fectus
313 406 381 457 sit,
413 406 600 460 ejectum
628 418 722 445 esse
754 404 920 454 dicant3
952 404 1082 444 iidem
1105 403 1140 444 si
1162 404 1412 444 interfectus
1434 410 1562 453 esset,
1594 402 1700 457 quid

139 462 353 505 dicerent?
393 458 666 516 Quamquam
687 460 774 512 isti,
797 459 870 515 qui
888 459 1120 500 Catilinam
1142 459 1384 500 Massiliam
1405 460 1463 500 ire
1483 458 1698 506 dictitant,

136 535 225 562 non
246 526 334 561 tam
359 518 443 559 hoc
465 523 699 573 queruntur
727 515 858 572 quam
877 522 1087 556 verentur.
1161 516 1299 557 Nemo
1321 523 1388 557 est
1407 516 1586 557 istorum
1611 520 1701 555 tam

137 576 397 626 misericors,
414 576 487 630 qui
508 574 629 614 illum
650 588 737 614 non
758 573 812 613 ad
831 572 1060 622 Manlium,
1083 571 1215 627 quam
1236 573 1290 612 ad
1305 572 1620 623 Massilienses,
1641 570 1701 611 ire

66 637 121 677 40
140 633 272 675 malit.
332 632 410 673 Ille
428 638 586 681 autem,
619 630 653 670 si
674 629 951 683 (mehercule)
972 628 1071 679 hoc,
1093 629 1210 684 quod
1231 628 1334 683 agit,
1359 644 1578 685 nunquam
1599 626 1699 669 ante

140 689 393 745 cogitasset,
424 695 567 729 tamen
587 686 915 728 latrocinantem
936 701 981 726 se
1013 685 1196 726 interfici
1227 686 1385 735 mallet,
1416 685 1550 741 quam
1578 699 1702 726 exsu-

139 748 226 787 lem
244 745 384 787 vivere
402 761 414 795 ;
445 759 559 785 nunc
580 743 693 793 verb,
725 742 823 784 cum
845 742 883 783 ei
904 742 1009 782 nihil
1031 742 1172 783 adhuc
1201 743 1381 798 “praeter
1401 742 1536 797 ipsius
1555 742 1703 782 volun-

139 809 274 844 tatem
310 801 706 858 cogitationemque
738 799 957 849 acciderit,
989 798 1072 839 nisi
1112 798 1227 855 quod
1263 798 1369 839 vivis
1400 797 1525 839 nobis
1560 796 1703 838 Rom-21

139 859 360 915 profectus
383 865 472 907 est3
505 864 700 913 optemus
732 857 873 912 potius
901 862 950 897 ut
981 863 1051 896 eat
1078 855 1120 896 in
1152 855 1363 906 exsilium,
1396 854 1523 911 quam
1554 868 1706 910 quera-

71 921 123 961 45
141 930 248 957 mur.
308 914 395 955 Sed
418 928 493 955 cur
512 913 676 954 tamdiu
693 914 747 954 de
767 929 852 955 uno
873 913 998 954 hoste
1019 912 1250 968 loquimur,
1274 919 1316 953 et
1337 912 1390 953 de
1412 926 1462 952 eo
1482 912 1606 953 hoste
1628 909 1703 967 qui

134 973 228 1028 jam
259 971 416 1011 fatetur
445 985 491 1011 se
523 985 617 1011 esse
647 971 832 1019 hostem,
865 976 907 1011 et
937 984 1078 1024 quem,
1098 969 1200 1025 quia
1221 969 1357 1024 (quod
1380 983 1548 1025 semper
1567 966 1704 1017 volui)

140 1043 287 1069 murus
319 1027 510 1077 interest,
540 1040 627 1066 non
655 1026 808 1075 time03
840 1025 892 1066 de
923 1025 991 1066 his
1023 1027 1097 1080 qui
1129 1025 1415 1075 dissimulant,
1453 1025 1525 1081 qui
1555 1024 1705 1066 Romae

140 1090 374 1133 remanent,
409 1083 482 1139 qui
502 1082 728 1123 nobiscum
748 1088 861 1132 sunt,
891 1082 997 1122 nihil
1020 1081 1234 1122 dicimus?
1267 1096 1376 1136 quos
1403 1082 1579 1136 quidem
1608 1095 1706 1136 ego,

142 1142 179 1181 si
201 1141 290 1182 ullo
311 1140 440 1180 modo
462 1139 552 1179 fieri
574 1147 736 1195 posset,
768 1153 855 1178 non
873 1144 963 1178 tam
989 1137 1160 1178 eulcisci
1184 1138 1353 1187 studeo,
1385 1139 1513 1193 quam
1542 1151 1705 1188 sanare,

69 1203 124 1243 50
143 1203 186 1238 et
205 1198 321 1252 ipsos
342 1196 510 1252 placare
533 1194 718 1251 Reipub.
741 1210 898 1251 neque,
929 1194 974 1234 id
1006 1193 1136 1249 quare
1168 1193 1260 1234 fieri
1287 1208 1375 1234 non
1399 1193 1552 1250 possit,
1583 1193 1618 1234 si
1640 1208 1706 1234 me

142 1254 288 1294 audire
323 1251 548 1301 voluerint,
580 1251 794 1307 intelligo.
855 1251 1082 1307 Exponam
1113 1251 1227 1292 enim
1255 1250 1395 1302 vobis,
1427 1250 1633 1302 Quirites,
1654 1264 1707 1291 ex

141 1310 299 1366 quibus
322 1308 550 1365 generibus
571 1308 794 1349 hominum
812 1308 909 1349 istae
929 1322 1049 1363 copae
1080 1314 1403 1363 comparentur:
1436 1307 1591 1348 deinde
1622 1307 1709 1348 sin·

141 1368 254 1423 gulis
290 1366 547 1407 medicinam
576 1365 746 1406 consilii
777 1373 906 1421 atque
939 1365 1144 1406 orationis
1176 1379 1295 1416 meae,
1328 1365 1363 1406 si
1399 1379 1528 1421 quam
1556 1370 1707 1420 potero

142 1423 332 1464 afferam.
392 1422 537 1463 Unum
575 1436 710 1478 genus
747 1428 812 1463 est
845 1436 991 1463 eorum
1026 1421 1114 1477 qui,
1151 1420 1324 1477 fmagno
1352 1422 1396 1462 in
1433 1436 1514 1462 aere
1549 1420 1707 1471 aliene,

68 1487 124 1527 55
143 1481 323 1536 majores
354 1479 483 1520 etiam
505 1479 802 1534 possessiones
834 1478 1008 1529 habent,
1040 1493 1220 1533 quarum
1250 1492 1392 1518 amore
1420 1477 1597 1518 adducti
1619 1477 1708 1518 dis-

143 1536 252 1579 solvi
273 1536 392 1577 nullo
406 1535 535 1576 modo
552 1542 750 1590 possunt.
810 1535 977 1575 Horum
991 1534 1214 1575 hominum
1228 1534 1393 1589 species
1411 1540 1478 1575 est
1492 1533 1710 1575 honestis-

101 1623 103 1626 ι
143 1594 271 1643 sima;
305 1599 405 1633 sunt
431 1591 544 1632 enim
566 1591 825 1646 locupletes3
856 1592 1055 1633 voluntas
1091 1590 1205 1643 vero,
1237 1598 1280 1632 et
1306 1606 1450 1643 causa,
1481 1590 1708 1647 impuden-

141 1650 323 1690 tissima.
374 1648 438 1688 Tu
454 1649 582 1704 agris,
603 1655 650 1688 tu
663 1647 871 1698 aedificiis,
889 1654 933 1689 tu
949 1654 1141 1703 argento,
1159 1655 1206 1688 tu
1222 1647 1400 1698 famili-21,
1417 1655 1465 1689 tu
1474 1648 1601 1689 rebus
1620 1661 1708 1688 om-

141 1707 269 1747 nibus
292 1712 465 1747 ornatus
488 1712 530 1745 et
547 1705 749 1760 copiosus
765 1705 838 1754 sis,
857 1712 898 1745 et
912 1705 1082 1746 dubites
1097 1703 1260 1760 aliquid
1274 1705 1326 1745 de
1343 1705 1618 1761 possessione
1636 1704 1709 1745 de-

70 1769 124 1811 60
143 1763 322 1811 trahere,
345 1762 566 1818 acquirere
580 1762 634 1802 ad
648 1762 802 1802 fidem?
830 1762 937 1818 quid
955 1761 1067 1802 enim
1081 1761 1334 1818 exspectas?
1363 1761 1548 1803 bellum?
1580 1761 1709 1818 quid?

144 1835 262 1876 ergo,
292 1820 337 1860 in
355 1818 598 1860 vastatione
620 1819 823 1870 omnium,
846 1827 941 1860 tuas
962 1818 1259 1875 possessiones
1277 1826 1574 1861 sacrosanctas
1594 1819 1710 1859 futu-

142 1892 211 1918 ras
232 1876 382 1933 putas?
414 1890 469 1916 an
489 1875 658 1916 tabulas
680 1876 844 1917 novas?
881 1883 1034 1927 errant,
1056 1876 1130 1931 qui
1151 1875 1256 1917 istas
1277 1874 1303 1915 ’ἓὶ
1320 1876 1512 1916 Catilina
1533 1890 1709 1932 exspec-

142 1940 256 1975 tant:
287 1947 383 1975 meo
404 1931 616 1975 beneficio
635 1933 794 1974 tabnlae
809 1947 930 1975 novae
950 1932 1225 1989 proferentur,
1252 1931 1395 1975 verum
1411 1932 1707 1976 auctionariae:

202 2068 335 2111 cintra
355 2074 440 2111 tres
462 2070 562 2111 dies.
673 2068 856 2111 deeuti-a.
966 2072 1156 2124 “punire
1276 2068 1484 2113 ‘debentes
1500 2072 1649 2113 multa.

189 2229 242 2257 40.
267 2226 340 2261 Hoc,
355 2226 429 2266 quod
444 2226 535 2268 agit]
581 2226 707 2267 Nempe
719 2227 826 2268 patriae
842 2227 908 2258 bel·
995 2229 1048 2258 62.
1073 2226 1196 2258 Tabulas
1210 2226 1320 2269 novas]
1356 2227 1435 2260 Cum
1449 2228 1518 2270 quis
1533 2238 1592 2259 aere
1608 2227 1709 2259 alieno

146 2268 210 2300 lum
226 2270 348 2300 inferre.
952 2279 1119 2310 oppressus
1154 2277 1231 2307 erat,
1261 2277 1315 2302 aut
1337 2271 1629 2309 senatfis-consulto,
1657 2277 1711 2301 aut

190 2316 243 2342 41.
267 2313 529 2354 Latrocinmztem]
575 2313 615 2344 Id
632 2318 689 2350 est,
712 2313 820 2354 patriae
841 2312 907 2344 bel·
952 2313 1144 2353 imperatoris
1173 2314 1310 2351 decreto,
1337 2315 1450 2345 tabulae
1475 2324 1563 2345 novae
1588 2314 1619 2344 in
1643 2314 1710 2344 foro

145 2355 209 2385 lum
225 2355 423 2385 inserentem.
950 2357 1215 2396 proponebantur,
1240 2358 1351 2398 quibus
1376 2358 1494 2388 credita
1519 2356 1709 2387 debitoribus

191 2400 244 2428 55.
268 2397 422 2440 Dissolvi]
469 2398 656 2430 Dissolvitur
683 2409 725 2429 res
757 2399 905 2435 alienum,
948 2400 1085 2438 pecunia
1101 2401 1356 2439 condonabatur3
1383 2400 1588 2441 pollicebatur
1603 2405 1708 2430 autem

147 2439 217 2472 cum
231 2441 434 2471 creditoribus
451 2442 484 2471 fit
497 2441 580 2472 satis.
949 2441 1084 2471 Catilina
1108 2453 1140 2472 se
1165 2443 1289 2483 publice
1313 2444 1506 2475 incensurum
1532 2453 1638 2473 omnes
1662 2453 1711 2473 ar-

190 2486 244 2515 59.
275 2483 455 2524 Detrahere]
501 2484 685 2515 Detrahitur
714 2483 831 2524 aliquid
863 2484 903 2513 de
948 2485 1156 2524 gentariorum
1189 2486 1319 2521 tabulas,
1352 2487 1399 2516 ita
1425 2492 1460 2516 ut
1481 2497 1584 2521 nenm,
1622 2487 1708 2527 quod

146 2526 403 2566 possessionibus,
427 2526 496 2556 eum
521 2528 589 2567 quis
612 2528 720 2558 vendit
735 2527 853 2567 aliquid
870 2537 907 2556 ex
952 2528 1017 2557 :eris
1046 2527 1138 2558 alieni
1169 2529 1259 2559 antea
1289 2529 1503 2566 contraxisset,
1533 2529 1708 2570 persolvere

148 2568 205 2605 eis,
229 2576 263 2599 ut
277 2580 336 2599 aere
351 2569 452 2599 alieno
470 2569 626 2602 liberetur.
950 2575 1121 2610 cogeretur.
1167 2572 1291 2602 Sallust.

191 2614 244 2643 60.
266 2611 367 2642 Fidem
381 2613 553 2653 acquirere]
592 2614 701 2644 Fidem
725 2612 906 2643 amittitde-
994 2615 1045 2644 63.
1069 2614 1288 2654 Auctionariae.]
1349 2614 1476 2646 Tabulae
1513 2614 1709 2646 auctionariae

145 2654 237 2691 bitor,
261 2655 314 2695 qui
326 2665 366 2686 aes
381 2655 518 2685 alienum
533 2666 596 2686 non
611 2656 761 2687 dissolvit.
950 2661 1031 2692 sunt,
1067 2667 1136 2697 quae
1167 2657 1199 2686 in
1231 2657 1372 2688 auctione
1402 2658 1609 2698 proferuntur,
1637 2657 1709 2689 cum

188 2699 241 2728 61.
258 2698 482 2738 Sam-osanctas]
505 2698 738 2730 Sacrosancmm
750 2704 807 2735 est,
821 2700 906 2741 quod
949 2698 1063 2739 nempe
1079 2699 1205 2740 publica
1219 2701 1371 2731 bonorum
1386 2702 1525 2732 venditio
1537 2702 1582 2738 fit,
1606 2706 1638 2731 et
1659 2711 1707 2732 res

145 2749 238 2770 nemo
264 2741 380 2771 violare
402 2742 508 2773 audet.
562 2741 613 2772 Sic
637 2743 823 2773 sacrosancti
855 2743 907 2773 tri-
950 2743 980 2774 ei
995 2742 1157 2781 addicitur,
1182 2744 1236 2786 qui
1250 2747 1347 2786 maJ'us
1360 2745 1493 2787 pretium
1509 2744 1664 2777 obtulerit.

143 2782 219 2815 buni
236 2783 338 2826 plebis
350 2784 542 2818 dicebantur.
566 2784 650 2818 Vide
662 2785 797 2824 Livium,
808 2785 860 2818 lib.
875 2788 907 2818 2.
