1858 3095
582 182 631 213 IN
658 182 910 219 CAECILHJM,
936 181 1193 214 DtleA'rlo.
1685 186 1740 227 23

161 257 310 302 XVII.
343 257 528 305 Etenim,
559 257 656 298 cnm
687 259 755 298 lex
790 258 884 313 ipsa
915 259 968 299 de
1000 259 1196 314 pecuniis
1224 256 1488 314 repetundis,
1521 259 1663 301 socio-

101 331 195 358 rum
217 326 346 373 atque
381 314 614 356 amicornm
649 314 794 370 populi
818 313 1001 355 Romani
1025 315 1170 366 causa,
1203 321 1450 370 comparata
1471 313 1551 363 sit3
1586 316 1662 355 ini-

104 388 237 429 quum
259 381 338 421 est,
369 385 455 412 non
476 386 574 412 eum
612 371 720 426 legis
750 371 995 427 judiciique
1028 379 1216 413 actorem
1250 372 1453 412 idoneum
1476 371 1661 412 maxime

102 431 258 485 putari,
274 442 401 485 quem
422 435 610 468 actorem
628 442 768 468 causae
785 443 871 468 suae
888 428 1010 475 socii,
1027 428 1382 483 defensoremque
1396 427 1662 468 fortunarum

104 500 288 534 suarum,
319 483 591 541 potissimnm
624 499 717 524 esse
739 485 976 525 voluerunt.
1038 485 1122 535 An,
1163 485 1280 541 quod
1309 484 1362 523 ud
1400 497 1661 525 commemo·
1708 487 1734 525 5

102 543 282 583 randum
304 548 371 582 est
390 540 629 589 honestius,
650 540 694 581 id
716 542 770 580 ad
790 541 1060 596 probandum
1092 556 1177 582 non
1199 541 1334 581 multo
1362 538 1497 580 videri
1531 540 1662 582 debet

103 597 300 654 aequius?
360 596 468 637 Utra
488 597 619 653 igitur
639 604 705 638 est
725 597 1005 652 splendidior,
1036 605 1132 638 utra
1161 596 1366 637 illustrior
1400 610 1661 638 commemo-

101 654 239 696 ratio?
298 654 514 695 Accusavi
532 668 644 701 eum,
674 652 849 709 quicum
869 660 1059 709 quaestor
1078 654 1255 704 fueram,
1272 651 1447 708 quicum
1467 668 1536 695 me
1552 667 1658 702 sors,

101 710 459 766 consuetudoque
475 711 697 766 majorum,
728 709 904 765 quicum
924 724 992 750 me
1014 707 1205 750 Deorum
1226 708 1535 765 hominumque
1542 710 1659 765 judi-

99 767 216 809 cium
237 768 538 822 conjunxerat;
569 781 638 818 an,
661 766 877 807 Accusavi
911 773 1064 822 rogatu
1102 765 1318 807 sociorum
1345 772 1476 821 atque
1497 765 1656 808 amico·
1681 767 1733 808 lo

97 837 219 866 rum:
251 824 445 865 delectus
466 837 559 863 sum
580 823 634 864 ab
659 822 856 863 universa
886 821 1124 878 provincia,
1155 822 1230 878 qui
1262 823 1353 878 ejus
1385 823 1484 878 jura
1523 822 1656 864 fortu-

97 894 262 937 nasque
282 879 581 922 defenderem?
643 878 852 921 Dubitare
887 879 1116 935 quisquam
1136 886 1293 935 potest,
1309 878 1415 935 quin
1431 879 1657 921 honestius

97 935 156 978 sit
187 951 335 978 eorum
371 935 515 984 causa,
545 936 661 992 apud
697 950 806 992 quos
847 943 1034 992 quaestor
1059 935 1205 987 fueris,
1235 937 1364 991 quam
1398 950 1495 977 eum
1532 937 1655 992 cujus

96 1000 287 1050 quaestor
317 992 463 1042 fueris,
492 995 726 1034 accusare?
787 990 1026 1033 Clarissimi
1046 992 1124 1033 viri
1146 999 1304 1034 nostrae
1325 991 1527 1041 civitatis,
1547 999 1654 1034 tem-

94 1049 274 1105 poribus
294 1049 486 1106 optimis,
515 1049 600 1091 hoc
631 1048 714 1090 sibi
735 1049 1048 1105 amplissimum
1083 1048 1503 1105 pulcherrimumque
1524 1049 1655 1091 duce-
1676 1050 1729 1092 15

95 1106 216 1158 bant,
232 1107 286 1148 ab
302 1105 549 1162 hospitibus
571 1105 889 1161 clientibusque
911 1106 1013 1156 suis,
1029 1105 1082 1147 ab
1103 1105 1259 1147 exteris
1280 1105 1543 1157 nationibus,
1556 1121 1653 1162 quae

95 1162 141 1204 in
177 1163 413 1205 amicitiam
446 1162 596 1219 populi
617 1161 745 1203 Rom.
780 1162 1076 1218 ditionemque
1096 1169 1254 1210 essent,
1286 1161 1460 1218 injurias
1481 1164 1657 1218 propul-

95 1233 204 1271 sare,
235 1233 467 1274 eorumque
498 1220 692 1260 fortunas
712 1218 956 1260 defendere.
1017 1219 1081 1259 M.
1103 1218 1311 1259 Catonem
1335 1219 1457 1259 illum
1484 1219 1657 1275 sapien-

93 1282 196 1326 tem,
232 1275 518 1316 clarissimum
537 1275 671 1316 virum
693 1282 737 1316 et
761 1275 1156 1330 prudentissimum,
1196 1289 1295 1316 cum
1315 1275 1463 1316 multis
1503 1291 1655 1332 graves

91 1331 343 1373 inimicitias
375 1331 562 1387 gessisse
589 1331 837 1385 accepimus
863 1338 1038 1386 propter
1069 1331 1376 1387 Hispanorum,
1407 1334 1526 1387 apud
1546 1349 1653 1389 quos
1671 1336 1730 1378 20

92 1389 247 1430 consul
267 1387 418 1438 fuerat,
449 1386 641 1443 injurias.
703 1386 851 1442 Nuper
871 1386 952 1427 Cn.
971 1386 1212 1428 Domitium
1233 1387 1392 1428 scimus
1415 1387 1481 1430 M.
1504 1388 1653 1432 Silano

92 1444 210 1486 diem
240 1443 402 1485 dixisse
423 1450 598 1500 propter
630 1443 755 1485 unius
787 1443 988 1495 hominis,
1019 1442 1295 1499 Egritomari,
1325 1444 1491 1499 paterni
1523 1446 1652 1488 amici

92 1508 223 1557 atque
250 1500 449 1557 hospitis,
480 1500 669 1556 injurias.
730 1499 883 1555 Neque
913 1499 1026 1541 enim
1060 1497 1198 1556 magis
1233 1500 1398 1541 animos
1430 1500 1657 1545 hominum

91 1557 343 1599 nocentium
362 1572 426 1598 res
459 1572 648 1613 unquam
665 1557 751 1600 ulla
771 1556 1016 1605 commovit,
1048 1571 1179 1612 quam
1200 1556 1292 1598 haec
1323 1558 1533 1612 majorum
1550 1573 1657 1602 cou-

91 1614 293 1666 suetudo,
313 1621 330 1638 ³
345 1614 477 1670 longo
498 1613 722 1654 intervallo
742 1613 925 1669 repetita
944 1620 1074 1668 atque
1090 1613 1248 1664 relata3
1279 1613 1496 1655 sociorum
1513 1616 1657 1671 queri·
1671 1618 1730 1659 25

89 1671 246 1712 moniae
267 1669 422 1712 delatae
443 1670 497 1711 ad
518 1670 736 1711 hominem
757 1669 774 1693 ¹³
789 1684 875 1711 non
895 1669 1216 1720 inertissimum,
1257 1678 1470 1726 susceptae
1509 1673 1563 1713 ab
1585 1688 1653 1724 eo,

89 1727 165 1783 qui
185 1727 410 1768 videbatur
429 1741 573 1768 eorum
594 1727 788 1768 fortunas
819 1726 904 1767 fide
926 1725 1238 1782 diligentiaque
1260 1726 1337 1767 sua
1357 1741 1484 1782 posse
1506 1729 1657 1771 defen-

90 1784 205 1825 dere.
265 1783 363 1825 Hoc
392 1783 547 1825 timent
566 1783 777 1832 homines,
807 1783 892 1824 hoc
929 1783 1153 1824 laborant:
1185 1783 1268 1824 hoc
1308 1783 1490 1836 institui,
1523 1794 1657 1842 atque

89 1840 197 1882 adeo
226 1839 471 1881 institutum
491 1840 634 1882 referri
663 1856 714 1882 ac
734 1839 941 1891 renovari,
972 1839 1155 1880 moleste
1173 1839 1340 1881 ferunt:
1372 1848 1525 1896 putant
1547 1843 1654 1894 fore,

88 1895 164 1947 uti,
189 1897 225 1938 si
245 1897 452 1952 paulatim
475 1897 568 1939 haec
591 1897 857 1939 consuetudo
881 1911 1048 1952 serpere
1071 1911 1121 1937 ac
1147 1896 1344 1952 cprodire
1363 1898 1557 1954 coeperit,
1579 1915 1658 1955 per
1673 1904 1731 1944 30

86 1953 283 1995 homines
296 1953 639 2004 honestissimos,
653 1955 854 2009 virosque
865 1954 1136 2002 fortissimos,
1150 1968 1237 1994 non
1251 1953 1472 2016 imperitos
1486 1955 1657 1999 adoles-

88 2010 286 2052 centulos
303 2017 376 2052 aut
397 2011 631 2053 illiusmodi
652 2011 1020 2067 quadruplatores,
1045 2010 1164 2065 leges
1191 2009 1444 2066 judieiaque
1465 2012 1654 2055 admini-

88 2073 290 2108 strentur.
351 2065 488 2123 Cujus
511 2067 836 2109 consuetudinis
858 2074 988 2124 atque
1009 2066 1197 2107 instituti
1216 2074 1360 2126 patres
1381 2068 1656 2126 majoresque

142 2197 159 2214 ³
169 2194 308 2246 petita
330 2194 456 2246 longo
478 2199 660 2248 tempore
681 2191 924 2235 retrorsum.
1060 2191 1179 2233 bnon
1213 2193 1597 2245 imperitissimum.

757 2257 772 2274 ⁰
779 2250 997 2304 progredi.

129 2386 159 2416 8.
182 2383 277 2427 Sors.]
315 2382 404 2416 Sorte
417 2386 629 2418 obveniebant
645 2386 824 2428 provinciae.
935 2388 987 2418 18.
1013 2387 1148 2418 Marcum
1179 2387 1343 2429 Catonem]
1388 2386 1437 2418 Μ.
1459 2387 1540 2419 Cato
1563 2400 1658 2422 accu-

127 2431 159 2459 9.
185 2428 314 2459 Deontm
330 2429 713 2472 hominztmquejudici11m.]
749 2429 847 2471 Prop-
891 2431 971 2462 savit
989 2430 1126 2461 Servium
1152 2431 1286 2461 Galbam
1310 2440 1366 2471 pro
1388 2431 1518 2472 direptis
1533 2432 1655 2464 Lusita-

83 2476 132 2502 ter
142 2477 256 2502 sortem
268 2473 327 2502 hoc
344 2472 508 2513 dicit,quae
524 2474 612 2514 quasi
626 2474 784 2514 quoddam
801 2478 848 2503 est
891 2473 951 2509 nis,
982 2479 1014 2504 et
1037 2474 1117 2504 Pub.
1143 2474 1268 2504 Furium
1301 2485 1356 2515 pro
1377 2473 1491 2505 iisdem
1524 2484 1653 2517 propter

85 2515 215 2544 deorum
239 2514 415 2555 judicium:
439 2516 598 2546 hominum
623 2516 708 2553 γετὸ,
734 2527 848 2555 nempe
894 2517 1033 2556 iniquam
1050 2517 1284 2547 aestirnationcm
1301 2518 1457 2549 frumenti.

85 2558 260 2594 consulum,
290 2558 377 2598 quia,
410 2558 483 2589 licet
514 2566 595 2590 sorte
626 2566 659 2590 et
698 2558 844 2589 divinitus
934 2562 988 2591 21.
1007 2559 1062 2591 Cn.
1073 2560 1262 2600 Domitium]
1280 2560 1437 2590 Domitius
1447 2560 1589 2590 Marcum
1601 2562 1650 2591 Si-

86 2599 286 2637 obvenirent,
301 2607 404 2631 tamen
418 2601 436 2631 {x
451 2602 629 2633 consulibus
646 2608 678 2633 et
693 2602 710 2632 ιῖ
727 2602 843 2644 populo
890 2601 995 2632 lanum
1015 2603 1112 2632 virum
1137 2603 1330 2633 consularem
1351 2604 1507 2634 accusavit
1522 2609 1649 2644 propter

87 2642 253 2683 provinciae
270 2643 527 2675 decernebantur.
891 2645 1076 2684 Egritomari
1091 2645 1288 2686 Transalpini
1304 2645 1433 2686 hospitis
1449 2645 1590 2686 injurias.

131 2688 185 2715 14.
217 2685 398 2726 Temporibus
427 2687 567 2728 optimis]
622 2687 761 2719 Hero'i'ca
790 2687 845 2718 illa
932 2690 985 2719 252.
1010 2687 1095 2719 Diem
1107 2688 1233 2728 dixisse]
1265 2688 1360 2719 Diem
1374 2687 1490 2723 dicere,
1506 2693 1540 2718 et
1553 2699 1647 2719 accu-

87 2733 230 2769 tcmpora
263 2730 394 2766 indicat,
425 2731 537 2771 quibus
563 2730 689 2771 vigebat
717 2732 793 2761 fides
817 2731 848 2760 in
894 2741 971 2766 sare,
994 2731 1027 2761 in
1040 2732 1099 2761 hoc
1114 2731 1272 2767 differunt,
1286 2730 1370 2770 quod
1387 2740 1530 2761 accusare
1545 2732 1662 2772 priva--

89 2770 218 2812 Repub.
233 2777 266 2802 et
279 2772 365 2804 nulla
381 2773 429 2804 lex
446 2780 512 2804 erat
528 2774 630 2805 adhuc
651 2775 792 2807 instituta
807 2775 848 2806 de
893 2779 993 2804 torum
1017 2774 1173 2804 hominum
1191 2775 1228 2804 sit
1242 2783 1250 2811 3
1273 2774 1356 2803 diem
1373 2773 1476 2804 dicere
1489 2775 1661 2815 magistra,-ss

87 2814 283 2856 repetundis.
894 2823 992 2857 tuum,
1007 2822 1041 2848 ut
1055 2816 1161 2850 videre
1177 2816 1249 2850 licet
1264 2815 1379 2860 ubique
1395 2817 1479 2858 apud
1496 2817 1597 2849 Cicer.
