1858 3095
680 134 771 168 PRO
801 134 1007 168 LIGARIO.

59 215 108 264 ut
141 210 219 253 tibi
253 223 351 254 cum
385 210 619 262 sceleratis,
651 227 705 254 an
739 219 787 254 ut
823 227 922 257 cum
962 212 1088 254 bonis
1130 212 1312 265 civibus,
1346 212 1616 255 conveniret?

62 264 175 310 Mihi
208 266 321 319 verb,
355 267 512 316 Caesar,
546 276 618 310 tua
660 268 701 310 in
741 284 808 312 me
841 269 1027 312 maxima
1059 270 1208 311 merita
1238 277 1360 312 tanta
1389 267 1505 311 certe
1541 264 1700 310 1101145

62 323 319 376 viderentur,
352 324 388 366 si
428 339 509 375 me,
541 333 588 367 ut
625 326 895 377 sceleratum,
937 326 961 368 ῖι
1004 334 1044 368 te
1076 335 1375 368 conservatum
1417 333 1624 382 putarem.

65 379 297 428 Quomodb
327 388 471 422 autem
508 389 554 423 tu
594 383 645 424 de
687 383 903 440 republica
949 383 1059 424 bene
1103 384 1278 426 meritus
1323 398 1456 434 esses,
1487 382 1522 423 si
1562 390 1627 423 tot

59 437 291 480 sceleratos
312 437 515 480 incolumi
533 438 744 496 dignitate
761 455 854 481 esse
869 440 1102 482 voluisses?
1135 440 1434 482 Secessionem
1449 446 1494 480 tu
1512 438 1626 479 illam

65 493 379 546 existimavisti,
412 494 571 547 Caesar,
613 496 752 548 initio,
788 512 874 538 non
914 498 1100 548 bellum3
1139 511 1227 538 non
1266 497 1421 538 hostile
1463 495 1624 546 odium,

64 551 141 592 sed
163 550 286 593 civile
308 551 553 604 dissidium;
586 553 778 610 utrisque
801 554 1072 610 cupientibus
1105 552 1318 608 Rempub.
1349 553 1524 602 salvam,
1548 551 1625 592 sed
1643 547 1698 586 50

63 607 219 664 partim
250 608 457 660 consiliis,
485 610 638 666 partim
669 610 840 662 studiis,
866 609 891 651 a
919 609 1137 652 communi
1169 609 1356 650 utilitate
1393 608 1627 649 aberranti-

62 664 156 707 bus.
215 664 466 722 Principum
497 666 686 723 dignitas
718 674 808 708 erat
838 664 959 723 paene
991 681 1093 722 par3
1125 680 1213 706 non
1244 680 1318 721 par
1349 663 1532 706 fortasse
1555 679 1628 705 eo-

63 735 155 763 rum
185 721 261 778 qui
292 722 601 780 sequebantur:
645 738 775 764 causa
805 731 896 764 tum
932 723 1078 774 dubia,
1109 721 1226 778 qubd
1257 728 1347 763 erat
1384 720 1546 777 aliquid
1581 720 1626 761 in

64 777 243 836 utraque
266 788 401 835 parte,
421 779 539 835 quod
559 779 726 836 probari
757 786 929 835 posset:
961 794 1078 820 nunc
1107 778 1259 820 melior
1289 777 1419 819 certe·
1440 792 1490 819 ea
1513 776 1627 832 judi-

64 835 204 877 canda
233 842 314 888 est,
342 851 473 891 quam
505 836 635 877 etiam
666 835 724 876 dii
755 835 1024 892 adjuverint:
1055 834 1232 891 cognita
1261 836 1360 876 vero
1395 832 1627 875 clementia
1646 831 1701 870 55

63 890 152 941 tua,
169 891 266 949 quis
297 906 384 934 non
405 907 500 934 eam
521 891 742 935 victoriam
773 893 939 950 probet,
963 893 1007 934 in
1028 892 1114 950 qua
1144 891 1353 934 occiderit
1381 906 1523 943 nemo,
1545 890 1629 933 nisi

64 949 286 990 armatus?

1627 136 1714 179 377

118 1003 174 1047 V.
206 1004 307 1058 Sed,
325 1013 372 1048 ut
388 1006 583 1049 omittam
605 1021 876 1050 communem
898 1022 1086 1059 causam,
1106 1007 1328 1048 veniamus
1350 1005 1404 1047 ad
1425 1012 1630 1047 nostram.
1664 999 1721 1051 VI
1738 995 1759 1045 l„

64 1060 221 1104 Utrum
233 1062 407 1106 tandem
424 1064 642 1106 existimas
659 1064 830 1106 facilius
843 1065 1181 1116 fuisse‚Tuber0,
1194 1063 1408 1119 Ligarium
1423 1062 1633 1104 eforica

64 1117 194 1172 exire,
210 1133 266 1161 an
281 1134 357 1162 vos
379 1121 423 1162 in
440 1121 632 1163 Africam
653 1137 740 1163 non
763 1122 929 1164 venire?
961 1121 1306 1170 Poteramus-ne,
1329 1119 1512 1176 inquieS‚
1533 1118 1633 1160 cum

64 1183 239 1219 senatus
251 1177 520 1220 censuisset?
543 1178 588 1219 Si
604 1194 670 1220 me
680 1179 1004 1230 consulis,nullo
1014 1178 1142 1220 modo
1154 1195 1167 1230 3
1178 1177 1253 1218 sed
1264 1185 1407 1218 tamen
1418 1175 1633 1232 Ligarium

66 1241 242 1277 senatus
270 1233 385 1278 idem
408 1235 640 1292 legaverat.
680 1237 826 1293 Atque
844 1236 915 1278 ille
933 1251 984 1278 eo
1001 1242 1193 1292 tempore
1209 1234 1363 1291 paruit,
1377 1233 1475 1276 cnm
1488 1247 1633 1290 parere

64 1625 192 1663 bellum,
207 1635 276 1657 eam
292 1625 393 1668 petiit,
408 1631 443 1657 ut
467 1625 534 1668 ipse
549 1630 653 1658 narrat
668 1625 723 1659 lib.
738 1629 769 1658 3.
786 1626 826 1658 de

915 1627 969 1659 52.
994 1625 1168 1666 Principum
1183 1624 1340 1667 dignitas]
1385 1625 1547 1666 Principes
1562 1631 1636 1658 tunc

63 1669 157 1700 Bello
173 1669 279 1705 Civili,
295 1677 327 1700 et
344 1675 431 1711 patet
446 1681 483 1701 ex
500 1670 568 1711 ejus
585 1671 684 1712 Epist.
701 1671 740 1701 ad
759 1671 827 1711 Op·
871 1676 961 1700 erant
974 1670 1005 1700 in
1022 1670 1151 1710 Repub.
1170 1669 1341 1710 Pompeius
1356 1675 1388 1701 et
1403 1670 1519 1701 Caesar.
1542 1670 1637 1700 Porn—

66 1713 154 1753 pium
170 1713 362 1748 Cornelium.
377 1723 446 1754 quae
469 1719 568 1744 exstat
583 1714 636 1745 lib.
655 1717 685 1746 9.
701 1715 740 1744 ad
758 1713 825 1743 Ait.

66 1755 129 1797 Ep.
149 1758 180 1786 8.
198 1761 231 1787 et
243 1756 312 1797 ipse
329 1755 396 1787 Cic.
411 1756 464 1787 lib.
481 1759 512 1787 6.
528 1758 568 1787 ad
584 1757 683 1788 famil.
698 1757 735 1787 ad
755 1756 826 1788 Caz-

66 1799 181 1835 cinam,
197 1799 252 1829 ubi
267 1799 307 1829 de
323 1799 453 1830 Caesaris
470 1805 501 1830 et
516 1799 662 1840 Pompeii
678 1800 760 1830 bello
785 1799 832 1830 lo-

66 1842 190 1884 quitur:
215 1842 367 1873 Admirari
391 1843 463 1873 soleo
479 1844 668 1884 gravitatem,
693 1849 721 1874 et
735 1844 831 1884 justi-

872 1713 962 1754 peius
973 1714 1126 1753 dignitate
1138 1713 1267 1743 etfactis
1276 1714 1415 1754 superior
1425 1719 1491 1743 erat
1501 1712 1638 1749 Caesare,

871 1761 903 1786 at
915 1755 1018 1787 Caesar
1031 1755 1185 1796 Pompeio
1198 1755 1345 1796 aequitate
1358 1766 1471 1792 causae‚
1481 1756 1638 1796 siquidem

876 1809 944 1829 eam
961 1799 1004 1829 dii
1021 1799 1150 1829 victoria
1164 1798 1415 1839 comprobarunt.

919 1845 973 1873 55.
996 1841 1120 1882 Cognita
1134 1841 1198 1872 verb
1211 1842 1389 1882 clementia]
1427 1841 1457 1871 A
1473 1841 1640 1875 clementia

66 1886 151 1922 tiam,
175 1888 202 1915 et
231 1885 406 1924 sapientiam
431 1887 569 1923 Caesaris;
592 1888 643 1926 qui
678 1897 832 1926 uunquam
875 1895 970 1926 quam
992 1884 1136 1920 exhibuit
1152 1884 1268 1921 Caesar,
1279 1885 1479 1916 commendat
1492 1884 1561 1925 ejus
1575 1885 1641 1914 vie-

65 1929 124 1959 m‘si
160 1928 439 1969 honorificentissime
479 1928 648 1969 Pompeium
683 1930 809 1969 appellat
822 1942 832 1960 .-

67 1976 99 2001 at
129 1971 162 2001 in
187 1972 249 2010 gius
280 1981 431 2010 personam
465 1972 560 2002 multa
580 1971 659 2014 fecit
696 1971 833 2012 asper-iris.

70 2013 228 2044 Armorum
242 2015 299 2045 ista
319 2019 347 2044 et
368 2014 589 2056 victoriaefacta
603 2021 684 2052 sunt,
698 2026 756 2045 ‘non
773 2015 835 2046 Cae-

71 2066 153 2087 sarls.

114 2103 168 2130 44.
197 2099 237 2130 Ut
252 2100 307 2130 tibi
327 2109 394 2130 cum
416 2100 586 2141 sceleratis]
632 2099 662 2130 A
678 2100 835 2141 probitate

72 2142 217 2179 Caesaris,
233 2153 296 2173 non
311 2142 412 2174 scelus
427 2153 496 2174 esse
519 2143 744 2184 appellandum
760 2154 836 2174 con-

74 2186 188 2223 tendit,
202 2185 354 2228 quianon
378 2191 460 2217 esset
482 2197 589 2228 passus
611 2186 778 2217 sceleratos
803 2186 837 2216 in

73 2228 173 2265 Urbe,
190 2227 399 2259 multominus
412 2239 482 2259 curn
495 2230 531 2260 iis
543 2239 653 2270 pacem
667 2230 837 2260 habuisset.

115 2274 171 2305 45.
197 2272 274 2302 Mihi
288 2270 379 2313 verb]
406 2271 479 2302 Alia
495 2273 572 2303 ratio
588 2283 641 2304 cur
656 2272 756 2303 scelus
773 2283 836 2302 non

73 2315 123 2346 sit.
169 2315 261 2346 Hanc
278 2314 296 2345 εἶ
311 2326 344 2345 se
361 2316 496 2345 desumit
510 2315 633 2351 Cicero,
649 2315 751 2355 qui‚si
764 2326 835 2346 eum

74 2364 233 2399 tamquam
244 2357 430 2389 sceleratum
444 2357 668 2395 conservasset,
678 2368 742 2388 non
758 2359 838 2390 tanti

76 2401 242 2432 :estimaret
257 2400 388 2432 caesaris
403 2401 435 2431 in
452 2411 485 2432 se
501 2402 622 2432 merita.

117 2446 170 2476 48.
191 2443 400 2484 Secessionem]
455 2443 502 2474 Ex
527 2444 650 2475 Budaeo
673 2445 784 2475 dicitur
805 2445 838 2474 in

74 2487 143 2518 bella
156 2489 280 2524 secessio,
293 2489 367 2528 quod
381 2484 568 2527 defectionem
582 2488 715 2519 dicimus.

118 2531 174 2562 49.
199 2528 268 2561 Non
289 2530 423 2572 bellum]
471 2530 595 2561 Bellum
619 2530 742 2572 proprie
760 2529 839 2571 geri·

78 2576 125 2602 tur
140 2577 248 2604 contra
263 2578 405 2605 externos
421 2572 604 2614 hostesjure
621 2575 773 2614 gentium.

121 2616 176 2647 50.
199 2615 387 2657 Dimidium]
433 2615 494 2647 Per
508 2618 588 2647 hanc
603 2627 712 2648 vocem
726 2616 843 2647 dissidi-

78 2669 142 2694 um,
172 2663 205 2689 et
234 2659 406 2690 animorum
433 2660 598 2698 dissensio,
622 2666 655 2691 et
679 2669 844 2701 corporum

81 2700 264 2740 disjunctio,
280 2707 415 2736 notatur.

122 2743 174 2776 Ib.
211 2743 377 2785 Utrisque]
436 2744 516 2777 Tum
548 2745 750 2787 Pompeiani,
782 2750 848 2777 tum

82 2786 266 2826 Caesariani,
279 2788 396 2820 salvam
411 2799 480 2822 esse
496 2789 617 2832 Remp.
631 2790 792 2823 volebant.

879 1935 1001 1959 tonam.

922 1975 953 2002 1.
979 1971 1163 2002 Communem
1190 1970 1335 2011 causam]
1388 1969 1542 2010 Intelligit
1571 1980 1641 2000 eam

879 2024 1017 2051 causam,
1043 2025 1113 2056 quae
1139 2014 1180 2045 ad
1206 2025 1313 2045 omnes
1340 2013 1549 2054 Pompeianos
1573 2023 1643 2053 per-

880 2057 970 2087 tinet.

923 2099 974 2131 Ib.
995 2100 1043 2130 Ad
1058 2099 1212 2140 nostram]
1251 2097 1290 2129 Id
1306 2104 1364 2136 est,
1380 2099 1420 2129 ad
1436 2098 1554 2139 Ligarii
1568 2108 1643 2130 cau-

880 2152 957 2179 sam,
976 2143 1016 2173 de
1032 2143 1096 2184 qua
1110 2152 1191 2173 nunc
1205 2141 1318 2183 agitur.

925 2189 956 2216 2.
984 2185 1092 2216 Utrum
1104 2185 1248 2226 tandem]
1294 2184 1366 2215 Jam
1379 2189 1539 2225 comparat
1551 2184 1645 2225 Liga-

880 2229 917 2259 rii
947 2239 1071 2259 causam
1098 2239 1170 2260 cum
1195 2226 1290 2259 causa
1313 2228 1505 2259 Tuberonis:
1533 2227 1646 2259 Utrum

882 2271 1001 2302 scilicet
1016 2272 1157 2312 Ligarius
1181 2271 1340 2302 meliorem
1362 2271 1504 2301 habuerit
1519 2281 1646 2301 causam

881 2315 914 2345 in
937 2314 1046 2346 Africa
1069 2314 1230 2350 manendi,
1246 2313 1340 2355 quam
1365 2314 1490 2344 Tubero
1518 2314 1548 2344 in
1575 2324 1646 2344 earu

882 2357 1064 2399 navigandi.
1108 2358 1160 2388 Sic
1176 2362 1280 2387 autern
1297 2364 1457 2398 utramque
1472 2361 1646 2397 comparat.

883 2401 1092 2441 utjustiorem
1107 2400 1200 2430 fuisse
1217 2399 1330 2441 Ligarii
1345 2401 1501 2430 ostendat.

927 2447 958 2476 3.
988 2443 1235 2484 Poteramus-ne.]
1281 2441 1456 2474 Introducit
1484 2442 1631 2483 loquente

885 2488 965 2519 duos
990 2487 1185 2524 Tuberones,
1209 2486 1264 2526 qui
1290 2485 1439 2516 dicebant
1465 2497 1497 2517 se
1522 2485 1633 2516 senatu

887 2531 1071 2562 auctoritate
1087 2529 1119 2559 in
1134 2529 1273 2560 Africam
1290 2529 1420 2561 venisse.

932 2575 963 2604 5.
986 2572 1109 2604 Senatus
1134 2573 1210 2604 idem
1233 2572 1404 2614 legaverat]
1450 2571 1490 2601 Id
1514 2576 1572 2607 est,
1595 2569 1654 2600 Li-

890 2616 992 2657 garius
1013 2615 1296 2646 senatus-consulto
1312 2619 1441 2646 venerat
1468 2615 1587 2654 legatus
1616 2613 1649 2643 in

890 2658 1054 2696 Africamg
1079 2659 1137 2689 etsi
1161 2658 1243 2689 enim
1258 2657 1458 2698 proconsules
1482 2655 1542 2687 sibi
1565 2655 1650 2696 lega-

892 2707 942 2732 tos
957 2709 1162 2740 assumerent,
1176 2707 1281 2732 tamen
1295 2701 1335 2730 de
1351 2700 1388 2730 iis
1404 2704 1470 2730 erat
1486 2708 1540 2739 per
1555 2709 1650 2729 unum

893 2744 1055 2776 consulum
1072 2744 1267 2775 referendum
1283 2743 1323 2774 ad
1338 2748 1492 2778 senatum,
1506 2742 1560 2783 qui
1576 2753 1653 2775 con·

895 2787 1057 2826 stituebat,
1071 2788 1148 2831 quid
1164 2786 1203 2820 ea
1219 2786 1259 2818 de
1275 2796 1307 2818 re
1321 2785 1379 2818 sibi
1394 2785 1547 2827 placeret.
