1858 3095
609 220 700 254 Pno
724 221 840 255 LEGE
863 202 1074 255 MANmA.
1631 224 1689 265 53

57 301 110 342 de
130 313 246 342 nunc
267 300 451 351 aramus,
482 298 567 340 hae
599 304 694 339 utar
725 298 1021 340 moderatione
1043 297 1229 350 dicendi,
1258 311 1345 340 non
1365 303 1412 338 ut
1433 295 1475 338 in
1497 297 1608 341 illius
1624 297 1677 340 10

54 363 270 414 potestate
288 337 497 399 ssrtunam
512 355 695 411 positam
712 369 805 396 esse
820 355 1063 406 dicam‚sed
1078 353 1609 410 utpraeteritameminisse,

59 413 223 470 reliqua
244 427 426 470 sperare,
446 412 688 453 videamur:
721 426 774 452 ne
796 419 869 452 aut
890 412 1026 453 invisa
1045 412 1126 453 diis
1147 410 1457 453 immortalibus
1473 410 1608 451 oratio

57 479 219 522 nostra,
239 477 312 511 aut
331 470 509 523 ingrata,
531 483 625 509 esse
646 467 853 510 videatur.
900 468 1049 524 Itaque
1067 483 1153 509 nou
1174 484 1270 510 sum
1285 467 1607 523 praedicaturus,

57 526 262 576 Quirites,
282 533 463 581 quantas
480 525 549 565 ille
568 540 633 566 res
653 525 769 565 domi
787 525 1051 581 militiaeque,
1072 525 1183 566 terr-st
1203 525 1408 580 marique,
1426 522 1609 580 quanta-

56 598 139 638 que
160 582 381 633 felicitate,
412 582 617 637 gesserit3
649 590 696 622 ut
736 582 827 637 ejus
850 597 1016 638 semper
1035 581 1332 622 voluntatibus
1360 594 1446 620 non
1477 578 1607 621 modo
1625 580 1675 622 15

54 639 170 680 cives
186 638 460 688 assenserint,
474 638 580 679 socii
597 638 947 694 obtemperarint,
962 639 1108 679 hostes
1122 637 1375 686 obedierint,
1388 636 1465 677 sed
1479 636 1609 677 etiam

53 695 169 737 venti
188 694 576 752 l'tempestatesque
596 695 965 736 <obsecuncli1rina
998 693 1095 735 Hoc
1107 692 1520 744 brevissimedicam,
1534 708 1610 734 ne-

54 751 212 793 minem
232 766 421 808 unquam
439 758 527 793 tam
548 751 839 807 impudentem
860 750 1006 801 fuisse,
1039 750 1114 806 qui
1135 749 1161 791 a
1191 749 1274 791 diis
1297 749 1608 791 immortalibus

55 814 120 850 tot
138 814 181 849 et
200 814 342 850 tantas
358 823 424 850 res
444 808 602 850 tacitus
616 807 791 849 auderet
803 813 964 863 optare,
976 814 1083 863 quot
1104 813 1146 848 et
1192 813 1342 848 uantas
1360 806 1419 848 dii
1440 806 1611 848 immor-

56 864 164 906 tales
184 865 239 906 ad
260 864 342 907 Cn.
363 864 619 921 Pompeium
635 864 892 906 detulerunt.
925 864 1053 912 Quod
1070 870 1118 905 ut
1136 863 1166 904 il
1189 863 1430 920 iproprium
1451 878 1503 905 ac
1519 877 1610 920 per-
1622 864 1678 907 20

56 927 235 985 petuum
256 920 326 974 sit,
358 921 563 973 Quirites,
601 920 699 963 edm
721 920 959 963 communis
982 920 1133 962 salutis
1155 927 1285 977 atque
1306 919 1486 976 imperii,
1518 927 1612 962 tum

56 977 193 1034 1psius
213 978 400 1020 hominis
416 978 561 1029 causa,
580 977 705 1020 sicuti
723 977 881 1030 facitis,
893 978 1002 1019 velle
1016 984 1060 1019 et
1080 983 1226 1034 optare
1240 977 1421 1019 debetis.
1433 996 1438 1029 5
1452 975 1611 1028 Quare,

56 1034 155 1076 cum
174 1040 219 1077 et
236 1034 397 1077 bellum
415 1036 476 1077 ita
490 1035 780 1076 necessarium
800 1035 870 1087 sit,
881 1041 928 1076 ut
947 1034 1110 1091 negligi
1131 1049 1217 1076 non
1264 1034 1395 1085 ossit;
1416 1034 1478 1075 ita
1492 1048 1613 1091 mag-

53 1106 171 1143 num,
203 1098 253 1134 ut
281 1091 603 1133 accuratissime
626 1092 682 1133 sit
701 1092 1108 1132 administrandum:
1142 1097 1185 1132 et
1205 1050 1301 1132 αξη]
1324 1091 1361 1133 ei
1383 1091 1614 1147 imperato-

56 1163 147 1190 rem
165 1148 380 1206 praeficere
397 1148 588 1205 possitis,
621 1149 665 1189 in
685 1163 770 1204 quo
793 1148 848 1189 sit
868 1148 1025 1189 eximia
1044 1148 1145 1188 belli
1168 1147 1362 1196 scientia,
1385 1146 1612 1204 singularis
1625 1150 1681 1192 25

61 1205 210 1253 virtus,
227 1204 720 1256 clarissimaauctoritas,
734 1204 1102 1261 egregiafortuna3
1125 1205 1389 1255 dubitabitis,
1408 1204 1614 1255 Quirites,

90 1261 164 1303 uin
181 1261 267 1303 hoc
283 1268 450 1303 tantum
469 1262 586 1312 boni,
609 1261 727 1317 quod
748 1263 868 1303 vobis
885 1261 911 1301 a
932 1261 1014 1303 diis
1030 1261 1342 1302 immortalibus
1366 1261 1556 1303 oblatum
1573 1267 1617 1302 et

58 1277 210 1359 datum
230 1322 310 1366 est,
339 1317 384 1358 in
419 1318 727 1372 rempublicam
747 1318 1082 1359 conservandam
1117 1328 1246 1374 atque
1268 1317 1617 1374 amplificandam

60 1372 317 1416 conferatis?
345 1372 474 1421 Quod
494 1374 529 1414 si
550 1373 702 1415 Romae
718 1373 799 1415 Cn.
814 1374 1047 1430 Pompeius
1064 1373 1253 1436 privatus
1275 1380 1392 1415 esset
1410 1374 1495 1415 hoo
1510 1379 1618 1415 tem-

59 1445 187 1487 pore;
217 1437 363 1472 tamen
382 1430 438 1471 ad
457 1436 626 1472 tantum
649 1430 808 1471 bellum
828 1430 865 1471 is
882 1437 973 1472 erat
993 1430 1264 1486 deligendus,
1295 1437 1424 1486 atque
1445 1430 1618 1472 mitten·
1630 1434 1686 1476 30

61 1489 168 1538 dus;
187 1501 317 1537 nunc,
337 1486 437 1528 cum
456 1487 512 1529 ad
533 1493 710 1529 caeteras
725 1501 915 1528 summas
933 1486 1138 1528 utilitates
1158 1487 1253 1528 haec
1273 1501 1447 1544 quoque
1465 1501 1623 1543 oppor-

61 1543 225 1586 tunitas
242 1543 513 1600 adjungatur,
533 1549 583 1585 ut
601 1543 646 1585 in
661 1543 714 1585 iis
733 1543 838 1600 ipsis
852 1544 959 1585 locis
981 1543 1109 1596 adsit,
1130 1550 1179 1585 ut
1196 1543 1354 1585 habeat
1370 1543 1621 1595 exercitum,

61 1606 124 1652 ut,
141 1600 195 1642 ab
216 1599 269 1642 iis
290 1601 364 1657 qui
385 1600 561 1652 habent,
579 1599 775 1657 accipere
797 1600 944 1642 statim
964 1599 1129 1657 possit;
1160 1599 1264 1657 quid
1286 1601 1622 1657 exspectamus?

63 1663 139 1699 aut
154 1671 231 1699 cur
249 1670 352 1708 non,
373 1656 556 1699 ducibus
573 1656 654 1698 diis
675 1657 1000 1708 immortalibus,
1018 1657 1172 1708 eidem,
1195 1656 1263 1698 cui
1280 1664 1436 1700 caetera
1454 1657 1624 1699 summa

65 1729 164 1756 cum
179 1714 317 1777 salute
336 1712 584 1799 reipublicae
604 1714 836 1757 commissa
855 1721 969 1766 sunt,
988 1714 1074 1756 hoc
1089 1728 1262 1771 quoque
1282 1715 1445 1757 bellum
1459 1713 1624 1771 regium
1634 1718 1690 1761 35

66 1777 374 1814 comm1tt1mus
388 1803 397 1811 .

292 1884 311 1909 ¹³
325 1887 589 1928 serenitates.
960 1894 975 1911 ⁶
993 1888 1196 1929 secunde&
1204 1886 1397 1941 ficerz'nt.

112 2001 166 2032 12.
189 1998 383 2041 Antinvisa]
408 2000 518 2032 Oratio
533 1998 632 2031 invisa
654 1999 714 2030 diis
738 2004 830 2036 esset,
916 2003 969 2032 22.
995 2001 1104 2038 Quare,
1127 2001 1223 2042 edm]
1272 2000 1383 2032 Brevis
1398 2001 1484 2032 velut
1506 2012 1630 2043 perora-

71 2043 96 2074 si
111 2042 266 2073 fortunam
277 2043 311 2074 iu
326 2048 484 2084 potestate
507 2042 654 2085 Pompeii
668 2043 761 2074 fuisse
782 2043 855 2079 diff
874 2043 931 2080 tio,
954 2044 1028 2086 qua,
1051 2044 1120 2076 cum
1148 2055 1186 2075 ex
1207 2045 1245 2075 iis
1268 2045 1410 2075 omnibus
1433 2055 1503 2085 quae
1527 2045 1632 2076 attulit

72 2090 203 2117 teretur.
840 2114 856 2125 ,
873 2087 1036 2124 haetenus,
1058 2093 1123 2118 tum
1139 2098 1177 2118 ex
1192 2087 1337 2128 Pompeii
1357 2088 1532 2123 virtutibus,
1557 2098 1632 2119 con-

115 2129 168 2159 13.
210 2127 367 2170 Ingrata]
390 2128 422 2159 Si
437 2128 653 2159 omitterentur
666 2128 831 2166 beneficia,
873 2130 982 2166 cludit,
1004 2131 1074 2171 lege
1090 2130 1224 2161 Manilia
1239 2131 1279 2160 ad
1294 2130 1410 2160 bellum
1435 2130 1631 2161 Mithridati-

73 2171 185 2213 quibus
200 2181 256 2201 nos
272 2170 388 2202 affecit.
844 2177 856 2188 “
875 2181 945 2202 cum
960 2173 1177 2213 imperatorem
1194 2173 1379 2203 mittendum
1394 2183 1475 2205 esse.

118 2216 170 2245 17.
197 2214 310 2254 Venti]
334 2213 406 2245 Nec
429 2218 492 2245 tam
515 2213 606 2245 facile
630 2213 744 2255 piratas
767 2213 852 2254 eje-r
920 2217 973 2247 32.
996 2215 1032 2246 In
1054 2217 1090 2246 iis
1112 2218 1179 2256 ipsis
1200 2216 1293 2256 locis]
1350 2215 1425 2246 Erat
1447 2221 1511 2246 tum
1534 2215 1631 2246 Pom-

72 2257 165 2288 cisset
179 2256 362 2298 Pompeius,
385 2267 444 2289 nee
471 2262 533 2288 tam
556 2267 658 2298 pauco
679 2262 834 2299 tempore,
847 2294 858 2304 ς
877 2258 964 2298 peius
977 2258 1010 2288 in
1027 2258 1105 2289 Asia
1118 2264 1225 2290 contra
1239 2259 1414 2300 praedones,
1437 2259 1491 2289 ubi
1513 2258 1632 2290 vicinus

77 2300 138 2331 nisi
152 2305 262 2331 ventos
277 2300 430 2331 secundos
445 2300 611 2331 habuisset·
878 2307 946 2332 erat
958 2302 1148 2332 Mithridati.

116 2342 167 2374 Ib.
191 2343 400 2384 Tempestates]
460 2342 551 2383 Saepe
574 2353 630 2384 pro
665 2342 829 2374 serenitate
853 2345 864 2362 ⁸
916 2344 965 2376 lb.
992 2344 1032 2376 Ut
1060 2346 1161 2376 habeat
1188 2345 1368 2386 exercitum]
1413 2344 1572 2387 Integrum
1601 2347 1635 2375 et

76 2391 244 2428 tempestas
269 2391 445 2430 usurpatur.
489 2386 541 2419 Sic
571 2386 736 2428 Virgilius,
773 2387 852 2421 AE-.
874 2388 1034 2418 florentem
1048 2389 1216 2419 exercitum
1229 2388 1376 2419 habebat.

75 2429 164 2461 ne'id.
180 2431 212 2463 9.
839 2462 853 2476 ς
918 2433 972 2463 33.
1001 2430 1041 2462 Ut
1062 2432 1098 2461 ab
1121 2432 1184 2473 iis]
1228 2431 1356 2463 Poterat
1379 2432 1494 2463 habere
1520 2429 1648 2462 exemi--

877 2479 953 2511 tum,
968 2479 1035 2504 tum
1059 2474 1080 2504 a
1099 2474 1281 2512 Glabrione,
1318 2475 1368 2506 cui
1393 2474 1540 2506 Lucullus
1564 2483 1636 2515 par-

119 2535 359 2549 ........
387 2514 471 2547 Uude
482 2515 539 2548 haec
549 2522 609 2548 cam
624 2515 706 2547 clara
719 2515 851 2558 repentes
879 2523 940 2548 tem
956 2517 1002 2548 sui
1017 2517 1160 2556 dederat,
1185 2524 1250 2548 tum
1279 2518 1318 2548 ab
1334 2518 1401 2548 aliis
1414 2517 1565 2549 Romanis
1580 2515 1635 2559 qui

123 2558 302 2600 Tempestas?
877 2561 910 2593 iu
924 2560 1036 2593 vicinis
1051 2561 1216 2602 provinciis
1230 2566 1319 2593 erant
1327 2571 1398 2595 cum
1407 2560 1549 2604 imperio.

1157 2921 1186 2949 α
1213 2897 1330 2949 225.
