1858 3095
656 165 709 198 IN
730 163 994 197 CATILINAM
1019 163 1078 196 IV.

86 255 162 298 pro
194 241 387 298 imperio,
407 254 483 298 pro
513 241 719 292 exercitu,
740 254 815 297 pro
846 240 1068 296 provincia
1101 254 1229 297 quam
1259 238 1446 296 neglexi,
1467 252 1543 294 pro
1573 240 1651 280 tri-

86 298 246 355 umpho
269 301 519 353 caeterisque
540 297 678 338 laudis
710 297 969 353 insignibus,
988 313 1087 354 ⁸quai
1109 304 1209 338 sunt
1229 297 1254 337 ῖι
1276 311 1357 346 me,
1380 302 1551 351 propter
1573 295 1650 337 Ur-

85 354 153 396 bis
170 364 403 411 vestraeque
420 354 572 395 salutis
585 354 842 405 custodiam,
859 353 1096 411 repudiata,
1111 369 1186 409 pro
1203 353 1414 395 clientelis
1433 351 1649 404 hospitiis·
1670 360 1723 398 05

88 427 171 467 que
192 411 540 468 provincialibus,
563 426 657 466 quae
679 417 821 451 tamen
843 410 1017 451 urbanis
1040 411 1194 467 opibus
1218 425 1302 451 non
1323 409 1486 450 minore
1506 408 1651 450 labore

87 476 208 510 tueor
227 468 355 525 quam
377 481 606 523 comparo,
636 481 712 523 pro
743 467 810 508 his
843 467 973 523 igitur
1001 468 1199 509 omnibus
1230 467 1372 517 rebus,
1395 472 1438 506 et
1468 479 1543 521 pro
1566 480 1653 506 me-

88 525 124 566 is
155 525 196 566 in
219 539 294 566 vos
326 524 613 580 singularibus
645 523 815 576 studiis,
844 538 1005 580 proque
1032 524 1130 574 hac,
1153 537 1283 579 quam
1311 521 1575 577 conspicitis,
1598 522 1653 562 ad

89 581 425 622 conservandam
454 580 762 637 rempublicam
794 580 1031 635 diligentia,
1062 579 1170 621 nibil
1199 578 1316 620 aliud
1347 577 1373 618 ὃ.
1400 578 1537 627 vobis,
1571 578 1652 619 nisi

90 638 215 693 hujus
249 637 452 693 temporis
493 645 713 693 totiusque
749 636 833 677 mei
872 637 1120 678 consulatus
1160 634 1421 685 memoriam,
1456 636 1653 689 postulo:
1674 641 1728 680 70

88 708 181 750 quae
202 693 304 734 dum
324 701 402 735 erit
422 694 571 736 vestris
589 693 806 735 mentibus
828 692 973 744 infixa,
995 692 1237 733 firmissimo
1258 706 1325 732 me
1343 705 1463 732 muro
1486 698 1656 747 septum

88 764 183 790 esse
205 751 454 793 arbitrabor.

513 749 642 798 Quod
672 750 710 791 si
739 763 879 791 meam
909 764 1030 805 spem
1051 749 1114 790 vis
1145 749 1435 805 improborum
1458 747 1658 788 fefellerit

89 813 220 862 atque
253 807 530 864 superaverit,
563 806 820 848 commendo
854 807 974 848 vobis
1009 820 1186 862 parvum
1217 819 1359 846 meum
1393 804 1554 846 filium:
1586 804 1655 845 cui

91 862 284 918 profecto
315 864 420 904 satis
452 863 531 904 erit
560 863 764 919 praesidii,
786 877 872 905 non
894 863 1030 904 solum
1061 863 1116 904 ad
1147 863 1343 910 salutem,
1363 861 1508 902 verum
1528 861 1657 902 etiam

91 919 145 959 ad
166 919 438 982 dignitatem,
461 920 497 961 si
520 921 628 976 ejus,
650 919 723 976 qui
745 920 838 961 haec
859 920 1003 961 omnia
1032 935 1110 962 suo
1133 920 1251 960 solus
1273 917 1464 974 periculo
1488 932 1658 960 conser-
1677 923 1749 965 751
1775 950 1777 952 .

89 983 265 1027 vaverit,
297 977 419 1018 illum
451 991 544 1018 esse
573 976 706 1018 filium
737 977 1031 1019 memineritis.
1091 977 1376 1032 Quapropter,
1405 975 1458 1015 de
1490 975 1659 1016 summ-Cr

92 1033 230 1075 salute
249 1033 409 1086 vestra,
431 1032 666 1090 populique
689 1033 890 1086 Romani,
914 1033 965 1075 P.
990 1034 1039 1076 C.
1063 1033 1115 1074 de
1136 1033 1286 1074 vestris
1318 1031 1576 1088 conjugibus
1607 1046 1659 1073 ac

91 1088 254 1142 liberis,
275 1090 330 1131 de
357 1090 441 1132 aris
473 1105 524 1131 ac
544 1090 668 1141 focis,
691 1090 744 1131 de
766 1091 876 1132 fanis
909 1105 960 1132 ac
987 1090 1173 1146 templiS‚
1197 1090 1248 1131 de
1270 1088 1402 1130 totius
1434 1088 1550 1129 urbis
1572 1095 1660 1130 tec-

93 1145 150 1186 tis
181 1160 233 1187 ac
263 1146 455 1196 sedibus,
478 1146 530 1187 de
562 1146 758 1202 imperio,
781 1148 834 1189 de
863 1147 1073 1198 libertate,
1097 1147 1149 1188 de
1181 1147 1317 1187 salute
1350 1145 1498 1195 Italiae,
1520 1145 1660 1201 deque

93 1202 293 1244 univers-si
314 1203 424 1259 Rep.
445 1203 662 1244 decernite
682 1203 925 1260 diligenter,
947 1211 994 1245 ut
1013 1203 1275 1254 instituistis,
1292 1217 1343 1244 ac
1362 1202 1540 1243 fortiter.
1572 1202 1666 1251 Ila-1
1681 1208 1736 1249 80

93 1259 206 1300 betis
223 1260 337 1301 enim
357 1261 595 1312 consulem,
613 1260 687 1315 qui
709 1267 752 1301 et
771 1275 918 1316 parere
937 1260 1091 1301 vestris
1109 1259 1292 1301 decretis
1313 1273 1400 1300 non
1420 1258 1602 1311 dubitet,
1619 1265 1664 1301 et

95 1330 146 1357 ea
158 1330 254 1371 quae
268 1316 518 1369 statueritis,
533 1316 676 1373 quoad
691 1316 821 1370 vivet,
835 1317 1080 1370 defendere,
1094 1322 1137 1359 et
1150 1331 1224 1374 per
1236 1331 1281 1358 se
1294 1316 1435 1373 ipsum
1447 1322 1663 1373 praestare,

91 1373 246 1430 possit.

137 1546 190 1577 63.
215 1545 276 1577 Pro
297 1544 441 1586 imperia]
479 1545 667 1577 Consulibus
690 1545 856 1588 provinciae

97 1589 348 1621 administrandae
363 1589 622 1626 decernebantur,
635 1590 790 1620 dabantur
805 1600 858 1621 ex-

96 1633 230 1671 ercitu53
243 1637 288 1670 et,
303 1642 335 1662 re
350 1632 432 1663 bene
447 1632 547 1673 gesta,
563 1633 735 1673 triumphus
751 1633 859 1663 decer-

97 1676 250 1714 nebatur‚·
274 1685 337 1716 quo
352 1675 429 1706 nihil
445 1676 530 1718 apud
554 1675 716 1708 Romanos
731 1676 771 1707 ad
795 1677 860 1718 glo-

97 1718 174 1749 riam
189 1718 249 1750 fuit
260 1717 417 1751 illustrius-

143 1763 196 1794 65.
218 1761 280 1792 Pro
301 1761 466 1802 clientelis]
513 1761 652 1793 Clientes
674 1762 859 1794 dicebantur

96 1806 154 1846 qui
180 1810 327 1847 patronos
351 1805 565 1843 honorabant;
590 1816 662 1836 nam
692 1805 857 1843 Romulus,

99 1846 172 1879 cirin
188 1853 292 1889 patres
306 1847 509 1890 plebeiosque
525 1849 733 1886 discrevisset,
743 1859 784 1880 ne
798 1860 861 1890 qua

100 1890 182 1922 inter
197 1901 250 1922 eos
265 1896 348 1922 esset
360 1891 522 1928 dissensio,
537 1892 678 1934 permisit
691 1892 861 1933 unicuique

102 1933 241 1974 plebeio,
254 1938 290 1965 ut
311 1945 538 1977 quemcumque
561 1934 579 1966 ἐ
601 1935 740 1977 patribus
756 1936 862 1973 vellet,

103 1982 269 2018 patronum
299 1977 357 2008 sibi
385 1982 580 2019 compararet
592 1989 601 2016 ;
632 1979 716 2010 hunc
746 1984 863 2016 autem,

105 2020 228 2050 lionoris
240 2019 344 2055 causa,
354 2020 446 2051 domo
459 2022 661 2053 deducebant
670 2022 863 2060 insenatum,

107 2063 166 2094 ἃς.
212 2063 296 2093 Vide
313 2062 484 2103 Sigonium,
497 2061 539 2094 lib
556 2069 585 2094 1.
601 2075 673 2105 cap.
689 2067 722 2097 7.

148 2106 198 2138 Ib.
223 2105 669 2149 Hospitiisqueprovincialibus.]
715 2106 865 2148 Hospitia

900 1544 999 1577 multa
1020 1545 1079 1577 sibi
1101 1546 1133 1577 in
1155 1543 1315 1588 provincia
1337 1544 1451 1577 Siciliae
1473 1544 1665 1588 comparavit

903 1589 1026 1621 Cicero.

946 1634 999 1663 73.
1025 1631 1124 1663 Meum
1138 1631 1271 1674 filium]
1321 1632 1373 1664 M.-
1397 1632 1580 1664 Ciceronem
1605 1632 1664 1663 fili-

904 1687 957 1706 um
974 1676 1095 1707 senatui
1110 1677 1320 1713 commendat,
1337 1676 1387 1707 cui
1410 1675 1522 1717 postca
1541 1676 1666 1717 scripsit

901 1719 995 1750 libros
1011 1720 1051 1750 de
1068 1719 1199 1755 Officiis,
1215 1724 1247 1750 et
1261 1720 1328 1761 qui,
1342 1718 1481 1760 legitima
1493 1723 1586 1749 aetate
1602 1719 1667 1750 col-

901 1762 974 1803 lega
990 1762 1114 1794 Oetavii
1128 1761 1265 1803 Augusti
1280 1762 1411 1793 Caesaris
1434 1762 1468 1792 in
1489 1761 1665 1799 consulatu,

901 1805 1034 1836 Antonii
1056 1811 1171 1837 statuas
1193 1806 1317 1845 dejecit,
1342 1805 1397 1846 qui
1417 1805 1667 1836 interficiendum

906 1849 1088 1880 Ciceronem
1104 1854 1224 1889 patrem
1236 1853 1405 1879 curaverat.

949 1894 1002 1923 81.
1036 1892 1145 1923 Parere
1172 1893 1271 1922 vestris
1297 1892 1442 1933 decretis]
1485 1891 1667 1928 Pollicetur,

906 1946 939 1966 se
954 1936 1240 1976 obtemperaturum
1255 1945 1324 1966 esse
1339 1934 1464 1966 senatfis
1480 1935 1625 1972 decretis,
1641 1933 1667 1965 si

906 1979 982 2010 velit
996 1978 1173 2019 conjuratos
1187 1983 1284 2009 morte
1300 1978 1432 2009 multari.

951 2025 1004 2055 82.
1028 2022 1087 2052 Per
1110 2032 1137 2053 se
1163 2023 1257 2062 ipsum
1278 2021 1440 2062 pire-stara]
1497 2021 1668 2052 Pollicetur

906 2064 1030 2101 iterum,
1048 2075 1080 2096 se
1096 2070 1211 2095 statuta
1234 2065 1253 2094 ὁ,
1267 2069 1388 2101 senatu,
1405 2062 1469 2094 sine
1484 2063 1666 2105 cujusquam

907 2108 1034 2140 alterius
1049 2118 1110 2150 ope
1125 2114 1180 2139 aut
1198 2107 1348 2150 periculo,
1363 2107 1579 2149 praestiturum.

1644 161 1720 205 141
