1858 3095
667 184 757 218 pao
781 183 898 218 LEGE
920 182 1132 217 umam.
1728 185 1781 226 61

129 261 292 313 liberis,
314 261 385 318 qui
411 261 464 304 ab
486 272 587 301 auro
616 261 807 317 gazaque
831 261 961 324 regist,
982 275 1149 312 manua,
1171 261 1335 311 oeulos,
1357 260 1545 301 animum
1567 260 1686 302 cohi-

129 319 228 360 bere
251 319 400 374 possit,
421 332 507 359 non
527 316 606 357 erit
627 317 806 359 idoneus
828 332 902 373 qui
922 318 977 359 ad
998 318 1157 359 bellum
1176 317 1416 359 Asiaticum
1438 317 1684 372 regiumque

129 376 336 418 mittatur.
398 374 589 430 Ecquam
621 375 781 430 putatis
806 374 1023 416 civitatem
1058 383 1254 429 pacatam
1275 374 1420 424 fuisse,
1443 388 1537 429 quae
1569 375 1687 414 locu-

131 433 221 488 ples
243 432 327 473 sit?
347 445 526 486 ecquam
544 445 637 472 esse
655 431 929 486 locupletem,
949 447 1045 487 quae
1066 431 1160 473 istis
1182 438 1335 487 pacata
1356 444 1449 471 esse
1468 429 1659 470 videatur
1677 432 1687 469 ἒ

133 489 222 531 Ora
248 486 470 538 maritima,
499 486 706 536 Quirites,
728 488 807 530 Cn.
838 488 1107 545 Pompeium,
1136 502 1223 529 non
1250 486 1388 528 solum
1423 493 1596 542 propter
1630 485 1689 526 rei

131 545 321 587 militaris
365 544 537 595 ·loriam,
556 545 633 586 sed
653 544 783 586 etiam
835 552 975 601 ropter
996 545 1126 586 animi
1149 542 1473 593 continentiam,
1496 541 1691 597 ¹requisi-

132 602 222 654 vit;
251 560 426 642 videiJat
446 601 557 642 enim
576 601 783 657 populum
847 616 1047 642 ornanum
1068 615 1155 642 non
1183 599 1435 655 locupletari
1458 597 1690 654 quotannis

132 656 318 715 pecunia
343 657 532 714 publica,
556 665 708 714 praeter
737 672 926 714 paucos3
958 672 1097 712 neque
1119 671 1196 698 nos
1218 656 1456 711 quidquam
1484 655 1602 695 aliud
1623 669 1690 695 as-

132 713 254 770 sequi
275 714 508 756 mclassium
534 714 720 766 nomine,
741 715 822 756 nisi
850 722 912 765 ut,
934 713 1200 755 detrimentis
1228 712 1506 768 accipiendis,
1529 712 1690 766 majore

132 770 246 813 affici
275 771 539 828 turpitudine
563 771 816 813 videremur.
877 771 1004 812 Nunc
1032 770 1119 826 quit
1150 769 1387 825 cupiditate
1418 768 1615 809 homines
1648 767 1692 807 in

131 827 390 884 provincias,
410 827 567 883 quibus
588 828 788 890 jacturis,
811 828 966 884 quibus
991 825 1329 877 conditionibus,
1350 824 1693 881 proficiscantur,

134 885 332 941 ignorant
354 884 556 926 videlicet
586 884 674 936 isti,
701 885 775 941 qui
804 885 859 926 ad
886 898 1019 925 unum
1049 882 1282 924 deferenda
1308 896 1402 924 esse
1433 881 1578 923 omnia
1607 894 1694 921 non

132 941 389 983 arbitrantur
407 958 418 992 3
447 940 571 997 quasi
591 941 691 983 vero
713 941 792 983 Cn.
815 940 1070 998 Pompeium
1089 955 1190 990 non,
1214 938 1312 980 cum
1339 938 1428 980 suis
1450 937 1693 988 virtutibus,

133 1005 224 1040 tum
241 998 370 1040 etiam
388 997 539 1039 alienis
556 997 687 1050 vitiis,
701 1012 905 1054 magnum
918 1012 1012 1039 esse
1028 997 1267 1039 videamus.
1306 994 1449 1044 Quare
1465 994 1599 1036 nolite
1617 994 1694 1034 du·
1717 989 1795 1031 lOO

133 1054 268 1096 bitare
289 1054 393 1111 quin
414 1055 515 1096 huic
535 1054 607 1096 uni
629 1055 814 1096 credatis
836 1055 992 1106 omnia,
1013 1054 1086 1110 qui
1106 1053 1241 1095 ninter
1261 1066 1395 1093 anuos
1416 1058 1482 1093 tot
1501 1066 1609 1092 unus
1631 1050 1694 1091 in-

133 1119 286 1155 ventus
307 1111 378 1163 sit,
396 1126 525 1168 quem
545 1111 653 1153 socii
682 1112 727 1152 in
746 1112 872 1154 urbes
893 1126 992 1152 suas
1015 1125 1113 1152 cum
1135 1109 1326 1151 exercitu
1346 1108 1514 1150 venisse
1533 1107 1694 1164 gaude-

134 1156 271 1233 antffi(
285 1166 417 1216 Quod
447 1168 484 1210 si
514 1168 842 1210 auctoritatibus
868 1168 981 1209 hanc
1002 1182 1192 1218 causam,
1216 1165 1420 1213 Quirites,
1441 1166 1696 1206 confirman-

136 1225 236 1266 dam
257 1224 432 1281 putatiS,
452 1231 519 1266 est
538 1224 661 1266 vobis
682 1232 846 1276 auctor,
866 1225 930 1266 vir
950 1225 1159 1266 bellorum
1181 1222 1373 1264 omnium
1395 1221 1696 1263 maximarum-

136 1296 218 1338 que
239 1295 376 1322 rerum
397 1280 698 1336 peritissimus,
721 1281 770 1324 P.
794 1281 998 1323 Servilius
1020 1297 1031 1331 ;
1061 1281 1184 1336 cujus
1204 1285 1334 1320 tantae
1350 1293 1417 1320 res
1435 1284 1568 1334 gestae
1585 1276 1697 1319 terra
1718 1272 1797 1315 105

137 1337 326 1393 marique
349 1338 621 1389 exstiterunt,
652 1345 714 1387 ut,
745 1338 844 1378 cum
874 1338 928 1378 de
962 1337 1077 1378 bello
1109 1335 1370 1386 deliberetis,
1399 1342 1548 1376 auctor
1573 1334 1696 1375 vobis

137 1393 304 1450 gravior
317 1407 411 1434 esse
428 1407 553 1434 nemo
570 1394 747 1435 debeat:
780 1400 847 1435 est
863 1393 914 1434 C.
929 1392 1076 1444 Curio,
1093 1392 1270 1433 summis
1286 1391 1440 1433 vestris
1456 1390 1695 1442 beneficiis,

135 1449 420 1506 maximisque
441 1450 568 1491 rebus
590 1451 740 1507 gestis,
762 1464 927 1492 summo
948 1448 1122 1505 ingenio
1145 1455 1190 1490 et
1207 1447 1436 1505 prudentia
1468 1447 1696 1503 praeditus:

137 1514 204 1550 est
228 1506 309 1548 Cn.
332 1507 550 1559 Lentulus,
571 1506 616 1548 in
646 1521 732 1564 quo
764 1521 928 1558 omnes,
951 1520 1027 1563 pro
1049 1504 1325 1561 amplissimis
1345 1504 1498 1546 vestris
1528 1503 1700 1545 honori-

135 1565 233 1616 bus,
253 1578 466 1606 summum
492 1563 734 1614 consilium,
754 1577 966 1606 summam
996 1562 1265 1619 gravitatem,
1287 1576 1382 1603 esse
1403 1560 1666 1617 cognoscitis
1687 1576 1696 1602 :
1720 1555 1800 1598 llO

139 1628 206 1663 est
226 1621 278 1663 C.
297 1620 491 1672 Cassius,
516 1620 779 1677 integritate,
801 1621 973 1671 virtute,
996 1618 1242 1661 constantia
1273 1619 1495 1675 singulari.
1554 1616 1697 1666 Quare

136 1677 295 1730 videte,
310 1683 372 1730 ut,
388 1677 564 1718 ⁰horum
581 1677 928 1730 auctoritatibus,
946 1677 1116 1720 illorum
1132 1675 1315 1719 orationi
1332 1675 1406 1732 qui
1423 1674 1696 1727 dissentiunt,

138 1734 396 1792 respondere
416 1747 544 1792 posse
564 1734 796 1778 videamur.

1733 427 1788 467 90

232 1893 450 1948 ¹quaesivit
469 1891 665 1935 studiose.
727 1892 872 1946 τηιμιόιῑ
887 1892 1086 1948 praefecti
1105 1893 1196 1934 sint
1214 1892 1422 1934 emer-citui
1441 1891 1603 1933 navali.

454 1949 506 1992 ”ci
526 1955 587 1992 tot
605 1951 750 1992 annis.
809 1952 908 2004 ⁰per
929 1951 1206 1992 auctoritates
1225 1964 1384 1991 eorum.

185 2096 240 2127 8⁷.
265 2094 345 2126 Gaui
358 2095 466 2136 regia]
504 2094 698 2126 Mithridatis
713 2100 746 2126 et
759 2095 900 2137 Tigranis

143 2138 292 2178 pecunias
300 2138 448 2179 intelligit
457 2149 466 2176 ;
482 2144 662 2178 monetque,
671 2137 902 2178 imperatorem,

142 2181 196 2222 qui
219 2181 259 2211 ab
283 2180 319 2212 iis
343 2181 479 2212 animum
495 2191 625 2212 avocare
642 2181 754 2222 possit,
768 2181 903 2222 seligen-

142 2225 218 2254 dum
235 2234 315 2260 esse,
327 2224 428 2265 qualis
442 2229 491 2254 est
507 2222 690 2264 Pompeius.

188 2268 241 2298 93.
264 2266 332 2297 Non
345 2266 540 2307 haeupzetari]
586 2265 726 2297 Pecunia
748 2267 788 2297 ab
807 2265 904 2296 hosti-

143 2310 200 2340 bus
224 2309 365 2340 detracta
388 2311 427 2340 ab
449 2309 686 2350 imperatoribus
709 2310 741 2340 in
764 2309 904 2341 aerarium

143 2351 304 2393 publicum
317 2352 515 2384 deferebatur
528 2351 664 2383 Romam
680 2363 687 2382 ε
711 2353 818 2394 quare,
830 2363 901 2384 cum

143 2395 204 2426 illis
216 2399 384 2436 quaestores
406 2396 618 2432 mittebantur,
628 2400 662 2426 ut
677 2405 739 2426 rem
751 2395 902 2436 pecunia-

144 2437 219 2468 riam
237 2438 501 2475 administrarent,
511 2444 543 2469 et
558 2438 696 2480 praedam
716 2438 748 2468 in
761 2438 902 2480 publicas

144 2480 279 2513 rationes
293 2481 452 2513 referrent.

191 2526 245 2555 94.
267 2528 383 2557 Praeter
407 2525 543 2566 paucos]
588 2523 797 2566 Imperatores
823 2534 903 2565 prae-

147 2566 204 2598 das
231 2567 300 2599 illas
322 2572 355 2599 et
382 2567 549 2608 pecuniam
579 2567 636 2598 sibi
665 2578 722 2609 per
752 2577 903 2598 summam

149 2608 289 2649 rapinam
312 2610 528 2647 vindicabant,
541 2610 612 2642 cum
637 2610 670 2641 in
693 2610 762 2642 illas
785 2615 905 2641 exteras

148 2651 292 2691 regiones
307 2653 519 2684 mittebantur.

198 2694 271 2727 100.
302 2695 377 2727 Tum
401 2697 503 2728 alienis
524 2696 630 2737 vitiis]
685 2695 812 2727 Summa
839 2695 906 2726 laus

152 2735 308 2779 Pompeii,
320 2739 374 2780 qui
388 2740 552 2771 continens
567 2745 615 2771 est
629 2743 662 2770 et
676 2739 838 2775 innocens,
853 2737 907 2769 ubi

151 2789 259 2811 omnes
287 2781 341 2813 alii
376 2788 410 2816 et
447 2782 576 2816 avaritia
612 2787 645 2816 et
681 2780 908 2817 incontinentia

156 2822 268 2856 famosi
282 2829 362 2855 sunt.

988 2096 1063 2127 105.
1086 2095 1124 2125 P.
1140 2093 1303 2134 Servilius]
1353 2092 1501 2123 Servilius
1516 2097 1588 2133 post
1601 2090 1702 2122 Anto·

945 2137 1030 2168 nium
1052 2138 1092 2168 ad
1117 2138 1233 2168 bellum
1255 2136 1420 2177 piraticum
1443 2136 1551 2165 missus
1567 2140 1614 2164 est
1627 2144 1701 2164 con-

945 2185 992 2210 tra
1013 2181 1187 2221 praedones,
1209 2190 1286 2221 quos
1310 2189 1373 2209 non
1398 2177 1559 2209 incruenta¹
1572 2176 1702 2207 victoria

947 2223 1126 2263 superavit3
1148 2224 1217 2258 sed,
1240 2232 1299 2253 nec
1320 2225 1379 2252 'eos
1403 2221 1481 2251 mari
1509 2219 1700 2250 submovisse

946 2270 1122 2305 contentus,
1152 2265 1353 2296 validissimas
1389 2264 1479 2295 urbes
1515 2273 1633 2299 eorum,
1670 2266 1703 2292 et

947 2307 1069 2339 diutina
1097 2309 1202 2349 praeda
1235 2307 1441 2343 abundantes,
1470 2305 1641 2341 Phaselim,
1669 2309 1703 2335 et

945 2351 1131 2393 Olympum,
1138 2351 1331 2391 Isauronque
1340 2350 1451 2391 ipsam,
1459 2359 1560 2380 arcem
1571 2347 1702 2384 Ciliciae,

945 2394 1066 2425 evertit.
1112 2394 1262 2425 Conscius
1285 2393 1344 2424 sibi
1366 2397 1429 2423 tam
1451 2391 1555 2432 magni
1577 2391 1700 2427 laboris,

945 2436 1070 2468 Isaurici
1095 2447 1269 2478 cognomen
1299 2435 1467 2467 adamavit.
1509 2434 1593 2465 Vide.
1616 2433 1700 2466 Flor,

945 2480 978 2512 in
992 2480 1078 2520 Epit.
1094 2480 1209 2512 Justin.
1225 2480 1278 2510 lib.
1292 2481 1347 2510 40.

991 2525 1065 2553 107.
1111 2523 1163 2553 Est
1181 2523 1215 2553 C.
1233 2521 1351 2563 Curia]
1396 2520 1491 2552 Curio
1514 2520 1572 2550 suit
1593 2518 1700 2550 consul

946 2576 1018 2597 cum
1037 2566 1098 2597 Cn.
1114 2566 1260 2603 Octavio,
1275 2565 1329 2607 qui
1346 2563 1511 2606 proconsul
1533 2562 1700 2593 Dardanos

949 2620 983 2639 su
1009 2615 1116 2640 eravit.

987 2619 1067 2684 {09-
1115 2651 1358 2691 (hz.Lentulus.]
1405 2647 1568 2683 Lentulus,
1581 2644 1703 2677 Luculli

949 2694 1071 2735 collega
1096 2695 1129 2726 in
1154 2694 1329 2730 consulatu,
1355 2703 1424 2724 cum
1455 2692 1605 2731 Spartaco
1628 2698 1703 2720 con-

949 2737 1038 2768 flixit.

994 2782 1071 2811 111.
1095 2779 1149 2810 Est
1165 2780 1200 2811 C.
1217 2778 1358 2818 cassius]
1394 2775 1447 2807 Ad
1462 2776 1548 2807 hunc
1561 2773 1703 2807 Cassium

953 2822 1113 2857 Ciceronis
1128 2822 1281 2865 Epistolae
1296 2825 1367 2853 sunt
1380 2819 1436 2853 lib.
1451 2820 1503 2852 15.
