<?xml version="1.0" encoding="UTF-8"?>
<!DOCTYPE html PUBLIC "-//W3C//DTD XHTML 1.0 Transitional//EN"
    "http://www.w3.org/TR/xhtml1/DTD/xhtml1-transitional.dtd">
<html xmlns="http://www.w3.org/1999/xhtml" xml:lang="en" lang="en">
 <head>
  <title>
</title>
<meta http-equiv="Content-Type" content="text/html;charset=utf-8" />
  <meta name='ocr-system' content='tesseract 3.04.00' />
  <meta name='ocr-capabilities' content='ocr_page ocr_carea ocr_par ocr_line ocrx_word'/>
</head>
<body>
  <div class='ocr_page' id='page_1' title='image "./selectaeoratione00ciceuoft_0489.png"; bbox 0 0 1838 3017; ppageno 0'>
   <div class='ocr_carea' id='block_1_1' title="bbox 0 314 45 336">
    <p class='ocr_par' dir='ltr' id='par_1_1' title="bbox 0 314 45 336">
     <span class='ocr_line' id='line_1_1' title="bbox 0 314 45 336; baseline 0.022 -7"><span class='ocrx_word' id='word_1_1' title='bbox 0 314 45 336; x_wconf 58' lang='lat' dir='ltr'>&#39;&#39;l‘&#39;</span> 
     </span>
    </p>
   </div>
   <div class='ocr_carea' id='block_1_2' title="bbox 5 2715 27 2750">
    <p class='ocr_par' dir='ltr' id='par_1_2' title="bbox 5 2715 27 2750">
     <span class='ocr_line' id='line_1_2' title="bbox 5 2715 27 2750; baseline -0.182 0"><span class='ocrx_word' id='word_1_2' title='bbox 5 2715 13 2750; x_wconf 82' lang='lat' dir='ltr'>i</span> <span class='ocrx_word' id='word_1_3' title='bbox 24 2744 27 2746; x_wconf 90' lang='lat'>.</span> 
     </span>
    </p>
   </div>
   <div class='ocr_carea' id='block_1_3' title="bbox 703 157 1733 202">
    <p class='ocr_par' dir='ltr' id='par_1_3' title="bbox 703 157 1733 202">
     <span class='ocr_line' id='line_1_3' title="bbox 703 157 1733 202; baseline 0.009 -11"><span class='ocrx_word' id='word_1_4' title='bbox 703 157 966 193; x_wconf 65' lang='lat' dir='ltr'>munerum</span> <span class='ocrx_word' id='word_1_5' title='bbox 993 159 1040 192; x_wconf 90' lang='lat'>11.</span> <span class='ocrx_word' id='word_1_6' title='bbox 1649 158 1733 202; x_wconf 81' lang='grc'>447</span> 
     </span>
    </p>
   </div>
   <div class='ocr_carea' id='block_1_4' title="bbox 104 231 1738 290">
    <p class='ocr_par' dir='ltr' id='par_1_4' title="bbox 104 231 1738 290">
     <span class='ocr_line' id='line_1_4' title="bbox 104 231 1738 290; baseline 0.002 -16"><span class='ocrx_word' id='word_1_7' title='bbox 104 231 196 274; x_wconf 90' lang='lat' dir='ltr'>bas.</span> <span class='ocrx_word' id='word_1_8' title='bbox 257 232 296 274; x_wconf 93' lang='lat' dir='ltr'>O</span> <span class='ocrx_word' id='word_1_9' title='bbox 319 231 565 290; x_wconf 61' lang='lat' dir='ltr'>praeclaram</span> <span class='ocrx_word' id='word_1_10' title='bbox 588 232 702 275; x_wconf 84' lang='lat' dir='ltr'>illam</span> <span class='ocrx_word' id='word_1_11' title='bbox 723 233 1014 290; x_wconf 80' lang='lat' dir='ltr'>eloquentiam</span> <span class='ocrx_word' id='word_1_12' title='bbox 1035 238 1165 282; x_wconf 87' lang='lat' dir='ltr'>tuam,</span> <span class='ocrx_word' id='word_1_13' title='bbox 1196 232 1292 276; x_wconf 69' lang='lat' dir='ltr'>cum</span> <span class='ocrx_word' id='word_1_14' title='bbox 1325 247 1371 276; x_wconf 82' lang='lat' dir='ltr'>es</span> <span class='ocrx_word' id='word_1_15' title='bbox 1399 233 1541 276; x_wconf 86' lang='lat' dir='ltr'>nudus</span> <span class='ocrx_word' id='word_1_16' title='bbox 1563 248 1665 276; x_wconf 87' lang='lat' dir='ltr'>con·</span> <span class='ocrx_word' id='word_1_17' title='bbox 1680 234 1738 277; x_wconf 83' lang='lat'>20</span> 
     </span>
    </p>
   </div>
   <div class='ocr_carea' id='block_1_5' title="bbox 75 289 1823 403">
    <p class='ocr_par' dir='ltr' id='par_1_5' title="bbox 75 289 1823 403">
     <span class='ocr_line' id='line_1_5' title="bbox 75 289 1687 354; baseline 0.002 -26"><span class='ocrx_word' id='word_1_18' title='bbox 75 289 324 345; x_wconf 29' lang='lat' dir='ltr'>sqcionatus!</span> <span class='ocrx_word' id='word_1_19' title='bbox 385 290 501 338; x_wconf 84' lang='lat' dir='ltr'>Quid</span> <span class='ocrx_word' id='word_1_20' title='bbox 523 290 607 332; x_wconf 91' lang='lat' dir='ltr'>hoc</span> <span class='ocrx_word' id='word_1_21' title='bbox 628 291 794 347; x_wconf 88' lang='lat' dir='ltr'>turpius</span> <span class='ocrx_word' id='word_1_22' title='bbox 807 291 824 331; x_wconf 72' lang='grc' dir='ltr'>’ἒ</span> <span class='ocrx_word' id='word_1_23' title='bbox 856 290 961 346; x_wconf 91' lang='lat' dir='ltr'>quid</span> <span class='ocrx_word' id='word_1_24' title='bbox 984 290 1171 332; x_wconf 71' lang='lat' dir='ltr'>foedius&#39;?</span> <span class='ocrx_word' id='word_1_25' title='bbox 1205 291 1308 354; x_wconf 75' lang='lat' dir='ltr'>quid</span> <span class='ocrx_word' id='word_1_26' title='bbox 1330 290 1556 347; x_wconf 80' lang='lat' dir='ltr'>suppliciis</span> <span class='ocrx_word' id='word_1_27' title='bbox 1579 305 1687 331; x_wconf 84' lang='lat' dir='ltr'>om·-</span> 
     </span>
     <span class='ocr_line' id='line_1_6' title="bbox 105 346 1823 403; baseline 0.002 -16"><span class='ocrx_word' id='word_1_28' title='bbox 105 346 233 388; x_wconf 88' lang='lat' dir='ltr'>nibus</span> <span class='ocrx_word' id='word_1_29' title='bbox 255 346 426 402; x_wconf 87' lang='lat' dir='ltr'>dignius</span> <span class='ocrx_word' id='word_1_30' title='bbox 439 347 455 387; x_wconf 66' lang='grc' dir='ltr'>’ἒ</span> <span class='ocrx_word' id='word_1_31' title='bbox 487 346 603 387; x_wconf 90' lang='lat' dir='ltr'>Num</span> <span class='ocrx_word' id='word_1_32' title='bbox 625 355 864 403; x_wconf 79' lang='lat' dir='ltr'>exspectas,</span> <span class='ocrx_word' id='word_1_33' title='bbox 881 347 982 388; x_wconf 87' lang='lat' dir='ltr'>dum</span> <span class='ocrx_word' id='word_1_34' title='bbox 1005 354 1046 388; x_wconf 91' lang='lat' dir='ltr'>te</span> <span class='ocrx_word' id='word_1_35' title='bbox 1068 347 1252 388; x_wconf 63' lang='lat' dir='ltr'>stimulis</span> <span class='ocrx_word' id='word_1_36' title='bbox 1274 347 1461 389; x_wconf 70' lang='lat' dir='ltr'>fodiam?</span> <span class='ocrx_word' id='word_1_37' title='bbox 1492 347 1587 388; x_wconf 85' lang='lat' dir='ltr'>haec</span> <span class='ocrx_word' id='word_1_38' title='bbox 1609 353 1666 396; x_wconf 91' lang='lat' dir='ltr'>te,</span> <span class='ocrx_word' id='word_1_39' title='bbox 1724 361 1753 392; x_wconf 62' lang='lat' dir='ltr'>:z</span> <span class='ocrx_word' id='word_1_40' title='bbox 1782 353 1823 390; x_wconf 64' lang='grc' dir='ltr'>’ἐ</span> 
     </span>
    </p>
   </div>
   <div class='ocr_carea' id='block_1_6' title="bbox 94 401 1747 1194">
    <p class='ocr_par' dir='ltr' id='par_1_6' title="bbox 94 401 1747 1194">
     <span class='ocr_line' id='line_1_7' title="bbox 106 401 1669 458; baseline -0.001 -14"><span class='ocrx_word' id='word_1_41' title='bbox 106 402 141 443; x_wconf 85' lang='lat' dir='ltr'>si</span> <span class='ocrx_word' id='word_1_42' title='bbox 162 404 293 444; x_wconf 88' lang='lat' dir='ltr'>ullam</span> <span class='ocrx_word' id='word_1_43' title='bbox 313 410 475 458; x_wconf 88' lang='lat' dir='ltr'>partem</span> <span class='ocrx_word' id='word_1_44' title='bbox 497 403 629 445; x_wconf 88' lang='lat' dir='ltr'>habes</span> <span class='ocrx_word' id='word_1_45' title='bbox 651 406 818 455; x_wconf 65' lang='lat' dir='ltr'>sensus,</span> <span class='ocrx_word' id='word_1_46' title='bbox 848 405 1021 454; x_wconf 85' lang='lat' dir='ltr'>lacerat,</span> <span class='ocrx_word' id='word_1_47' title='bbox 1041 403 1134 444; x_wconf 77' lang='lat' dir='ltr'>haec</span> <span class='ocrx_word' id='word_1_48' title='bbox 1158 412 1353 445; x_wconf 83' lang='lat' dir='ltr'>cruentat</span> <span class='ocrx_word' id='word_1_49' title='bbox 1373 403 1524 445; x_wconf 88' lang='lat' dir='ltr'>oratio.</span> <span class='ocrx_word' id='word_1_50' title='bbox 1583 401 1669 443; x_wconf 86' lang='lat' dir='ltr'>Ve-</span> 
     </span>
     <span class='ocr_line' id='line_1_8' title="bbox 106 459 1670 516; baseline -0.001 -16"><span class='ocrx_word' id='word_1_51' title='bbox 106 473 202 511; x_wconf 80' lang='lat' dir='ltr'>reor</span> <span class='ocrx_word' id='word_1_52' title='bbox 231 474 284 500; x_wconf 92' lang='lat' dir='ltr'>ne</span> <span class='ocrx_word' id='word_1_53' title='bbox 315 459 563 501; x_wconf 84' lang='lat' dir='ltr'>imminuam</span> <span class='ocrx_word' id='word_1_54' title='bbox 594 475 855 502; x_wconf 85' lang='lat' dir='ltr'>summorum</span> <span class='ocrx_word' id='word_1_55' title='bbox 886 460 1072 501; x_wconf 84' lang='lat' dir='ltr'>virorum</span> <span class='ocrx_word' id='word_1_56' title='bbox 1103 460 1304 516; x_wconf 81' lang='lat' dir='ltr'>gloriam:</span> <span class='ocrx_word' id='word_1_57' title='bbox 1352 461 1494 502; x_wconf 89' lang='lat' dir='ltr'>dicam</span> <span class='ocrx_word' id='word_1_58' title='bbox 1522 466 1670 502; x_wconf 86' lang='lat' dir='ltr'>tamen</span> 
     </span>
     <span class='ocr_line' id='line_1_9' title="bbox 107 515 1743 573; baseline 0.002 -17"><span class='ocrx_word' id='word_1_59' title='bbox 107 515 254 558; x_wconf 83' lang='lat' dir='ltr'>dolore</span> <span class='ocrx_word' id='word_1_60' title='bbox 285 524 551 558; x_wconf 82' lang='lat' dir='ltr'>commotus:</span> <span class='ocrx_word' id='word_1_61' title='bbox 600 517 704 572; x_wconf 88' lang='lat' dir='ltr'>quid</span> <span class='ocrx_word' id='word_1_62' title='bbox 741 517 973 573; x_wconf 81' lang='lat' dir='ltr'>indignius,</span> <span class='ocrx_word' id='word_1_63' title='bbox 1004 516 1138 572; x_wconf 67' lang='lat' dir='ltr'>quam</span> <span class='ocrx_word' id='word_1_64' title='bbox 1169 517 1308 559; x_wconf 86' lang='lat' dir='ltr'>vivere</span> <span class='ocrx_word' id='word_1_65' title='bbox 1341 530 1452 567; x_wconf 87' lang='lat' dir='ltr'>eum,</span> <span class='ocrx_word' id='word_1_66' title='bbox 1484 517 1558 572; x_wconf 88' lang='lat' dir='ltr'>qui</span> <span class='ocrx_word' id='word_1_67' title='bbox 1592 516 1670 557; x_wconf 87' lang='lat' dir='ltr'>im·</span> <span class='ocrx_word' id='word_1_68' title='bbox 1685 519 1743 559; x_wconf 86' lang='lat'>25</span> 
     </span>
     <span class='ocr_line' id='line_1_10' title="bbox 106 572 1670 628; baseline 0.001 -15"><span class='ocrx_word' id='word_1_69' title='bbox 106 572 299 628; x_wconf 85' lang='lat' dir='ltr'>posuerit</span> <span class='ocrx_word' id='word_1_70' title='bbox 329 573 551 624; x_wconf 84' lang='lat' dir='ltr'>diadema3</span> <span class='ocrx_word' id='word_1_71' title='bbox 583 573 677 615; x_wconf 71' lang='lat' dir='ltr'>curn</span> <span class='ocrx_word' id='word_1_72' title='bbox 711 588 858 615; x_wconf 88' lang='lat' dir='ltr'>omnes</span> <span class='ocrx_word' id='word_1_73' title='bbox 889 574 1103 614; x_wconf 79' lang='lat' dir='ltr'>fateantur</span> <span class='ocrx_word' id='word_1_74' title='bbox 1126 574 1222 628; x_wconf 86' lang='lat' dir='ltr'>jure</span> <span class='ocrx_word' id='word_1_75' title='bbox 1251 572 1527 614; x_wconf 84' lang='lat' dir='ltr'>interfectum</span> <span class='ocrx_word' id='word_1_76' title='bbox 1558 587 1670 624; x_wconf 90' lang='lat' dir='ltr'>esse,</span> 
     </span>
     <span class='ocr_line' id='line_1_11' title="bbox 108 629 1669 685; baseline 0 -15"><span class='ocrx_word' id='word_1_77' title='bbox 108 629 181 684; x_wconf 90' lang='lat' dir='ltr'>qui</span> <span class='ocrx_word' id='word_1_78' title='bbox 203 629 438 685; x_wconf 77' lang='lat' dir='ltr'>abjecerit?</span> <span class='ocrx_word' id='word_1_79' title='bbox 499 631 560 671; x_wconf 87' lang='lat' dir='ltr'>At</span> <span class='ocrx_word' id='word_1_80' title='bbox 581 630 711 672; x_wconf 85' lang='lat' dir='ltr'>etiam</span> <span class='ocrx_word' id='word_1_81' title='bbox 733 630 918 671; x_wconf 85' lang='lat' dir='ltr'>adscribi</span> <span class='ocrx_word' id='word_1_82' title='bbox 941 629 1074 685; x_wconf 89' lang='lat' dir='ltr'>jussit</span> <span class='ocrx_word' id='word_1_83' title='bbox 1093 629 1137 669; x_wconf 89' lang='lat' dir='ltr'>in</span> <span class='ocrx_word' id='word_1_84' title='bbox 1157 629 1294 679; x_wconf 79' lang='lat' dir='ltr'>fastis,</span> <span class='ocrx_word' id='word_1_85' title='bbox 1326 629 1381 670; x_wconf 89' lang='lat' dir='ltr'>ad</span> <span class='ocrx_word' id='word_1_86' title='bbox 1403 629 1669 684; x_wconf 81' lang='lat' dir='ltr'>Lupercalia,</span> 
     </span>
     <span class='ocr_line' id='line_1_12' title="bbox 107 686 1673 742; baseline -0.002 -14"><span class='ocrx_word' id='word_1_87' title='bbox 107 690 135 710; x_wconf 92' lang='lat'><strong>“</strong></span> <span class='ocrx_word' id='word_1_88' title='bbox 159 688 206 728; x_wconf 87' lang='lat' dir='ltr'>C.</span> <span class='ocrx_word' id='word_1_89' title='bbox 234 687 412 737; x_wconf 71' lang='lat' dir='ltr'>Ccesam&#39;,</span> <span class='ocrx_word' id='word_1_90' title='bbox 435 688 632 740; x_wconf 61' lang='lat' dir='ltr'>(Iit-tutori</span> <span class='ocrx_word' id='word_1_91' title='bbox 660 692 881 741; x_wconf 75' lang='lat' dir='ltr'>perpetuo,</span> <span class='ocrx_word' id='word_1_92' title='bbox 913 687 980 727; x_wconf 85' lang='lat' dir='ltr'>M.</span> <span class='ocrx_word' id='word_1_93' title='bbox 1002 686 1247 726; x_wconf 77' lang='lat' dir='ltr'>Antonium</span> <span class='ocrx_word' id='word_1_94' title='bbox 1276 688 1492 726; x_wconf 73' lang='lat' dir='ltr'>consulem</span> <span class='ocrx_word' id='word_1_95' title='bbox 1516 688 1673 742; x_wconf 65' lang='lat' dir='ltr'>populi</span> 
     </span>
     <span class='ocr_line' id='line_1_13' title="bbox 94 740 1671 798; baseline -0.001 -15"><span class='ocrx_word' id='word_1_96' title='bbox 94 745 230 795; x_wconf 76' lang='lat' dir='ltr'>jussu</span> <span class='ocrx_word' id='word_1_97' title='bbox 250 758 430 795; x_wconf 75' lang='lat' dir='ltr'>regnum</span> <span class='ocrx_word' id='word_1_98' title='bbox 453 745 668 791; x_wconf 74' lang='lat' dir='ltr'>detulisse,</span> <span class='ocrx_word' id='word_1_99' title='bbox 690 742 908 784; x_wconf 80' lang='lat' dir='ltr'>Caesarem</span> <span class='ocrx_word' id='word_1_100' title='bbox 923 745 990 782; x_wconf 69' lang='lat' dir='ltr'>uti</span> <span class='ocrx_word' id='word_1_101' title='bbox 1008 742 1239 783; x_wconf 69' lang='lat' dir='ltr'>rz(›luisse.&#39;&#39;</span> <span class='ocrx_word' id='word_1_102' title='bbox 1276 742 1372 783; x_wconf 88' lang='lat' dir='ltr'>Jam</span> <span class='ocrx_word' id='word_1_103' title='bbox 1385 743 1477 798; x_wconf 88' lang='lat' dir='ltr'>jam</span> <span class='ocrx_word' id='word_1_104' title='bbox 1493 740 1671 783; x_wconf 63' lang='lat' dir='ltr'>minime</span> 
     </span>
     <span class='ocr_line' id='line_1_14' title="bbox 107 797 1746 854; baseline 0.001 -15"><span class='ocrx_word' id='word_1_105' title='bbox 107 798 252 850; x_wconf 86' lang='lat' dir='ltr'>miror,</span> <span class='ocrx_word' id='word_1_106' title='bbox 275 806 317 840; x_wconf 89' lang='lat' dir='ltr'>te</span> <span class='ocrx_word' id='word_1_107' title='bbox 345 800 479 839; x_wconf 88' lang='lat' dir='ltr'>otium</span> <span class='ocrx_word' id='word_1_108' title='bbox 507 799 776 854; x_wconf 80' lang='lat' dir='ltr'>perturbare3</span> <span class='ocrx_word' id='word_1_109' title='bbox 807 813 895 839; x_wconf 86' lang='lat' dir='ltr'>non</span> <span class='ocrx_word' id='word_1_110' title='bbox 924 797 1053 839; x_wconf 66' lang='lat' dir='ltr'>modo</span> <span class='ocrx_word' id='word_1_111' title='bbox 1075 797 1237 839; x_wconf 87' lang='lat' dir='ltr'>Urbem</span> <span class='ocrx_word' id='word_1_112' title='bbox 1263 798 1422 847; x_wconf 87' lang='lat' dir='ltr'>odisse,</span> <span class='ocrx_word' id='word_1_113' title='bbox 1444 799 1520 839; x_wconf 89' lang='lat' dir='ltr'>sed</span> <span class='ocrx_word' id='word_1_114' title='bbox 1542 798 1671 840; x_wconf 79' lang='lat' dir='ltr'>etiam</span> <span class='ocrx_word' id='word_1_115' title='bbox 1688 799 1746 841; x_wconf 88' lang='grc'>30</span> 
     </span>
     <span class='ocr_line' id='line_1_15' title="bbox 107 854 1674 911; baseline 0 -15"><span class='ocrx_word' id='word_1_116' title='bbox 107 855 268 906; x_wconf 82' lang='lat' dir='ltr'>lucem3</span> <span class='ocrx_word' id='word_1_117' title='bbox 299 869 397 896; x_wconf 88' lang='lat' dir='ltr'>cum</span> <span class='ocrx_word' id='word_1_118' title='bbox 413 855 713 911; x_wconf 85' lang='lat' dir='ltr'>perditissimis</span> <span class='ocrx_word' id='word_1_119' title='bbox 735 854 972 896; x_wconf 87' lang='lat' dir='ltr'>latronibus</span> <span class='ocrx_word' id='word_1_120' title='bbox 993 868 1080 895; x_wconf 85' lang='lat' dir='ltr'>non</span> <span class='ocrx_word' id='word_1_121' title='bbox 1102 854 1243 895; x_wconf 69' lang='lat' dir='ltr'>solum</span> <span class='ocrx_word' id='word_1_122' title='bbox 1265 855 1318 896; x_wconf 90' lang='lat' dir='ltr'>de</span> <span class='ocrx_word' id='word_1_123' title='bbox 1341 855 1426 906; x_wconf 89' lang='lat' dir='ltr'>die,</span> <span class='ocrx_word' id='word_1_124' title='bbox 1444 854 1521 896; x_wconf 90' lang='lat' dir='ltr'>sed</span> <span class='ocrx_word' id='word_1_125' title='bbox 1541 856 1674 896; x_wconf 87' lang='lat' dir='ltr'>etiam</span> 
     </span>
     <span class='ocr_line' id='line_1_16' title="bbox 108 910 1674 968; baseline 0 -16"><span class='ocrx_word' id='word_1_126' title='bbox 108 911 151 952; x_wconf 88' lang='lat' dir='ltr'>in</span> <span class='ocrx_word' id='word_1_127' title='bbox 173 911 304 963; x_wconf 88' lang='lat' dir='ltr'>diem,</span> <span class='ocrx_word' id='word_1_128' title='bbox 320 911 475 953; x_wconf 87' lang='lat' dir='ltr'>vivere.</span> <span class='ocrx_word' id='word_1_129' title='bbox 518 911 604 953; x_wconf 91' lang='lat' dir='ltr'>Ubi</span> <span class='ocrx_word' id='word_1_130' title='bbox 626 926 739 953; x_wconf 79' lang='lat' dir='ltr'>enim</span> <span class='ocrx_word' id='word_1_131' title='bbox 762 918 808 952; x_wconf 92' lang='lat' dir='ltr'>tu</span> <span class='ocrx_word' id='word_1_132' title='bbox 830 911 872 951; x_wconf 92' lang='lat' dir='ltr'>in</span> <span class='ocrx_word' id='word_1_133' title='bbox 895 925 1002 968; x_wconf 88' lang='lat' dir='ltr'>pace</span> <span class='ocrx_word' id='word_1_134' title='bbox 1024 910 1263 953; x_wconf 75' lang='lat' dir='ltr'>consistes?</span> <span class='ocrx_word' id='word_1_135' title='bbox 1294 911 1365 967; x_wconf 92' lang='lat' dir='ltr'>qui</span> <span class='ocrx_word' id='word_1_136' title='bbox 1386 912 1508 953; x_wconf 90' lang='lat' dir='ltr'>locus</span> <span class='ocrx_word' id='word_1_137' title='bbox 1529 911 1605 952; x_wconf 89' lang='lat' dir='ltr'>tibi</span> <span class='ocrx_word' id='word_1_138' title='bbox 1628 911 1674 952; x_wconf 88' lang='lat' dir='ltr'>in</span> 
     </span>
     <span class='ocr_line' id='line_1_17' title="bbox 108 967 1674 1028; baseline -0.001 -19"><span class='ocrx_word' id='word_1_139' title='bbox 108 967 278 1024; x_wconf 85' lang='lat' dir='ltr'>legibus</span> <span class='ocrx_word' id='word_1_140' title='bbox 299 974 343 1010; x_wconf 88' lang='lat' dir='ltr'>et</span> <span class='ocrx_word' id='word_1_141' title='bbox 363 967 406 1009; x_wconf 90' lang='lat' dir='ltr'>in</span> <span class='ocrx_word' id='word_1_142' title='bbox 430 968 608 1025; x_wconf 90' lang='lat' dir='ltr'>judiciis</span> <span class='ocrx_word' id='word_1_143' title='bbox 630 983 725 1009; x_wconf 88' lang='lat' dir='ltr'>esse</span> <span class='ocrx_word' id='word_1_144' title='bbox 743 974 1016 1028; x_wconf 46' lang='lat' dir='ltr'>potest2quae</span> <span class='ocrx_word' id='word_1_145' title='bbox 1033 974 1079 1008; x_wconf 90' lang='lat' dir='ltr'>tu</span> <span class='ocrx_word' id='word_1_146' title='bbox 1099 972 1327 1023; x_wconf 90' lang='lat' dir='ltr'>(quantum</span> <span class='ocrx_word' id='word_1_147' title='bbox 1347 967 1390 1008; x_wconf 91' lang='lat' dir='ltr'>in</span> <span class='ocrx_word' id='word_1_148' title='bbox 1413 975 1455 1009; x_wconf 90' lang='lat' dir='ltr'>te</span> <span class='ocrx_word' id='word_1_149' title='bbox 1475 967 1574 1019; x_wconf 85' lang='lat' dir='ltr'>fuit)</span> <span class='ocrx_word' id='word_1_150' title='bbox 1596 967 1674 1008; x_wconf 92' lang='lat' dir='ltr'>do-</span> 
     </span>
     <span class='ocr_line' id='line_1_18' title="bbox 107 1022 1672 1081; baseline -0.001 -16"><span class='ocrx_word' id='word_1_151' title='bbox 107 1025 272 1066; x_wconf 88' lang='lat' dir='ltr'>minatu</span> <span class='ocrx_word' id='word_1_152' title='bbox 287 1025 406 1081; x_wconf 86' lang='lat' dir='ltr'>regio</span> <span class='ocrx_word' id='word_1_153' title='bbox 425 1025 659 1066; x_wconf 69' lang='lat' dir='ltr'>sustulisti?</span> <span class='ocrx_word' id='word_1_154' title='bbox 682 1022 844 1066; x_wconf 64' lang='lat' dir='ltr'>Idebne</span> <span class='ocrx_word' id='word_1_155' title='bbox 859 1023 1171 1080; x_wconf 68' lang='lat' dir='ltr'>L.&#39;l‘arquinius</span> <span class='ocrx_word' id='word_1_156' title='bbox 1190 1031 1382 1072; x_wconf 83' lang='lat' dir='ltr'>exactus,</span> <span class='ocrx_word' id='word_1_157' title='bbox 1396 1023 1672 1081; x_wconf 87' lang='lat' dir='ltr'>Sp.Cassius‚</span> 
     </span>
     <span class='ocr_line' id='line_1_19' title="bbox 111 1080 1747 1137; baseline -0.001 -15"><span class='ocrx_word' id='word_1_158' title='bbox 111 1080 186 1137; x_wconf 86' lang='lat' dir='ltr'>Sp.</span> <span class='ocrx_word' id='word_1_159' title='bbox 206 1081 384 1133; x_wconf 87' lang='lat' dir='ltr'>Melius,</span> <span class='ocrx_word' id='word_1_160' title='bbox 409 1081 473 1122; x_wconf 87' lang='lat' dir='ltr'>M.</span> <span class='ocrx_word' id='word_1_161' title='bbox 494 1081 686 1122; x_wconf 84' lang='lat' dir='ltr'>Manlius</span> <span class='ocrx_word' id='word_1_162' title='bbox 708 1081 864 1132; x_wconf 87' lang='lat' dir='ltr'>necati,</span> <span class='ocrx_word' id='word_1_163' title='bbox 880 1087 942 1132; x_wconf 84' lang='lat' dir='ltr'>ut,</span> <span class='ocrx_word' id='word_1_164' title='bbox 966 1080 1110 1122; x_wconf 87' lang='lat' dir='ltr'>multis</span> <span class='ocrx_word' id='word_1_165' title='bbox 1131 1082 1231 1136; x_wconf 70' lang='lat' dir='ltr'>post</span> <span class='ocrx_word' id='word_1_166' title='bbox 1252 1080 1436 1132; x_wconf 87' lang='lat' dir='ltr'>saeculis,</span> <span class='ocrx_word' id='word_1_167' title='bbox 1458 1080 1484 1121; x_wconf 67' lang='lat' dir='ltr'>a</span> <span class='ocrx_word' id='word_1_168' title='bbox 1501 1080 1566 1121; x_wconf 90' lang='grc' dir='ltr'>Μ.</span> <span class='ocrx_word' id='word_1_169' title='bbox 1582 1081 1672 1122; x_wconf 90' lang='lat' dir='ltr'>An-</span> <span class='ocrx_word' id='word_1_170' title='bbox 1689 1083 1747 1125; x_wconf 87' lang='grc'>35</span> 
     </span>
     <span class='ocr_line' id='line_1_20' title="bbox 109 1136 1674 1194; baseline 0 -16"><span class='ocrx_word' id='word_1_171' title='bbox 109 1138 230 1180; x_wconf 90' lang='lat' dir='ltr'>tonio</span> <span class='ocrx_word' id='word_1_172' title='bbox 251 1138 388 1194; x_wconf 91' lang='lat' dir='ltr'>(quod</span> <span class='ocrx_word' id='word_1_173' title='bbox 409 1137 471 1179; x_wconf 84' lang='lat' dir='ltr'>fas</span> <span class='ocrx_word' id='word_1_174' title='bbox 492 1153 578 1179; x_wconf 88' lang='lat' dir='ltr'>non</span> <span class='ocrx_word' id='word_1_175' title='bbox 600 1142 683 1188; x_wconf 89' lang='lat' dir='ltr'>est)</span> <span class='ocrx_word' id='word_1_176' title='bbox 706 1152 777 1179; x_wconf 83' lang='lat' dir='ltr'>rex</span> <span class='ocrx_word' id='word_1_177' title='bbox 794 1137 944 1180; x_wconf 74' lang='lat' dir='ltr'>Roma:</span> <span class='ocrx_word' id='word_1_178' title='bbox 966 1137 1323 1178; x_wconf 71' lang='lat' dir='ltr'>constitueretur?</span> <span class='ocrx_word' id='word_1_179' title='bbox 1355 1136 1443 1178; x_wconf 88' lang='lat' dir='ltr'>Sed</span> <span class='ocrx_word' id='word_1_180' title='bbox 1459 1138 1514 1178; x_wconf 91' lang='lat' dir='ltr'>ad</span> <span class='ocrx_word' id='word_1_181' title='bbox 1531 1136 1674 1193; x_wconf 88' lang='lat' dir='ltr'>auspi-</span> 
     </span>
    </p>
   </div>
   <div class='ocr_carea' id='block_1_7' title="bbox 0 1193 1675 1268">
    <p class='ocr_par' dir='ltr' id='par_1_7' title="bbox 0 1193 1675 1268">
     <span class='ocr_line' id='line_1_21' title="bbox 0 1193 1675 1268; baseline -0.001 -32"><span class='ocrx_word' id='word_1_182' title='bbox 0 1197 97 1268; x_wconf 70' lang='lat' dir='ltr'>&#39;Xv</span> <span class='ocrx_word' id='word_1_183' title='bbox 111 1193 178 1236; x_wconf 88' lang='lat' dir='ltr'>cia</span> <span class='ocrx_word' id='word_1_184' title='bbox 194 1195 431 1236; x_wconf 85' lang='lat' dir='ltr'>redeamus.</span> <span class='ocrx_word' id='word_1_185' title='bbox 474 1194 542 1235; x_wconf 89' lang='lat' dir='ltr'>De</span> <span class='ocrx_word' id='word_1_186' title='bbox 563 1195 719 1250; x_wconf 89' lang='lat' dir='ltr'>quibus</span> <span class='ocrx_word' id='word_1_187' title='bbox 742 1195 868 1235; x_wconf 91' lang='lat' dir='ltr'>rebus</span> <span class='ocrx_word' id='word_1_188' title='bbox 892 1194 1040 1235; x_wconf 89' lang='lat' dir='ltr'>Idibus</span> <span class='ocrx_word' id='word_1_189' title='bbox 1063 1193 1236 1235; x_wconf 87' lang='lat' dir='ltr'>Martiis</span> <span class='ocrx_word' id='word_1_190' title='bbox 1253 1193 1335 1234; x_wconf 87' lang='lat' dir='ltr'>fuit</span> <span class='ocrx_word' id='word_1_191' title='bbox 1350 1193 1395 1234; x_wconf 90' lang='lat' dir='ltr'>in</span> <span class='ocrx_word' id='word_1_192' title='bbox 1411 1199 1564 1235; x_wconf 87' lang='lat' dir='ltr'>senatu</span> <span class='ocrx_word' id='word_1_193' title='bbox 1581 1193 1675 1234; x_wconf 86' lang='lat' dir='ltr'>Cae-</span> 
     </span>
    </p>
   </div>
   <div class='ocr_carea' id='block_1_8' title="bbox 108 1250 1674 1364">
    <p class='ocr_par' dir='ltr' id='par_1_8' title="bbox 108 1250 1674 1364">
     <span class='ocr_line' id='line_1_22' title="bbox 110 1250 1674 1307; baseline -0.001 -15"><span class='ocrx_word' id='word_1_194' title='bbox 110 1265 178 1292; x_wconf 86' lang='lat' dir='ltr'>sar</span> <span class='ocrx_word' id='word_1_195' title='bbox 209 1258 397 1302; x_wconf 88' lang='lat' dir='ltr'>acturus,</span> <span class='ocrx_word' id='word_1_196' title='bbox 419 1265 561 1307; x_wconf 76' lang='lat' dir='ltr'>quaero</span> <span class='ocrx_word' id='word_1_197' title='bbox 593 1258 685 1292; x_wconf 85' lang='lat' dir='ltr'>tum</span> <span class='ocrx_word' id='word_1_198' title='bbox 715 1257 761 1292; x_wconf 87' lang='lat' dir='ltr'>tu</span> <span class='ocrx_word' id='word_1_199' title='bbox 793 1250 897 1306; x_wconf 88' lang='lat' dir='ltr'>quid</span> <span class='ocrx_word' id='word_1_200' title='bbox 928 1250 1106 1306; x_wconf 83' lang='lat' dir='ltr'>egisses.</span> <span class='ocrx_word' id='word_1_201' title='bbox 1167 1250 1410 1291; x_wconf 87' lang='lat' dir='ltr'>Audiebam</span> <span class='ocrx_word' id='word_1_202' title='bbox 1435 1250 1610 1306; x_wconf 87' lang='lat' dir='ltr'>quidem</span> <span class='ocrx_word' id='word_1_203' title='bbox 1630 1256 1674 1291; x_wconf 85' lang='lat' dir='ltr'>te</span> 
     </span>
     <span class='ocr_line' id='line_1_23' title="bbox 108 1306 1674 1364; baseline 0.001 -15"><span class='ocrx_word' id='word_1_204' title='bbox 108 1314 305 1364; x_wconf 88' lang='lat' dir='ltr'>paratum</span> <span class='ocrx_word' id='word_1_205' title='bbox 335 1308 521 1359; x_wconf 86' lang='lat' dir='ltr'>venisse,</span> <span class='ocrx_word' id='word_1_206' title='bbox 557 1306 673 1363; x_wconf 65' lang='lat' dir='ltr'>quad</span> <span class='ocrx_word' id='word_1_207' title='bbox 708 1321 776 1348; x_wconf 86' lang='lat' dir='ltr'>me</span> <span class='ocrx_word' id='word_1_208' title='bbox 812 1308 865 1349; x_wconf 89' lang='lat' dir='ltr'>de</span> <span class='ocrx_word' id='word_1_209' title='bbox 902 1306 1119 1349; x_wconf 86' lang='lat' dir='ltr'>ementitis</span> <span class='ocrx_word' id='word_1_210' title='bbox 1155 1306 1360 1363; x_wconf 86' lang='lat' dir='ltr'>auspiciis</span> <span class='ocrx_word' id='word_1_211' title='bbox 1407 1306 1580 1364; x_wconf 88' lang='lat' dir='ltr'>(quibus</span> <span class='ocrx_word' id='word_1_212' title='bbox 1612 1313 1674 1351; x_wconf 80' lang='lat' dir='ltr'>ta-</span> 
     </span>
    </p>
   </div>
   <div class='ocr_carea' id='block_1_9' title="bbox 98 1503 887 2834">
    <p class='ocr_par' dir='ltr' id='par_1_9' title="bbox 98 1503 871 1666">
     <span class='ocr_line' id='line_1_24' title="bbox 98 1503 869 1548; baseline 0.001 -11"><span class='ocrx_word' id='word_1_213' title='bbox 98 1503 100 1506; x_wconf 34' lang='lat'><em>*</em></span> <span class='ocrx_word' id='word_1_214' title='bbox 153 1507 205 1537; x_wconf 76' lang='lat'>20.</span> <span class='ocrx_word' id='word_1_215' title='bbox 253 1505 361 1538; x_wconf 74' lang='lat' dir='ltr'>Nudus</span> <span class='ocrx_word' id='word_1_216' title='bbox 385 1507 593 1548; x_wconf 66' lang='lat' dir='ltr'>concionatus]</span> <span class='ocrx_word' id='word_1_217' title='bbox 641 1507 774 1547; x_wconf 83' lang='lat' dir='ltr'>Luperci</span> <span class='ocrx_word' id='word_1_218' title='bbox 794 1507 869 1538; x_wconf 87' lang='lat' dir='ltr'>nudi</span> 
     </span>
     <span class='ocr_line' id='line_1_25' title="bbox 109 1548 871 1590; baseline 0 -11"><span class='ocrx_word' id='word_1_219' title='bbox 109 1548 298 1580; x_wconf 79' lang='lat' dir='ltr'>incedebant</span> <span class='ocrx_word' id='word_1_220' title='bbox 310 1550 341 1580; x_wconf 90' lang='lat' dir='ltr'>in</span> <span class='ocrx_word' id='word_1_221' title='bbox 353 1550 592 1590; x_wconf 73' lang='lat' dir='ltr'>Lupercalibus3</span> <span class='ocrx_word' id='word_1_222' title='bbox 616 1556 660 1588; x_wconf 83' lang='lat' dir='ltr'>et,</span> <span class='ocrx_word' id='word_1_223' title='bbox 673 1550 742 1581; x_wconf 71' lang='lat' dir='ltr'>cuni</span> <span class='ocrx_word' id='word_1_224' title='bbox 753 1550 798 1579; x_wconf 92' lang='lat' dir='ltr'>Lu</span> <span class='ocrx_word' id='word_1_225' title='bbox 805 1560 871 1589; x_wconf 88' lang='lat' dir='ltr'>per-</span> 
     </span>
     <span class='ocr_line' id='line_1_26' title="bbox 109 1592 870 1629; baseline 0 -7"><span class='ocrx_word' id='word_1_226' title='bbox 109 1602 165 1622; x_wconf 87' lang='lat' dir='ltr'>cus</span> <span class='ocrx_word' id='word_1_227' title='bbox 194 1597 277 1623; x_wconf 87' lang='lat' dir='ltr'>csset</span> <span class='ocrx_word' id='word_1_228' title='bbox 305 1592 472 1629; x_wconf 87' lang='lat' dir='ltr'>Antonius,</span> <span class='ocrx_word' id='word_1_229' title='bbox 510 1592 616 1624; x_wconf 65' lang='lat' dir='ltr'>meriti}</span> <span class='ocrx_word' id='word_1_230' title='bbox 648 1594 725 1624; x_wconf 85' lang='lat' dir='ltr'>dicit</span> <span class='ocrx_word' id='word_1_231' title='bbox 753 1594 870 1623; x_wconf 82' lang='lat' dir='ltr'>nudum</span> 
     </span>
     <span class='ocr_line' id='line_1_27' title="bbox 111 1635 425 1666; baseline 0.006 -2"><span class='ocrx_word' id='word_1_232' title='bbox 111 1635 329 1666; x_wconf 76' lang='lat' dir='ltr'>concionatum</span> <span class='ocrx_word' id='word_1_233' title='bbox 345 1646 425 1666; x_wconf 88' lang='lat' dir='ltr'>esse.</span> 
     </span>
    </p>

    <p class='ocr_par' dir='ltr' id='par_1_10' title="bbox 110 1677 875 1933">
     <span class='ocr_line' id='line_1_28' title="bbox 154 1677 874 1720; baseline 0 -12"><span class='ocrx_word' id='word_1_234' title='bbox 154 1679 206 1708; x_wconf 72' lang='lat'>¹26.</span> <span class='ocrx_word' id='word_1_235' title='bbox 239 1677 430 1720; x_wconf 72' lang='lat' dir='ltr'>Intevfectum</span> <span class='ocrx_word' id='word_1_236' title='bbox 451 1677 533 1718; x_wconf 58' lang='lat' dir='ltr'>essen]</span> <span class='ocrx_word' id='word_1_237' title='bbox 568 1678 672 1709; x_wconf 80' lang='lat' dir='ltr'>Caesar</span> <span class='ocrx_word' id='word_1_238' title='bbox 693 1678 874 1710; x_wconf 76' lang='lat' dir='ltr'>interfectus</span> 
     </span>
     <span class='ocr_line' id='line_1_29' title="bbox 110 1720 874 1762; baseline 0.001 -12"><span class='ocrx_word' id='word_1_239' title='bbox 110 1720 170 1751; x_wconf 83' lang='lat' dir='ltr'>suit</span> <span class='ocrx_word' id='word_1_240' title='bbox 191 1721 210 1751; x_wconf 68' lang='grc' dir='ltr'>ᾗ,</span> <span class='ocrx_word' id='word_1_241' title='bbox 231 1720 330 1751; x_wconf 87' lang='lat' dir='ltr'>Bruto</span> <span class='ocrx_word' id='word_1_242' title='bbox 353 1727 385 1752; x_wconf 90' lang='lat' dir='ltr'>et</span> <span class='ocrx_word' id='word_1_243' title='bbox 409 1721 518 1752; x_wconf 68' lang='lat' dir='ltr'>Cassio</span> <span class='ocrx_word' id='word_1_244' title='bbox 535 1722 715 1762; x_wconf 63' lang='lat' dir='ltr'>caeterisque</span> <span class='ocrx_word' id='word_1_245' title='bbox 731 1721 874 1761; x_wconf 84' lang='lat' dir='ltr'>conjura-</span> 
     </span>
     <span class='ocr_line' id='line_1_30' title="bbox 111 1763 874 1805; baseline 0 -11"><span class='ocrx_word' id='word_1_246' title='bbox 111 1763 162 1799; x_wconf 71' lang='lat' dir='ltr'>iis,</span> <span class='ocrx_word' id='word_1_247' title='bbox 185 1763 261 1805; x_wconf 81' lang='lat' dir='ltr'>quia</span> <span class='ocrx_word' id='word_1_248' title='bbox 285 1764 401 1805; x_wconf 86' lang='lat' dir='ltr'>regium</span> <span class='ocrx_word' id='word_1_249' title='bbox 423 1764 482 1795; x_wconf 88' lang='lat' dir='ltr'>sibi</span> <span class='ocrx_word' id='word_1_250' title='bbox 508 1763 703 1801; x_wconf 76' lang='lat' dir='ltr'>dominatum</span> <span class='ocrx_word' id='word_1_251' title='bbox 716 1764 874 1794; x_wconf 76' lang='lat' dir='ltr'>vindicare</span> 
     </span>
     <span class='ocr_line' id='line_1_31' title="bbox 110 1800 875 1849; baseline 0.004 -15"><span class='ocrx_word' id='word_1_252' title='bbox 110 1805 286 1843; x_wconf 82' lang='lat' dir='ltr'>videbatur,</span> <span class='ocrx_word' id='word_1_253' title='bbox 324 1806 411 1847; x_wconf 84' lang='lat' dir='ltr'>cujus</span> <span class='ocrx_word' id='word_1_254' title='bbox 449 1812 554 1837; x_wconf 82' lang='lat' dir='ltr'>tamen</span> <span class='ocrx_word' id='word_1_255' title='bbox 582 1800 709 1849; x_wconf 53' lang='lat' dir='ltr'>respuit</span> <span class='ocrx_word' id='word_1_256' title='bbox 729 1806 875 1847; x_wconf 81' lang='lat' dir='ltr'>insignia.</span> 
     </span>
     <span class='ocr_line' id='line_1_32' title="bbox 111 1848 873 1891; baseline -0.001 -11"><span class='ocrx_word' id='word_1_257' title='bbox 111 1849 158 1880; x_wconf 90' lang='lat' dir='ltr'>At</span> <span class='ocrx_word' id='word_1_258' title='bbox 175 1848 326 1880; x_wconf 81' lang='lat' dir='ltr'>Antonius</span> <span class='ocrx_word' id='word_1_259' title='bbox 352 1849 444 1890; x_wconf 71' lang='lat' dir='ltr'>longe</span> <span class='ocrx_word' id='word_1_260' title='bbox 471 1849 594 1890; x_wconf 82' lang='lat' dir='ltr'>dignior</span> <span class='ocrx_word' id='word_1_261' title='bbox 617 1854 714 1880; x_wconf 89' lang='lat' dir='ltr'>morte</span> <span class='ocrx_word' id='word_1_262' title='bbox 737 1848 806 1886; x_wconf 78' lang='lat' dir='ltr'>fuit,</span> <span class='ocrx_word' id='word_1_263' title='bbox 820 1850 873 1891; x_wconf 91' lang='lat' dir='ltr'>qui</span> 
     </span>
     <span class='ocr_line' id='line_1_33' title="bbox 114 1892 539 1933; baseline 0.002 -12"><span class='ocrx_word' id='word_1_264' title='bbox 114 1892 143 1922; x_wconf 87' lang='lat' dir='ltr'>ei</span> <span class='ocrx_word' id='word_1_265' title='bbox 159 1892 235 1922; x_wconf 86' lang='lat' dir='ltr'>illud</span> <span class='ocrx_word' id='word_1_266' title='bbox 251 1893 350 1924; x_wconf 70' lang='lat' dir='ltr'>voluit</span> <span class='ocrx_word' id='word_1_267' title='bbox 368 1892 539 1933; x_wconf 83' lang='lat' dir='ltr'>imponere.</span> 
     </span>
    </p>

    <p class='ocr_par' dir='ltr' id='par_1_11' title="bbox 100 1934 875 2095">
     <span class='ocr_line' id='line_1_34' title="bbox 100 1934 875 1977; baseline -0.001 -12"><span class='ocrx_word' id='word_1_268' title='bbox 100 1957 102 1959; x_wconf 91' lang='lat'>-</span> <span class='ocrx_word' id='word_1_269' title='bbox 157 1936 209 1965; x_wconf 75' lang='lat'>27.</span> <span class='ocrx_word' id='word_1_270' title='bbox 243 1934 280 1965; x_wconf 88' lang='lat' dir='ltr'>In</span> <span class='ocrx_word' id='word_1_271' title='bbox 297 1935 400 1977; x_wconf 77' lang='lat' dir='ltr'>fastis,</span> <span class='ocrx_word' id='word_1_272' title='bbox 426 1935 466 1965; x_wconf 82' lang='lat' dir='ltr'>ad</span> <span class='ocrx_word' id='word_1_273' title='bbox 480 1934 682 1975; x_wconf 72' lang='lat' dir='ltr'>Lupercalia]</span> <span class='ocrx_word' id='word_1_274' title='bbox 729 1935 814 1966; x_wconf 79' lang='lat' dir='ltr'>Fasti</span> <span class='ocrx_word' id='word_1_275' title='bbox 838 1934 875 1964; x_wconf 79' lang='lat' dir='ltr'>li-</span> 
     </span>
     <span class='ocr_line' id='line_1_35' title="bbox 112 1977 875 2018; baseline 0.001 -11"><span class='ocrx_word' id='word_1_276' title='bbox 112 1977 158 2007; x_wconf 87' lang='lat' dir='ltr'>bri</span> <span class='ocrx_word' id='word_1_277' title='bbox 182 1982 254 2007; x_wconf 82' lang='lat' dir='ltr'>sunt</span> <span class='ocrx_word' id='word_1_278' title='bbox 275 1978 386 2018; x_wconf 88' lang='lat' dir='ltr'>quibus</span> <span class='ocrx_word' id='word_1_279' title='bbox 409 1977 483 2007; x_wconf 88' lang='lat' dir='ltr'>anni</span> <span class='ocrx_word' id='word_1_280' title='bbox 502 1978 596 2007; x_wconf 79' lang='lat' dir='ltr'>totius</span> <span class='ocrx_word' id='word_1_281' title='bbox 619 1977 786 2018; x_wconf 85' lang='lat' dir='ltr'>descriptio</span> <span class='ocrx_word' id='word_1_282' title='bbox 801 1988 875 2008; x_wconf 90' lang='lat' dir='ltr'>con-</span> 
     </span>
     <span class='ocr_line' id='line_1_36' title="bbox 113 2019 875 2061; baseline 0 -11"><span class='ocrx_word' id='word_1_283' title='bbox 113 2020 241 2056; x_wconf 77' lang='lat' dir='ltr'>tinetur,</span> <span class='ocrx_word' id='word_1_284' title='bbox 267 2027 299 2050; x_wconf 87' lang='lat' dir='ltr'>et</span> <span class='ocrx_word' id='word_1_285' title='bbox 323 2020 354 2051; x_wconf 88' lang='lat' dir='ltr'>in</span> <span class='ocrx_word' id='word_1_286' title='bbox 378 2030 457 2061; x_wconf 90' lang='lat' dir='ltr'>quos</span> <span class='ocrx_word' id='word_1_287' title='bbox 480 2025 549 2051; x_wconf 81' lang='lat' dir='ltr'>acta</span> <span class='ocrx_word' id='word_1_288' title='bbox 575 2019 734 2050; x_wconf 89' lang='lat' dir='ltr'>consulum</span> <span class='ocrx_word' id='word_1_289' title='bbox 762 2020 875 2051; x_wconf 86' lang='lat' dir='ltr'>refere-</span> 
     </span>
     <span class='ocr_line' id='line_1_37' title="bbox 111 2063 235 2095; baseline 0.016 -2"><span class='ocrx_word' id='word_1_290' title='bbox 111 2063 235 2095; x_wconf 78' lang='lat' dir='ltr'>bantur.</span> 
     </span>
    </p>

    <p class='ocr_par' dir='ltr' id='par_1_12' title="bbox 115 2103 876 2190">
     <span class='ocr_line' id='line_1_38' title="bbox 158 2103 876 2146; baseline -0.001 -10"><span class='ocrx_word' id='word_1_291' title='bbox 158 2106 207 2137; x_wconf 86' lang='lat' dir='ltr'>Ib.</span> <span class='ocrx_word' id='word_1_292' title='bbox 242 2106 290 2136; x_wconf 78' lang='lat' dir='ltr'>Ad</span> <span class='ocrx_word' id='word_1_293' title='bbox 313 2104 510 2145; x_wconf 58' lang='lat' dir='ltr'>Lupercalia]</span> <span class='ocrx_word' id='word_1_294' title='bbox 559 2103 715 2145; x_wconf 80' lang='lat' dir='ltr'>Designat</span> <span class='ocrx_word' id='word_1_295' title='bbox 737 2109 876 2146; x_wconf 87' lang='lat' dir='ltr'>tempora</span> 
     </span>
     <span class='ocr_line' id='line_1_39' title="bbox 115 2147 876 2190; baseline 0 -12"><span class='ocrx_word' id='word_1_296' title='bbox 115 2149 228 2190; x_wconf 83' lang='lat' dir='ltr'>quibus</span> <span class='ocrx_word' id='word_1_297' title='bbox 243 2150 302 2180; x_wconf 76' lang='lat' dir='ltr'>hoc</span> <span class='ocrx_word' id='word_1_298' title='bbox 319 2148 464 2178; x_wconf 80' lang='lat' dir='ltr'>diadema</span> <span class='ocrx_word' id='word_1_299' title='bbox 481 2148 519 2177; x_wconf 74' lang='lat' dir='ltr'>ab</span> <span class='ocrx_word' id='word_1_300' title='bbox 534 2147 672 2177; x_wconf 84' lang='lat' dir='ltr'>Antonio</span> <span class='ocrx_word' id='word_1_301' title='bbox 690 2147 803 2178; x_wconf 81' lang='lat' dir='ltr'>Caesari</span> <span class='ocrx_word' id='word_1_302' title='bbox 820 2149 876 2178; x_wconf 87' lang='lat' dir='ltr'>ob-</span> 
     </span>
    </p>

    <p class='ocr_par' dir='ltr' id='par_1_13' title="bbox 100 2190 877 2308">
     <span class='ocr_line' id='line_1_40' title="bbox 100 2190 875 2230; baseline -0.001 -9"><span class='ocrx_word' id='word_1_303' title='bbox 100 2192 213 2222; x_wconf 78' lang='lat' dir='ltr'>.laium</span> <span class='ocrx_word' id='word_1_304' title='bbox 238 2198 294 2222; x_wconf 79' lang='lat' dir='ltr'>est.</span> <span class='ocrx_word' id='word_1_305' title='bbox 340 2191 392 2221; x_wconf 89' lang='lat' dir='ltr'>Sic</span> <span class='ocrx_word' id='word_1_306' title='bbox 419 2191 450 2220; x_wconf 88' lang='lat' dir='ltr'>in</span> <span class='ocrx_word' id='word_1_307' title='bbox 476 2190 579 2230; x_wconf 78' lang='lat' dir='ltr'>Epist.</span> <span class='ocrx_word' id='word_1_308' title='bbox 606 2190 672 2221; x_wconf 87' lang='lat' dir='ltr'>Cic.</span> <span class='ocrx_word' id='word_1_309' title='bbox 709 2191 748 2220; x_wconf 86' lang='lat' dir='ltr'>ad</span> <span class='ocrx_word' id='word_1_310' title='bbox 787 2191 875 2221; x_wconf 83' lang='lat' dir='ltr'>Brut.</span> 
     </span>
     <span class='ocr_line' id='line_1_41' title="bbox 118 2232 877 2277; baseline -0.001 -12"><span class='ocrx_word' id='word_1_311' title='bbox 118 2235 237 2265; x_wconf 75' lang='lat' dir='ltr'>Decrevi</span> <span class='ocrx_word' id='word_1_312' title='bbox 250 2241 282 2264; x_wconf 84' lang='lat' dir='ltr'>ut</span> <span class='ocrx_word' id='word_1_313' title='bbox 298 2236 330 2265; x_wconf 83' lang='lat' dir='ltr'>in</span> <span class='ocrx_word' id='word_1_314' title='bbox 345 2234 438 2277; x_wconf 81' lang='lat' dir='ltr'>fastis</span> <span class='ocrx_word' id='word_1_315' title='bbox 451 2234 490 2263; x_wconf 83' lang='lat' dir='ltr'>ad</span> <span class='ocrx_word' id='word_1_316' title='bbox 504 2244 569 2264; x_wconf 82' lang='lat' dir='ltr'>eum</span> <span class='ocrx_word' id='word_1_317' title='bbox 582 2234 658 2264; x_wconf 78' lang='lat' dir='ltr'>diem</span> <span class='ocrx_word' id='word_1_318' title='bbox 674 2232 763 2264; x_wconf 66' lang='lat' dir='ltr'>Eruci</span> <span class='ocrx_word' id='word_1_319' title='bbox 777 2244 877 2265; x_wconf 82' lang='lat' dir='ltr'>nomen</span> 
     </span>
     <span class='ocr_line' id='line_1_42' title="bbox 117 2279 340 2308; baseline -0.009 0"><span class='ocrx_word' id='word_1_320' title='bbox 117 2279 340 2308; x_wconf 75' lang='lat' dir='ltr'>adscriberetur.</span> 
     </span>
    </p>

    <p class='ocr_par' dir='ltr' id='par_1_14' title="bbox 118 2319 881 2482">
     <span class='ocr_line' id='line_1_43' title="bbox 162 2319 879 2360; baseline -0.004 -8"><span class='ocrx_word' id='word_1_321' title='bbox 162 2324 215 2352; x_wconf 76' lang='lat'>28.</span> <span class='ocrx_word' id='word_1_322' title='bbox 246 2321 394 2351; x_wconf 75' lang='lat' dir='ltr'>Dictatori</span> <span class='ocrx_word' id='word_1_323' title='bbox 418 2320 582 2360; x_wconf 62' lang='lat' dir='ltr'>perpetua]</span> <span class='ocrx_word' id='word_1_324' title='bbox 627 2319 787 2350; x_wconf 71' lang='lat' dir='ltr'>Invidiose</span> <span class='ocrx_word' id='word_1_325' title='bbox 802 2319 879 2349; x_wconf 88' lang='lat' dir='ltr'>dicit</span> 
     </span>
     <span class='ocr_line' id='line_1_44' title="bbox 118 2362 881 2405; baseline -0.003 -11"><span class='ocrx_word' id='word_1_326' title='bbox 118 2363 323 2405; x_wconf 81' lang='lat' dir='ltr'>inscripsisse,</span> <span class='ocrx_word' id='word_1_327' title='bbox 350 2364 487 2393; x_wconf 76' lang='lat' dir='ltr'>dictatori</span> <span class='ocrx_word' id='word_1_328' title='bbox 510 2368 657 2402; x_wconf 76' lang='lat' dir='ltr'>perpetuo,</span> <span class='ocrx_word' id='word_1_329' title='bbox 680 2363 754 2404; x_wconf 81' lang='lat' dir='ltr'>quia</span> <span class='ocrx_word' id='word_1_330' title='bbox 783 2362 881 2392; x_wconf 82' lang='lat' dir='ltr'>‹licta-</span> 
     </span>
     <span class='ocr_line' id='line_1_45' title="bbox 121 2405 881 2438; baseline -0.001 -1"><span class='ocrx_word' id='word_1_331' title='bbox 121 2412 168 2437; x_wconf 83' lang='lat' dir='ltr'>tor</span> <span class='ocrx_word' id='word_1_332' title='bbox 181 2407 212 2437; x_wconf 90' lang='lat' dir='ltr'>in</span> <span class='ocrx_word' id='word_1_333' title='bbox 229 2407 390 2438; x_wconf 87' lang='lat' dir='ltr'>discordiis</span> <span class='ocrx_word' id='word_1_334' title='bbox 405 2406 517 2436; x_wconf 87' lang='lat' dir='ltr'>civium</span> <span class='ocrx_word' id='word_1_335' title='bbox 533 2405 651 2436; x_wconf 72' lang='lat' dir='ltr'>tantum</span> <span class='ocrx_word' id='word_1_336' title='bbox 669 2406 708 2435; x_wconf 86' lang='lat' dir='ltr'>ad</span> <span class='ocrx_word' id='word_1_337' title='bbox 727 2416 778 2436; x_wconf 83' lang='lat' dir='ltr'>sex</span> <span class='ocrx_word' id='word_1_338' title='bbox 795 2415 881 2436; x_wconf 89' lang='lat' dir='ltr'>men-</span> 
     </span>
     <span class='ocr_line' id='line_1_46' title="bbox 120 2451 357 2482; baseline -0.004 -2"><span class='ocrx_word' id='word_1_339' title='bbox 120 2460 169 2481; x_wconf 85' lang='lat' dir='ltr'>ses</span> <span class='ocrx_word' id='word_1_340' title='bbox 184 2451 357 2482; x_wconf 78' lang='lat' dir='ltr'>creabatur.</span> 
     </span>
    </p>

    <p class='ocr_par' dir='ltr' id='par_1_15' title="bbox 106 2489 880 2618">
     <span class='ocr_line' id='line_1_47' title="bbox 106 2489 880 2534; baseline -0.001 -13"><span class='ocrx_word' id='word_1_341' title='bbox 106 2517 109 2521; x_wconf 97' lang='grc'><em>,</em></span> <span class='ocrx_word' id='word_1_342' title='bbox 163 2492 212 2523; x_wconf 89' lang='lat' dir='ltr'>Ib.</span> <span class='ocrx_word' id='word_1_343' title='bbox 247 2492 355 2533; x_wconf 75' lang='lat' dir='ltr'>Populi</span> <span class='ocrx_word' id='word_1_344' title='bbox 365 2494 457 2533; x_wconf 74' lang='lat' dir='ltr'>jussu</span> <span class='ocrx_word' id='word_1_345' title='bbox 471 2502 593 2534; x_wconf 84' lang='lat' dir='ltr'>regnum</span> <span class='ocrx_word' id='word_1_346' title='bbox 605 2489 762 2530; x_wconf 57' lang='lat' dir='ltr'>detulisse]</span> <span class='ocrx_word' id='word_1_347' title='bbox 802 2490 880 2520; x_wconf 88' lang='lat' dir='ltr'>Tur-</span> 
     </span>
     <span class='ocr_line' id='line_1_48' title="bbox 121 2533 880 2576; baseline -0.001 -11"><span class='ocrx_word' id='word_1_348' title='bbox 121 2535 202 2576; x_wconf 82' lang='lat' dir='ltr'>piler</span> <span class='ocrx_word' id='word_1_349' title='bbox 217 2536 362 2566; x_wconf 74' lang='lat' dir='ltr'>mentitur</span> <span class='ocrx_word' id='word_1_350' title='bbox 378 2536 534 2566; x_wconf 79' lang='lat' dir='ltr'>Antonius</span> <span class='ocrx_word' id='word_1_351' title='bbox 551 2534 699 2576; x_wconf 87' lang='lat' dir='ltr'>populum</span> <span class='ocrx_word' id='word_1_352' title='bbox 717 2533 880 2575; x_wconf 81' lang='lat' dir='ltr'>imperium</span> 
     </span>
     <span class='ocr_line' id='line_1_49' title="bbox 123 2578 518 2618; baseline 0.005 -11"><span class='ocrx_word' id='word_1_353' title='bbox 123 2578 211 2618; x_wconf 83' lang='lat' dir='ltr'>regni</span> <span class='ocrx_word' id='word_1_354' title='bbox 227 2578 342 2610; x_wconf 83' lang='lat' dir='ltr'>Caesari</span> <span class='ocrx_word' id='word_1_355' title='bbox 357 2578 518 2610; x_wconf 83' lang='lat' dir='ltr'>detulisse.</span> 
     </span>
    </p>

    <p class='ocr_par' dir='ltr' id='par_1_16' title="bbox 114 2619 882 2704">
     <span class='ocr_line' id='line_1_50' title="bbox 166 2619 882 2664; baseline -0.003 -13"><span class='ocrx_word' id='word_1_356' title='bbox 166 2623 219 2651; x_wconf 83' lang='lat'>31.</span> <span class='ocrx_word' id='word_1_357' title='bbox 245 2621 290 2652; x_wconf 81' lang='lat' dir='ltr'>De</span> <span class='ocrx_word' id='word_1_358' title='bbox 300 2622 376 2664; x_wconf 63' lang='lat' dir='ltr'>dia]</span> <span class='ocrx_word' id='word_1_359' title='bbox 408 2621 461 2652; x_wconf 86' lang='lat' dir='ltr'>De</span> <span class='ocrx_word' id='word_1_360' title='bbox 485 2621 537 2652; x_wconf 90' lang='lat' dir='ltr'>die</span> <span class='ocrx_word' id='word_1_361' title='bbox 559 2620 666 2651; x_wconf 85' lang='lat' dir='ltr'>vivunt</span> <span class='ocrx_word' id='word_1_362' title='bbox 691 2620 744 2660; x_wconf 86' lang='lat' dir='ltr'>qui</span> <span class='ocrx_word' id='word_1_363' title='bbox 766 2619 882 2660; x_wconf 65' lang='lat' dir='ltr'>palam,</span> 
     </span>
     <span class='ocr_line' id='line_1_51' title="bbox 114 2662 882 2704; baseline -0.003 -11"><span class='ocrx_word' id='word_1_364' title='bbox 114 2662 191 2697; x_wconf 62' lang='lat' dir='ltr'>¹sint}</span> <span class='ocrx_word' id='word_1_365' title='bbox 217 2664 347 2704; x_wconf 84' lang='lat' dir='ltr'>pudore,</span> <span class='ocrx_word' id='word_1_366' title='bbox 372 2664 507 2694; x_wconf 84' lang='lat' dir='ltr'>interdiu</span> <span class='ocrx_word' id='word_1_367' title='bbox 538 2663 750 2703; x_wconf 81' lang='lat' dir='ltr'>voluptatibus</span> <span class='ocrx_word' id='word_1_368' title='bbox 781 2662 882 2692; x_wconf 84' lang='lat' dir='ltr'>indul-</span> 
     </span>
    </p>

    <p class='ocr_par' dir='ltr' id='par_1_17' title="bbox 102 2705 887 2834">
     <span class='ocr_line' id='line_1_52' title="bbox 102 2705 885 2748; baseline -0.004 -12"><span class='ocrx_word' id='word_1_369' title='bbox 102 2705 212 2748; x_wconf 64' lang='lat' dir='ltr'>fgcnt,</span> <span class='ocrx_word' id='word_1_370' title='bbox 248 2707 434 2748; x_wconf 82' lang='lat' dir='ltr'>tempestiva</span> <span class='ocrx_word' id='word_1_371' title='bbox 469 2716 540 2748; x_wconf 82' lang='lat' dir='ltr'>quae</span> <span class='ocrx_word' id='word_1_372' title='bbox 567 2711 715 2737; x_wconf 85' lang='lat' dir='ltr'>vocantur</span> <span class='ocrx_word' id='word_1_373' title='bbox 744 2705 885 2735; x_wconf 79' lang='lat' dir='ltr'>convivia</span> 
     </span>
     <span class='ocr_line' id='line_1_53' title="bbox 125 2747 885 2788; baseline -0.004 -8"><span class='ocrx_word' id='word_1_374' title='bbox 125 2748 340 2780; x_wconf 59' lang='lat' dir='ltr'>celebrantes.</span> <span class='ocrx_word' id='word_1_375' title='bbox 375 2749 412 2780; x_wconf 84' lang='lat' dir='ltr'>In</span> <span class='ocrx_word' id='word_1_376' title='bbox 437 2751 511 2781; x_wconf 81' lang='lat' dir='ltr'>diem</span> <span class='ocrx_word' id='word_1_377' title='bbox 537 2749 638 2780; x_wconf 78' lang='lat' dir='ltr'>vivere</span> <span class='ocrx_word' id='word_1_378' title='bbox 661 2748 816 2783; x_wconf 87' lang='lat' dir='ltr'>dicuntur,</span> <span class='ocrx_word' id='word_1_379' title='bbox 831 2747 885 2788; x_wconf 89' lang='lat' dir='ltr'>qui</span> 
     </span>
     <span class='ocr_line' id='line_1_54' title="bbox 123 2790 887 2834; baseline -0.001 -12"><span class='ocrx_word' id='word_1_380' title='bbox 123 2791 188 2824; x_wconf 84' lang='lat' dir='ltr'>diei</span> <span class='ocrx_word' id='word_1_381' title='bbox 207 2790 326 2823; x_wconf 74' lang='lat' dir='ltr'>tantum</span> <span class='ocrx_word' id='word_1_382' title='bbox 347 2792 506 2834; x_wconf 65' lang='lat' dir='ltr'>praesentis</span> <span class='ocrx_word' id='word_1_383' title='bbox 528 2791 677 2824; x_wconf 76' lang='lat' dir='ltr'>rationem</span> <span class='ocrx_word' id='word_1_384' title='bbox 701 2791 830 2828; x_wconf 78' lang='lat' dir='ltr'>habent,</span> <span class='ocrx_word' id='word_1_385' title='bbox 854 2794 887 2822; x_wconf 85' lang='lat' dir='ltr'>et</span> 
     </span>
    </p>
   </div>
   <div class='ocr_carea' id='block_1_10' title="bbox 914 1505 1686 2784">
    <p class='ocr_par' dir='ltr' id='par_1_18' title="bbox 914 1505 1677 1590">
     <span class='ocr_line' id='line_1_55' title="bbox 914 1505 1677 1547; baseline 0 -10"><span class='ocrx_word' id='word_1_386' title='bbox 914 1507 955 1537; x_wconf 89' lang='lat' dir='ltr'>de</span> <span class='ocrx_word' id='word_1_387' title='bbox 984 1506 1117 1538; x_wconf 87' lang='lat' dir='ltr'>crastino</span> <span class='ocrx_word' id='word_1_388' title='bbox 1143 1516 1205 1536; x_wconf 90' lang='lat' dir='ltr'>non</span> <span class='ocrx_word' id='word_1_389' title='bbox 1231 1507 1387 1547; x_wconf 78' lang='lat' dir='ltr'>cogitant:</span> <span class='ocrx_word' id='word_1_390' title='bbox 1426 1506 1512 1546; x_wconf 86' lang='lat' dir='ltr'>quod</span> <span class='ocrx_word' id='word_1_391' title='bbox 1541 1505 1677 1537; x_wconf 80' lang='lat' dir='ltr'>latrones</span> 
     </span>
     <span class='ocr_line' id='line_1_56' title="bbox 915 1549 1494 1590; baseline 0 -11"><span class='ocrx_word' id='word_1_392' title='bbox 915 1555 946 1580; x_wconf 86' lang='lat' dir='ltr'>et</span> <span class='ocrx_word' id='word_1_393' title='bbox 961 1549 1222 1590; x_wconf 77' lang='lat' dir='ltr'>impudentissimi</span> <span class='ocrx_word' id='word_1_394' title='bbox 1237 1551 1352 1590; x_wconf 89' lang='lat' dir='ltr'>quique</span> <span class='ocrx_word' id='word_1_395' title='bbox 1367 1549 1494 1579; x_wconf 81' lang='lat' dir='ltr'>faciunt.</span> 
     </span>
    </p>

    <p class='ocr_par' dir='ltr' id='par_1_19' title="bbox 915 1591 1679 1717">
     <span class='ocr_line' id='line_1_57' title="bbox 958 1591 1679 1632; baseline -0.003 -9"><span class='ocrx_word' id='word_1_396' title='bbox 958 1594 1011 1624; x_wconf 78' lang='lat'>34.</span> <span class='ocrx_word' id='word_1_397' title='bbox 1034 1592 1071 1622; x_wconf 92' lang='lat' dir='ltr'>L.</span> <span class='ocrx_word' id='word_1_398' title='bbox 1091 1593 1296 1632; x_wconf 59' lang='lat' dir='ltr'>Tarquinius]</span> <span class='ocrx_word' id='word_1_399' title='bbox 1338 1592 1370 1622; x_wconf 91' lang='lat' dir='ltr'>Is</span> <span class='ocrx_word' id='word_1_400' title='bbox 1391 1592 1541 1632; x_wconf 76' lang='lat' dir='ltr'>septimus</span> <span class='ocrx_word' id='word_1_401' title='bbox 1558 1596 1590 1622; x_wconf 88' lang='lat' dir='ltr'>et</span> <span class='ocrx_word' id='word_1_402' title='bbox 1605 1591 1679 1621; x_wconf 83' lang='lat' dir='ltr'>ulti-</span> 
     </span>
     <span class='ocr_line' id='line_1_58' title="bbox 915 1634 1676 1676; baseline 0 -11"><span class='ocrx_word' id='word_1_403' title='bbox 915 1646 983 1665; x_wconf 88' lang='lat' dir='ltr'>mus</span> <span class='ocrx_word' id='word_1_404' title='bbox 1013 1635 1071 1665; x_wconf 85' lang='lat' dir='ltr'>suit</span> <span class='ocrx_word' id='word_1_405' title='bbox 1100 1646 1205 1676; x_wconf 85' lang='lat' dir='ltr'>regum</span> <span class='ocrx_word' id='word_1_406' title='bbox 1232 1635 1457 1672; x_wconf 79' lang='lat' dir='ltr'>Romanorum,</span> <span class='ocrx_word' id='word_1_407' title='bbox 1494 1635 1549 1675; x_wconf 88' lang='lat' dir='ltr'>qui</span> <span class='ocrx_word' id='word_1_408' title='bbox 1584 1634 1603 1664; x_wconf 74' lang='lat' dir='ltr'>zi.</span> <span class='ocrx_word' id='word_1_409' title='bbox 1636 1634 1676 1667; x_wconf 86' lang='lat' dir='ltr'>L.</span> 
     </span>
     <span class='ocr_line' id='line_1_59' title="bbox 919 1678 1226 1717; baseline -0.003 -9"><span class='ocrx_word' id='word_1_410' title='bbox 919 1678 1017 1708; x_wconf 82' lang='lat' dir='ltr'>Bruto</span> <span class='ocrx_word' id='word_1_411' title='bbox 1035 1678 1153 1717; x_wconf 79' lang='lat' dir='ltr'>ejectus</span> <span class='ocrx_word' id='word_1_412' title='bbox 1169 1682 1226 1708; x_wconf 85' lang='lat' dir='ltr'>est.</span> 
     </span>
    </p>

    <p class='ocr_par' dir='ltr' id='par_1_20' title="bbox 918 1718 1679 1841">
     <span class='ocr_line' id='line_1_60' title="bbox 961 1718 1678 1761; baseline -0.003 -11"><span class='ocrx_word' id='word_1_413' title='bbox 961 1720 1010 1751; x_wconf 90' lang='lat' dir='ltr'>Ib.</span> <span class='ocrx_word' id='word_1_414' title='bbox 1035 1720 1081 1760; x_wconf 80' lang='lat' dir='ltr'>Sp.</span> <span class='ocrx_word' id='word_1_415' title='bbox 1101 1720 1242 1761; x_wconf 66' lang='lat' dir='ltr'>Cassius]</span> <span class='ocrx_word' id='word_1_416' title='bbox 1286 1718 1368 1751; x_wconf 75' lang='lat' dir='ltr'>Cum</span> <span class='ocrx_word' id='word_1_417' title='bbox 1394 1719 1446 1750; x_wconf 87' lang='lat' dir='ltr'>ille</span> <span class='ocrx_word' id='word_1_418' title='bbox 1474 1718 1596 1751; x_wconf 84' lang='lat' dir='ltr'>Cassius</span> <span class='ocrx_word' id='word_1_419' title='bbox 1621 1728 1678 1759; x_wconf 86' lang='lat' dir='ltr'>pro</span> 
     </span>
     <span class='ocr_line' id='line_1_61' title="bbox 918 1761 1679 1804; baseline -0.001 -12"><span class='ocrx_word' id='word_1_420' title='bbox 918 1763 1071 1794; x_wconf 80' lang='lat' dir='ltr'>frumento</span> <span class='ocrx_word' id='word_1_421' title='bbox 1088 1763 1193 1794; x_wconf 86' lang='lat' dir='ltr'>Siculo</span> <span class='ocrx_word' id='word_1_422' title='bbox 1206 1763 1371 1804; x_wconf 83' lang='lat' dir='ltr'>pecuniam</span> <span class='ocrx_word' id='word_1_423' title='bbox 1387 1767 1547 1803; x_wconf 80' lang='lat' dir='ltr'>acceptam</span> <span class='ocrx_word' id='word_1_424' title='bbox 1561 1761 1679 1802; x_wconf 90' lang='lat' dir='ltr'>populo</span> 
     </span>
     <span class='ocr_line' id='line_1_62' title="bbox 919 1805 1620 1841; baseline -0.001 -6"><span class='ocrx_word' id='word_1_425' title='bbox 919 1806 1070 1841; x_wconf 82' lang='lat' dir='ltr'>dedisset,</span> <span class='ocrx_word' id='word_1_426' title='bbox 1085 1811 1214 1837; x_wconf 68' lang='lat' dir='ltr'>necatus</span> <span class='ocrx_word' id='word_1_427' title='bbox 1230 1811 1286 1836; x_wconf 86' lang='lat' dir='ltr'>est.</span> <span class='ocrx_word' id='word_1_428' title='bbox 1332 1805 1417 1836; x_wconf 80' lang='lat' dir='ltr'>Vide</span> <span class='ocrx_word' id='word_1_429' title='bbox 1432 1805 1501 1835; x_wconf 81' lang='lat' dir='ltr'>Liv.</span> <span class='ocrx_word' id='word_1_430' title='bbox 1519 1805 1572 1835; x_wconf 90' lang='lat' dir='ltr'>lib.</span> <span class='ocrx_word' id='word_1_431' title='bbox 1590 1807 1620 1834; x_wconf 75' lang='lat'>2.</span> 
     </span>
    </p>

    <p class='ocr_par' dir='ltr' id='par_1_21' title="bbox 918 1847 1680 2135">
     <span class='ocr_line' id='line_1_63' title="bbox 960 1847 1680 1889; baseline -0.004 -9"><span class='ocrx_word' id='word_1_432' title='bbox 960 1849 1013 1880; x_wconf 83' lang='lat'>35.</span> <span class='ocrx_word' id='word_1_433' title='bbox 1045 1849 1093 1889; x_wconf 82' lang='lat' dir='ltr'>Sp.</span> <span class='ocrx_word' id='word_1_434' title='bbox 1109 1848 1242 1889; x_wconf 51' lang='lat' dir='ltr'>Melina]</span> <span class='ocrx_word' id='word_1_435' title='bbox 1280 1848 1334 1889; x_wconf 88' lang='lat' dir='ltr'>Sp.</span> <span class='ocrx_word' id='word_1_436' title='bbox 1348 1848 1479 1884; x_wconf 85' lang='lat' dir='ltr'>Melius,</span> <span class='ocrx_word' id='word_1_437' title='bbox 1502 1858 1599 1888; x_wconf 84' lang='lat' dir='ltr'>eques</span> <span class='ocrx_word' id='word_1_438' title='bbox 1613 1847 1680 1877; x_wconf 86' lang='lat' dir='ltr'>Ro-</span> 
     </span>
     <span class='ocr_line' id='line_1_64' title="bbox 918 1891 1680 1932; baseline 0 -12"><span class='ocrx_word' id='word_1_439' title='bbox 918 1901 1038 1928; x_wconf 87' lang='lat' dir='ltr'>manus,</span> <span class='ocrx_word' id='word_1_440' title='bbox 1065 1891 1135 1923; x_wconf 71' lang='lat' dir='ltr'>cum</span> <span class='ocrx_word' id='word_1_441' title='bbox 1162 1891 1218 1922; x_wconf 74' lang='lat' dir='ltr'>sua</span> <span class='ocrx_word' id='word_1_442' title='bbox 1245 1891 1386 1931; x_wconf 57' lang='lat' dir='ltr'>impensa</span> <span class='ocrx_word' id='word_1_443' title='bbox 1401 1891 1519 1932; x_wconf 83' lang='lat' dir='ltr'>populo</span> <span class='ocrx_word' id='word_1_444' title='bbox 1544 1891 1680 1920; x_wconf 80' lang='lat' dir='ltr'>frumen-</span> 
     </span>
     <span class='ocr_line' id='line_1_65' title="bbox 918 1931 1680 1975; baseline -0.001 -12"><span class='ocrx_word' id='word_1_445' title='bbox 918 1938 982 1965; x_wconf 87' lang='lat' dir='ltr'>tum</span> <span class='ocrx_word' id='word_1_446' title='bbox 1005 1935 1132 1975; x_wconf 80' lang='lat' dir='ltr'>largitus</span> <span class='ocrx_word' id='word_1_447' title='bbox 1155 1939 1246 1970; x_wconf 81' lang='lat' dir='ltr'>esset,</span> <span class='ocrx_word' id='word_1_448' title='bbox 1270 1939 1366 1974; x_wconf 84' lang='lat' dir='ltr'>atque</span> <span class='ocrx_word' id='word_1_449' title='bbox 1390 1934 1430 1964; x_wconf 95' lang='lat' dir='ltr'>ob</span> <span class='ocrx_word' id='word_1_450' title='bbox 1453 1934 1485 1964; x_wconf 95' lang='lat' dir='ltr'>id</span> <span class='ocrx_word' id='word_1_451' title='bbox 1509 1934 1624 1964; x_wconf 83' lang='lat' dir='ltr'>sactum</span> <span class='ocrx_word' id='word_1_452' title='bbox 1646 1931 1680 1962; x_wconf 88' lang='lat' dir='ltr'>in</span> 
     </span>
     <span class='ocr_line' id='line_1_66' title="bbox 918 1975 1679 2018; baseline -0.004 -11"><span class='ocrx_word' id='word_1_453' title='bbox 918 1977 1005 2018; x_wconf 86' lang='lat' dir='ltr'>regni</span> <span class='ocrx_word' id='word_1_454' title='bbox 1030 1977 1200 2008; x_wconf 76' lang='lat' dir='ltr'>affectandi</span> <span class='ocrx_word' id='word_1_455' title='bbox 1229 1977 1435 2017; x_wconf 84' lang='lat' dir='ltr'>suspicionem</span> <span class='ocrx_word' id='word_1_456' title='bbox 1464 1976 1612 2011; x_wconf 85' lang='lat' dir='ltr'>venisset,</span> <span class='ocrx_word' id='word_1_457' title='bbox 1639 1975 1679 2004; x_wconf 85' lang='lat' dir='ltr'>ab</span> 
     </span>
     <span class='ocr_line' id='line_1_67' title="bbox 920 2016 1680 2059; baseline -0.003 -10"><span class='ocrx_word' id='word_1_458' title='bbox 920 2018 1025 2050; x_wconf 64' lang='lat' dir='ltr'>Ahala</span> <span class='ocrx_word' id='word_1_459' title='bbox 1035 2020 1166 2050; x_wconf 88' lang='lat' dir='ltr'>Servilio</span> <span class='ocrx_word' id='word_1_460' title='bbox 1181 2019 1320 2059; x_wconf 83' lang='lat' dir='ltr'>equitum</span> <span class='ocrx_word' id='word_1_461' title='bbox 1337 2019 1494 2059; x_wconf 76' lang='lat' dir='ltr'>magistro,</span> <span class='ocrx_word' id='word_1_462' title='bbox 1504 2018 1593 2058; x_wconf 84' lang='lat' dir='ltr'>jussu</span> <span class='ocrx_word' id='word_1_463' title='bbox 1605 2016 1680 2048; x_wconf 88' lang='lat' dir='ltr'>Cin-</span> 
     </span>
     <span class='ocr_line' id='line_1_68' title="bbox 919 2060 1680 2098; baseline -0.001 -7"><span class='ocrx_word' id='word_1_464' title='bbox 919 2061 1038 2092; x_wconf 84' lang='lat' dir='ltr'>cinnati</span> <span class='ocrx_word' id='word_1_465' title='bbox 1063 2062 1234 2098; x_wconf 87' lang='lat' dir='ltr'>dictatoris,</span> <span class='ocrx_word' id='word_1_466' title='bbox 1261 2062 1379 2092; x_wconf 79' lang='lat' dir='ltr'>occisus</span> <span class='ocrx_word' id='word_1_467' title='bbox 1402 2067 1460 2092; x_wconf 78' lang='lat' dir='ltr'>est.</span> <span class='ocrx_word' id='word_1_468' title='bbox 1503 2061 1589 2092; x_wconf 88' lang='lat' dir='ltr'>Vide</span> <span class='ocrx_word' id='word_1_469' title='bbox 1610 2060 1680 2090; x_wconf 87' lang='lat' dir='ltr'>Liv.</span> 
     </span>
     <span class='ocr_line' id='line_1_69' title="bbox 921 2103 1024 2135; baseline 0.019 -2"><span class='ocrx_word' id='word_1_470' title='bbox 921 2103 976 2135; x_wconf 87' lang='lat' dir='ltr'>lib.</span> <span class='ocrx_word' id='word_1_471' title='bbox 992 2108 1024 2135; x_wconf 88' lang='lat'>4.</span> 
     </span>
    </p>

    <p class='ocr_par' dir='ltr' id='par_1_22' title="bbox 920 2145 1684 2444">
     <span class='ocr_line' id='line_1_70' title="bbox 964 2145 1681 2187; baseline -0.003 -9"><span class='ocrx_word' id='word_1_472' title='bbox 964 2147 1012 2178; x_wconf 93' lang='lat' dir='ltr'>Ib.</span> <span class='ocrx_word' id='word_1_473' title='bbox 1044 2146 1090 2177; x_wconf 88' lang='lat' dir='ltr'>M.</span> <span class='ocrx_word' id='word_1_474' title='bbox 1106 2146 1266 2187; x_wconf 63' lang='lat' dir='ltr'>Manlius]</span> <span class='ocrx_word' id='word_1_475' title='bbox 1311 2146 1362 2178; x_wconf 88' lang='lat' dir='ltr'>M.</span> <span class='ocrx_word' id='word_1_476' title='bbox 1381 2145 1522 2176; x_wconf 83' lang='lat' dir='ltr'>Manlius</span> <span class='ocrx_word' id='word_1_477' title='bbox 1549 2145 1681 2187; x_wconf 87' lang='lat' dir='ltr'>Capito-</span> 
     </span>
     <span class='ocr_line' id='line_1_71' title="bbox 920 2187 1681 2226; baseline -0.003 -6"><span class='ocrx_word' id='word_1_478' title='bbox 920 2190 996 2220; x_wconf 86' lang='lat' dir='ltr'>lium</span> <span class='ocrx_word' id='word_1_479' title='bbox 1025 2195 1132 2221; x_wconf 83' lang='lat' dir='ltr'>contra</span> <span class='ocrx_word' id='word_1_480' title='bbox 1161 2189 1269 2220; x_wconf 88' lang='lat' dir='ltr'>Gallos</span> <span class='ocrx_word' id='word_1_481' title='bbox 1307 2189 1472 2226; x_wconf 78' lang='lat' dir='ltr'>defendit3</span> <span class='ocrx_word' id='word_1_482' title='bbox 1508 2187 1579 2219; x_wconf 76' lang='lat' dir='ltr'>cum</span> <span class='ocrx_word' id='word_1_483' title='bbox 1609 2188 1681 2219; x_wconf 73' lang='grc' dir='ltr'>νει-ὀ</span> 
     </span>
     <span class='ocr_line' id='line_1_72' title="bbox 921 2231 1682 2273; baseline -0.001 -10"><span class='ocrx_word' id='word_1_484' title='bbox 921 2233 1033 2264; x_wconf 83' lang='lat' dir='ltr'>multos</span> <span class='ocrx_word' id='word_1_485' title='bbox 1056 2243 1116 2263; x_wconf 88' lang='lat' dir='ltr'>aere</span> <span class='ocrx_word' id='word_1_486' title='bbox 1139 2233 1241 2263; x_wconf 87' lang='lat' dir='ltr'>alieno</span> <span class='ocrx_word' id='word_1_487' title='bbox 1265 2243 1430 2273; x_wconf 82' lang='lat' dir='ltr'>oppressos</span> <span class='ocrx_word' id='word_1_488' title='bbox 1453 2231 1608 2267; x_wconf 74' lang='lat' dir='ltr'>liberaret,</span> <span class='ocrx_word' id='word_1_489' title='bbox 1635 2231 1682 2262; x_wconf 78' lang='lat' dir='ltr'>af·</span> 
     </span>
     <span class='ocr_line' id='line_1_73' title="bbox 920 2275 1682 2316; baseline -0.003 -10"><span class='ocrx_word' id='word_1_490' title='bbox 920 2276 1058 2307; x_wconf 82' lang='lat' dir='ltr'>sectandi</span> <span class='ocrx_word' id='word_1_491' title='bbox 1083 2275 1169 2316; x_wconf 85' lang='lat' dir='ltr'>regni</span> <span class='ocrx_word' id='word_1_492' title='bbox 1190 2275 1317 2305; x_wconf 81' lang='lat' dir='ltr'>crimine</span> <span class='ocrx_word' id='word_1_493' title='bbox 1341 2276 1517 2310; x_wconf 79' lang='lat' dir='ltr'>damnatus,</span> <span class='ocrx_word' id='word_1_494' title='bbox 1540 2275 1581 2304; x_wconf 87' lang='lat' dir='ltr'>de</span> <span class='ocrx_word' id='word_1_495' title='bbox 1604 2284 1682 2314; x_wconf 88' lang='lat' dir='ltr'>rupe</span> 
     </span>
     <span class='ocr_line' id='line_1_74' title="bbox 922 2316 1682 2359; baseline -0.003 -11"><span class='ocrx_word' id='word_1_496' title='bbox 922 2318 1057 2359; x_wconf 69' lang='lat' dir='ltr'>Tarpeia</span> <span class='ocrx_word' id='word_1_497' title='bbox 1073 2319 1212 2359; x_wconf 76' lang='lat' dir='ltr'>dejectus</span> <span class='ocrx_word' id='word_1_498' title='bbox 1227 2325 1274 2349; x_wconf 84' lang='lat' dir='ltr'>est</span> <span class='ocrx_word' id='word_1_499' title='bbox 1288 2329 1296 2356; x_wconf 79' lang='lat'><em>3</em></span> <span class='ocrx_word' id='word_1_500' title='bbox 1318 2324 1350 2347; x_wconf 78' lang='lat' dir='ltr'>et</span> <span class='ocrx_word' id='word_1_501' title='bbox 1369 2316 1682 2348; x_wconf 66' lang='lat' dir='ltr'>senatus-consultum</span> 
     </span>
     <span class='ocr_line' id='line_1_75' title="bbox 922 2359 1684 2402; baseline -0.001 -11"><span class='ocrx_word' id='word_1_502' title='bbox 922 2361 1050 2397; x_wconf 84' lang='lat' dir='ltr'>sactum,</span> <span class='ocrx_word' id='word_1_503' title='bbox 1077 2372 1116 2392; x_wconf 88' lang='lat' dir='ltr'>ne</span> <span class='ocrx_word' id='word_1_504' title='bbox 1146 2361 1214 2402; x_wconf 80' lang='lat' dir='ltr'>quis</span> <span class='ocrx_word' id='word_1_505' title='bbox 1243 2361 1282 2392; x_wconf 86' lang='lat' dir='ltr'>de</span> <span class='ocrx_word' id='word_1_506' title='bbox 1312 2366 1404 2401; x_wconf 81' lang='lat' dir='ltr'>gente</span> <span class='ocrx_word' id='word_1_507' title='bbox 1431 2359 1553 2390; x_wconf 61' lang='lat' dir='ltr'>Manlia</span> <span class='ocrx_word' id='word_1_508' title='bbox 1581 2359 1684 2390; x_wconf 82' lang='lat' dir='ltr'>Marci</span> 
     </span>
     <span class='ocr_line' id='line_1_76' title="bbox 922 2408 1290 2444; baseline -0.003 -10"><span class='ocrx_word' id='word_1_509' title='bbox 922 2415 1096 2444; x_wconf 77' lang='lat' dir='ltr'>cognomen</span> <span class='ocrx_word' id='word_1_510' title='bbox 1112 2408 1290 2435; x_wconf 80' lang='lat' dir='ltr'>assumeret.</span> 
     </span>
    </p>

    <p class='ocr_par' dir='ltr' id='par_1_23' title="bbox 923 2445 1686 2651">
     <span class='ocr_line' id='line_1_77' title="bbox 966 2445 1683 2487; baseline -0.004 -10"><span class='ocrx_word' id='word_1_511' title='bbox 966 2449 1019 2477; x_wconf 84' lang='lat'>37.</span> <span class='ocrx_word' id='word_1_512' title='bbox 1053 2448 1148 2478; x_wconf 69' lang='lat' dir='ltr'>Ca’sar</span> <span class='ocrx_word' id='word_1_513' title='bbox 1162 2446 1313 2487; x_wconf 67' lang='lat' dir='ltr'>acturus]</span> <span class='ocrx_word' id='word_1_514' title='bbox 1351 2446 1486 2477; x_wconf 88' lang='lat' dir='ltr'>Acturus</span> <span class='ocrx_word' id='word_1_515' title='bbox 1500 2449 1566 2476; x_wconf 83' lang='lat' dir='ltr'>erat</span> <span class='ocrx_word' id='word_1_516' title='bbox 1579 2445 1683 2476; x_wconf 63' lang='lat' dir='ltr'>Cazsar</span> 
     </span>
     <span class='ocr_line' id='line_1_78' title="bbox 923 2488 1684 2531; baseline -0.007 -10"><span class='ocrx_word' id='word_1_517' title='bbox 923 2491 964 2521; x_wconf 88' lang='lat' dir='ltr'>de</span> <span class='ocrx_word' id='word_1_518' title='bbox 993 2491 1137 2531; x_wconf 85' lang='lat' dir='ltr'>auspiciis</span> <span class='ocrx_word' id='word_1_519' title='bbox 1167 2491 1206 2520; x_wconf 78' lang='lat' dir='ltr'>ab</span> <span class='ocrx_word' id='word_1_520' title='bbox 1236 2488 1374 2520; x_wconf 80' lang='lat' dir='ltr'>Antonio</span> <span class='ocrx_word' id='word_1_521' title='bbox 1401 2488 1550 2519; x_wconf 83' lang='lat' dir='ltr'>nuntiatis</span> <span class='ocrx_word' id='word_1_522' title='bbox 1577 2492 1684 2518; x_wconf 82' lang='lat' dir='ltr'>contra</span> 
     </span>
     <span class='ocr_line' id='line_1_79' title="bbox 924 2529 1684 2574; baseline -0.007 -10"><span class='ocrx_word' id='word_1_523' title='bbox 924 2533 1135 2569; x_wconf 79' lang='lat' dir='ltr'>Dolabellam,</span> <span class='ocrx_word' id='word_1_524' title='bbox 1148 2542 1240 2574; x_wconf 85' lang='lat' dir='ltr'>quem</span> <span class='ocrx_word' id='word_1_525' title='bbox 1255 2532 1368 2568; x_wconf 79' lang='lat' dir='ltr'>Caesar,</span> <span class='ocrx_word' id='word_1_526' title='bbox 1392 2532 1583 2571; x_wconf 75' lang='lat' dir='ltr'>profecturus</span> <span class='ocrx_word' id='word_1_527' title='bbox 1600 2529 1684 2559; x_wconf 85' lang='lat' dir='ltr'>brevi</span> 
     </span>
     <span class='ocr_line' id='line_1_80' title="bbox 925 2573 1686 2616; baseline -0.008 -9"><span class='ocrx_word' id='word_1_528' title='bbox 925 2577 964 2608; x_wconf 79' lang='lat' dir='ltr'>ad</span> <span class='ocrx_word' id='word_1_529' title='bbox 989 2576 1133 2616; x_wconf 80' lang='lat' dir='ltr'>Parthos,</span> <span class='ocrx_word' id='word_1_530' title='bbox 1157 2575 1341 2607; x_wconf 79' lang='lat' dir='ltr'>substituere</span> <span class='ocrx_word' id='word_1_531' title='bbox 1367 2574 1425 2605; x_wconf 85' lang='lat' dir='ltr'>sibi</span> <span class='ocrx_word' id='word_1_532' title='bbox 1450 2573 1608 2604; x_wconf 82' lang='lat' dir='ltr'>consulem</span> <span class='ocrx_word' id='word_1_533' title='bbox 1631 2582 1686 2603; x_wconf 80' lang='lat' dir='ltr'>vo-</span> 
     </span>
     <span class='ocr_line' id='line_1_81' title="bbox 925 2619 1021 2651; baseline 0.021 -2"><span class='ocrx_word' id='word_1_534' title='bbox 925 2619 1021 2651; x_wconf 80' lang='lat' dir='ltr'>lebat.</span> 
     </span>
    </p>

    <p class='ocr_par' dir='ltr' id='par_1_24' title="bbox 927 2656 1686 2784">
     <span class='ocr_line' id='line_1_82' title="bbox 969 2656 1686 2702; baseline -0.01 -9"><span class='ocrx_word' id='word_1_535' title='bbox 969 2663 1023 2694; x_wconf 82' lang='lat'>39.</span> <span class='ocrx_word' id='word_1_536' title='bbox 1053 2661 1233 2702; x_wconf 69' lang='lat' dir='ltr'>Ementitis]</span> <span class='ocrx_word' id='word_1_537' title='bbox 1278 2658 1429 2690; x_wconf 78' lang='lat' dir='ltr'>Ementiri</span> <span class='ocrx_word' id='word_1_538' title='bbox 1453 2657 1522 2698; x_wconf 88' lang='lat' dir='ltr'>quis</span> <span class='ocrx_word' id='word_1_539' title='bbox 1546 2656 1686 2698; x_wconf 81' lang='lat' dir='ltr'>auspicia</span> 
     </span>
     <span class='ocr_line' id='line_1_83' title="bbox 927 2699 1686 2746; baseline -0.007 -11"><span class='ocrx_word' id='word_1_540' title='bbox 927 2704 1052 2741; x_wconf 84' lang='lat' dir='ltr'>dicitur,</span> <span class='ocrx_word' id='word_1_541' title='bbox 1068 2705 1120 2746; x_wconf 87' lang='lat' dir='ltr'>qui</span> <span class='ocrx_word' id='word_1_542' title='bbox 1136 2704 1212 2735; x_wconf 69' lang='lat' dir='ltr'>falso</span> <span class='ocrx_word' id='word_1_543' title='bbox 1230 2702 1404 2737; x_wconf 76' lang='lat' dir='ltr'>obnuntiat,</span> <span class='ocrx_word' id='word_1_544' title='bbox 1428 2705 1460 2730; x_wconf 83' lang='lat' dir='ltr'>et</span> <span class='ocrx_word' id='word_1_545' title='bbox 1482 2710 1515 2731; x_wconf 87' lang='lat' dir='ltr'>se</span> <span class='ocrx_word' id='word_1_546' title='bbox 1542 2700 1582 2731; x_wconf 88' lang='lat' dir='ltr'>dc</span> <span class='ocrx_word' id='word_1_547' title='bbox 1606 2699 1686 2732; x_wconf 78' lang='lat' dir='ltr'>coelo</span> 
     </span>
     <span class='ocr_line' id='line_1_84' title="bbox 929 2742 1634 2784; baseline -0.009 -5"><span class='ocrx_word' id='word_1_548' title='bbox 929 2747 1073 2780; x_wconf 60' lang='lat' dir='ltr'>servasse)</span> <span class='ocrx_word' id='word_1_549' title='bbox 1082 2747 1201 2784; x_wconf 79' lang='lat' dir='ltr'>asserit,</span> <span class='ocrx_word' id='word_1_550' title='bbox 1215 2745 1287 2778; x_wconf 78' lang='lat' dir='ltr'>cum</span> <span class='ocrx_word' id='word_1_551' title='bbox 1300 2750 1404 2776; x_wconf 73' lang='lat' dir='ltr'>tamen</span> <span class='ocrx_word' id='word_1_552' title='bbox 1418 2753 1482 2776; x_wconf 85' lang='lat' dir='ltr'>non</span> <span class='ocrx_word' id='word_1_553' title='bbox 1497 2742 1634 2778; x_wconf 63' lang='lat' dir='ltr'>servarit.</span> 
     </span>
    </p>
   </div>
  </div>
 </body>
</html>
