1858 3095
846 155 965 188 VITA.
1635 163 1708 207 xxi

115 228 239 271 Dixit
252 230 404 273 eodem
418 245 528 273 anno
541 244 617 287 pro
637 229 802 282 Bestia,
816 230 870 271 cle
881 231 1060 281 ambitu,
1076 233 1190 287 apud
1209 232 1442 275 Praetorem
1456 234 1536 276 Cn.
1552 234 1704 278 Domi-

114 286 220 327 tium
252 287 295 328 in
316 287 406 330 foro
433 288 591 338 medio,
613 287 800 328 maximo
829 294 1057 329 conventu.
1118 288 1256 331 Nonis
1277 291 1413 346 April.
1434 291 1594 332 factum
1623 293 1705 333 fuit

113 344 547 385 senatus-consultum
566 344 608 384 in
624 343 846 385 Ciceronis
864 344 1122 385 sententiam
1136 353 1183 387 ut
1195 346 1248 387 de
1265 360 1368 402 agro
1384 345 1606 402 Campano
1623 347 1705 388 sre-

112 400 260 454 quenti
283 400 444 441 Senatu
469 400 615 441 Idibus
635 400 743 441 Maii
761 400 999 441 referretur.
1047 400 1143 443 Hoc
1161 403 1312 443 eodem
1330 417 1442 444 anno
1459 404 1593 444 multa
1609 417 1705 458 pro-

112 456 227 512 digia
249 457 363 497 facta
384 463 498 507 sunt,
519 457 572 497 de
594 456 748 512 quibus
771 456 957 497 consulti
977 457 1227 513 haruspices
1244 459 1570 514 responderunt,
1589 458 1706 515 quod

110 512 206 553 loca
221 527 341 554 sacra
357 520 400 553 et
415 513 614 569 religiosa
630 514 807 568 profana
822 512 1089 554 haberentur.
1127 514 1243 555 Hinc
1259 514 1534 556 occasionem
1551 522 1706 557 nactus

111 567 306 617 Clodius,
328 568 499 620 AEdilis,
518 569 700 610 vexandi
719 568 988 617 Ciceronem,
1010 569 1063 609 de
1085 569 1218 610 sacris
1240 577 1285 611 et
1304 570 1584 626 religionibus
1601 585 1705 612 con-

109 623 276 665 cionem
291 624 462 675 habuit3
483 633 610 682 atque
626 624 850 666 Ciceronis
864 625 1039 665 domum
1051 624 1161 666 inter
1173 640 1223 666 ea
1235 626 1331 667 loca
1344 641 1438 667 esse
1452 626 1577 678 dixit,
1591 642 1704 682 quae,

108 688 375 731 consecrata,
389 681 566 737 profana
579 681 849 722 haberentur.
891 680 1043 736 Itaque
1060 681 1268 737 postridie
1283 682 1453 733 Cicero,
1467 683 1703 724 defendens

107 750 153 777 se
167 736 209 777 in
219 736 393 788 Senatu,
405 738 478 793 qui
492 752 544 779 ex
558 736 833 793 haruspicum
846 751 1051 792 responso
1062 738 1309 779 decreverat
1323 745 1370 779 ut
1382 738 1435 779 de
1449 738 1555 780 locis
1570 740 1704 780 sacris

106 799 149 834 et
161 793 372 849 religiosis
383 793 594 835 Consules
608 794 661 834 ad
677 794 883 834 Senatum
896 793 1360 843 referrent‚orationem
1373 794 1524 836 habuit
1538 795 1605 836 De
1616 795 1702 836 Ha-

105 849 322 905 ruspicum
339 849 597 906 Responsis3
619 850 662 890 in
684 849 768 906 qua
785 848 928 890 omnia
945 849 1020 890 illa
1036 849 1234 905 prodigia
1251 856 1399 891 contra
1416 850 1620 893 Clodium
1638 851 1705 892 in-

102 911 358 961 terpretatus
379 914 459 948 est.
519 907 618 948 Hoc
650 913 840 962 tempore
861 913 1005 946 actum
1027 905 1110 946 fuit
1139 906 1182 946 in
1214 906 1377 948 Senatu
1408 907 1461 948 de
1483 907 1702 963 stipendio

104 960 287 1003 Caesaris
305 962 532 1015 exereitus,
550 963 665 1019 quod
686 976 771 1004 non
789 961 929 1002 solum
946 961 1099 1003 Cicero
1116 962 1321 1014 decrevit,
1339 963 1415 1004 sed
1433 963 1578 1014 etiam,
1592 972 1640 1005 ut
1658 971 1702 1006 et

102 1017 175 1058 alii
189 1018 711 1070 decernerent,laboravit.
743 1018 946 1060 Decrevit
958 1033 1130 1074 quoque
1144 1019 1197 1060 de
1209 1019 1360 1060 decem
1373 1019 1528 1076 legatis
1538 1019 1700 1061 Caesari

102 1074 270 1117 dandis.
321 1075 486 1117 Habuit
499 1076 627 1117 etiam
641 1074 876 1117 orationem
891 1075 933 1115 in
947 1075 1110 1116 Senatu
1122 1074 1187 1115 De
1199 1075 1440 1116 Provinciis
1452 1076 1703 1118 Consulari-

99 1130 197 1181 bus,
210 1131 254 1172 in
274 1131 362 1187 qua
383 1133 538 1173 suadet
558 1139 605 1172 ut
625 1131 887 1172 Macedonia
903 1138 947 1172 et
963 1130 1087 1187 Syria
1101 1131 1256 1172 futuris
1271 1131 1537 1173 Consulibus
1551 1133 1701 1174 decer-

99 1194 270 1239 nantur,
290 1195 334 1229 et
354 1187 507 1229 Galliae
530 1187 690 1228 Caesari
721 1202 808 1228 non
839 1187 1094 1228 adimantur.
1154 1187 1404 1229 Cornelium
1430 1187 1632 1241 Balbum,
1655 1195 1702 1231 et

101 1242 304 1296 Coelium,
327 1245 380 1286 de
400 1245 441 1286 vi
462 1251 706 1295 accusatos,
729 1243 937 1285 defendit.

517 1395 687 1424 ANNUS
723 1395 873 1423 umus
909 1395 1141 1423 CONm'rAE
1177 1382 1275 1423 698.

96 1489 213 1530 Coss.
236 1489 316 1530 Cn.
339 1489 539 1541 Pompeio
568 1488 738 1539 Magno
766 1488 1012 1536 secundum,
1035 1488 1100 1527 M.
1123 1488 1294 1529 Licinio
1323 1491 1575 1540 secundnm,
1596 1496 1702 1533 ante

273 1545 495 1586 Christum
511 1545 578 1584 54.
642 1545 859 1586 Ciceronis
878 1546 1267 1597 quinquagesimus
1286 1548 1517 1588 secundus.

151 1656 250 1698 Hoc
263 1670 374 1698 anno
388 1655 498 1697 dixit
506 1662 654 1697 contra
663 1655 887 1698 Pisonem:
911 1655 1009 1697 cum
1023 1655 1139 1697 enim
1151 1655 1239 1706 ille,
1250 1659 1459 1701 suadente
1470 1659 1697 1711 Cicerone,

95 1712 119 1755 ὲ
131 1712 394 1755 Macedonia
408 1719 632 1754 revocatus
641 1720 768 1763 esset,
780 1712 964 1769 graviter
977 1713 1029 1754 de
1044 1727 1094 1754 eo
1109 1722 1374 1769 conquestus
1383 1723 1450 1757 est
1463 1716 1506 1756 in
1519 1716 1697 1758 Senatu.

93 1769 247 1811 Cicero
277 1770 316 1812 ei
347 1770 581 1826 respondit.
641 1769 740 1811 Hoc
760 1769 891 1811 etiam
919 1776 1112 1826 tempore
1137 1771 1313 1826 scripsit
1342 1780 1429 1813 tres
1459 1773 1594 1815 libros
1627 1773 1698 1814 De

94 1826 291 1869 Oratore.

518 1944 686 1973 ANNUS
718 1945 865 1974 mzms
897 1943 1130 1972 CONDITAE
1164 1931 1261 1973 699.

93 2037 210 2080 Coss.
224 2040 274 2080 L.
288 2039 478 2080 Domitio
490 2039 750 2087 AEnobarbo‚
759 2038 796 2078 A
795 2053 838 2091 p.
851 2038 1035 2079 Claudio
1047 2039 1254 2087 Pulchro,
1271 2044 1374 2080 ante
1390 2040 1612 2081 Christum
1624 2039 1694 2080 53.

482 2096 698 2136 Ciceronis
717 2096 1106 2146 quinquagesimus
1127 2097 1297 2135 tertius.

145 2206 300 2249 Cicero
313 2206 505 2248 absentis
520 2206 665 2248 Crassi
680 2220 854 2248 causam
868 2206 910 2246 in
926 2204 1090 2247 Senatu
1105 2205 1320 2247 defendit:
1354 2213 1413 2257 et,
1436 2207 1579 2251 Roma
1597 2223 1693 2266 pro..

87 2264 243 2316 fectus,
257 2263 301 2304 in
318 2263 514 2304 Cumano
532 2270 575 2304 et
591 2263 856 2319 Pompeiano
874 2262 973 2304 fuit:
1006 2269 1136 2318 atque
1153 2261 1196 2302 in
1215 2262 1414 2304 Cumano
1426 2265 1613 2307 scribere
1627 2266 1693 2306 in-

88 2320 232 2362 stituit
243 2321 297 2362 de
312 2319 489 2377 Optimo
501 2319 626 2361 Statu
637 2319 851 2369 Civitatis,
862 2327 906 2360 et
919 2318 1082 2375 optimo
1097 2319 1204 2360 cive.
1235 2318 1437 2361 Eductus
1452 2320 1479 2361 ἒι
1492 2321 1692 2363 Reatinis

87 2377 132 2418 in
154 2392 299 2419 eorum
321 2391 482 2433 agrum,
505 2377 620 2433 apud
637 2378 718 2432 Ap.
737 2375 966 2417 Claudium
981 2374 1084 2416 Cos·
1106 2382 1149 2416 et
1169 2375 1321 2416 decem
1341 2376 1525 2432 legatos,
1543 2393 1692 2420 eorum

87 2448 241 2475 causas
270 2440 420 2475 contra
450 2433 761 2474 Interamnates
792 2432 896 2488 egit.
955 2431 1072 2472 Hinc
1092 2431 1278 2472 Romam
1301 2433 1445 2484 rediit,
1467 2434 1543 2475 ubi
1570 2442 1689 2476 totus

86 2489 168 2530 fuit
182 2490 227 2530 in
239 2490 381 2531 causis
395 2489 594 2545 agendis3
614 2504 713 2530 nam
726 2488 923 2530 defendit
936 2488 1149 2529 Messium
1163 2494 1206 2529 et
1217 2487 1428 2540 Drusum3
1449 2489 1687 2542 Vatinium,

87 2546 289 2602 dignitati
306 2560 394 2587 suae
409 2560 577 2601 semper
593 2545 812 2596 infestum,
831 2545 1002 2585 duobus
1019 2544 1200 2600 publicis
1216 2544 1396 2600 judiciis
1418 2552 1584 2587 tutatus
1605 2554 1687 2589 est.

86 2601 172 2643 Pro
189 2602 252 2644 M.
271 2602 446 2643 AEmilio
467 2601 644 2654 Scauro,
661 2602 734 2657 qui
753 2601 779 2642 ἐι
795 2601 956 2642 Triario
978 2601 1311 2656 repetundarum
1331 2602 1578 2657 postulatus
1601 2610 1684 2654 est,

85 2658 200 2713 apud
216 2657 281 2700 M.
297 2658 508 2700 Catonem
528 2658 762 2700 Praetorem
779 2657 912 2699 dixit:
936 2656 1039 2698 item
1056 2672 1131 2713 pro
1149 2657 1339 2708 Planco;
1361 2657 1563 2699 extremis
1580 2660 1684 2700 anni

81 2714 314 2765 mensibus,
328 2714 524 2770 Pompeii
543 2721 710 2771 rogatu,
724 2729 800 2772 pro
813 2713 1016 2766 Gabinio,
1030 2712 1056 2754 a
1068 2728 1155 2770 quo
1173 2713 1362 2757 Consule
1383 2714 1587 2770 expulsus
1598 2723 1687 2771 est,

79 2778 124 2812 et
144 2784 219 2828 pro
239 2770 415 2813 Rabirio
437 2771 692 2814 Posthumo.
