1790 3090
78 135 110 176 sl
117 135 171 176 84

151 223 288 254 suam
319 212 524 270 legesque
552 224 820 260 conservant.

767 143 866 177 PRO
891 144 1102 179 MURENA.

880 218 1022 266 Quare
1050 218 1153 271 noli,
1186 218 1311 272 Cato,
1346 220 1555 276 majorum
1592 220 1714 263 insti-

165 275 386 339 1111090030
407 286 472 311 res
505 271 600 326 ipsa
625 273 812 328 publica,
833 290 928 330 quae
962 276 1217 318 diuturnitas
1248 277 1414 333 imperii
1446 279 1712 333 comprobat,

164 325 342 367 nimmm
365 327 512 368 severa
543 328 706 370 ratione
734 332 1054 385 reprehendere.

80 379 147 420 20
166 382 357 424 eruditus
378 385 489 438 apud
510 391 650 439 patres
671 394 854 438 nostros,
873 395 915 428 et
935 388 1143 429 honestus
1164 390 1292 430 homo
1315 397 1358 431 et
1378 389 1552 441 nobilis,
1569 388 1716 439 Q.Tu-

1116 333 1214 374 Fuit
1241 336 1393 375 eodem
1414 348 1465 374 ex
1487 334 1631 375 studio
1652 334 1714 374 vir

164 439 290 480 bero:
323 438 374 486 is,
395 440 490 481 cum
510 442 682 496 epulum
705 442 758 490 Q.
778 443 1010 495 Maximus,
1031 445 1224 486 Africani
1258 447 1396 501 patrui
1429 447 1494 487 sui
1526 448 1713 497 nomine,

162 495 324 551 populo
347 495 473 538 Rom.
495 497 628 549 daret,
650 505 825 554 rogatus
859 506 924 540 est
957 499 982 540 a
1017 501 1226 553 Maximo,
1246 509 1295 542 ut
1323 504 1342 526 ‘¹
1358 502 1588 544 triclinium
1611 509 1716 547 sterr-

163 558 297 602 neret,
315 551 410 592 cum
432 561 546 594 esset
565 555 731 595 Tubero
753 556 945 611 ejusdem
959 556 1151 597 Africani
1175 558 1329 599 sororis
1351 559 1487 600 filius:
1519 566 1647 614 atque
1668 559 1718 599 il-

162 608 217 659 le,
238 608 368 650 homo
386 610 712 661 eruditissimus,
737 627 786 653 ac
808 612 994 663 Stoicus,
1018 613 1165 655 stravit
1185 614 1395 669 pelliculis
1424 615 1609 658 hoedinis
1631 615 1717 656 lec—

87 662 147 702 95-
162 665 276 706 tulos
298 665 560 718 Punicanos,
577 675 621 708 et
641 669 840 723 exposuit
856 684 956 710 vasa
973 669 1141 721 Samia3
1163 671 1286 726 quasi
1307 670 1403 712 vero
1425 679 1540 713 esset
1557 672 1716 727 Dioge-

161 735 237 762 nes
252 721 442 777 Cynicus
458 731 664 776 mortum,
678 732 721 765 et
733 740 817 766 non
834 725 967 766 divini
988 727 1189 778 hominis,
1206 727 1415 779 Africani,
1432 743 1546 768 mors
1562 729 1718 769 hones-

161 783 344 820 taretur:
377 794 503 835 quem
525 780 620 821 cum
643 796 838 836 supremo
862 783 953 837 ejus
975 783 1044 824 die
1079 783 1296 825 Maximus
1328 785 1536 835 laudaret,
1559 784 1716 839 gratias

162 834 252 890 egit
272 835 352 875 diis
372 835 697 888 immortalibus,
718 838 831 893 quod
854 839 922 879 ille
941 839 1004 880 vir
1024 840 1066 880 in
1088 839 1172 881 hac
1200 841 1422 896 republica
1444 839 1716 897 potissimum

160 899 285 931 natus
307 901 444 943 esset3
477 908 653 934 necesse
676 895 790 935 enim
812 895 960 946 fuisse,
975 896 1036 936 ibi
1057 911 1150 937 esse
1172 903 1375 938 terrarum
1397 897 1621 953 imperium
1643 896 1717 938 ubi

87 944 142 987 30
161 946 230 987 ille
268 955 395 988 esset.
455 948 596 1004 Hujus
632 949 676 989 111
708 958 842 991 morte
883 952 1156 1003 celebranda,
1179 953 1363 1009 graviter
1394 956 1492 995 tulit
1532 954 1715 1009 populus

162 1002 287 1044 Rom.
309 1003 419 1045 hanc
440 1019 682 1060 perversam
714 1007 970 1062 sapientiam
997 1008 1258 1060 Tuberonis;
1290 1009 1435 1064 itaque
1457 1011 1586 1051 homo
1609 1010 1717 1051 inte-

161 1060 383 1115 gerrimUS‚
406 1060 509 1102 civis
537 1062 741 1116 optimuS‚
765 1062 861 1104 cum
899 1071 1013 1104 esset
1046 1065 1091 1104 L.
1113 1065 1237 1105 Pauli
1266 1080 1415 1120 nepos,
1439 1066 1490 1106 P.
1508 1066 1715 1117 Africani,

159 1124 209 1157 ut
228 1117 332 1168 dixi,
355 1117 511 1158 sororis
536 1119 664 1169 filius,
685 1119 752 1159 his
774 1119 955 1160 haedinis
990 1121 1197 1175 pelliculis
1220 1121 1403 1176 praetura
1425 1122 1618 1177 dejectus
1639 1129 1718 1164 est.

160 1171 268 1213 Odit
286 1175 469 1229 populus
492 1174 614 1216 Rom.
632 1175 838 1230 privatam
860 1177 1084 1228 luxuriam,
1107 1177 1322 1232 publicam
1353 1178 1718 1234 magnificentiam

86 1229 140 1270 35
159 1229 325 1285 diligit:
358 1245 444 1271 non
461 1238 574 1271 amat
591 1232 785 1287 profusas
805 1233 975 1288 epulas3
1007 1234 1154 1274 sordes
1177 1240 1220 1274 et
1240 1233 1594 1276 inhumanitatem
1613 1236 1720 1275 mul-

157 1292 202 1326 to
224 1285 376 1327 minus.
435 1287 677 1344 Distinguit
711 1289 918 1330 rationem
951 1290 1188 1332 officiorum
1210 1305 1262 1332 ac
1282 1297 1535 1347 temporum,
1557 1291 1720 1333 vicissi-

156 1342 352 1384 tudinem
382 1343 539 1384 laboris
575 1360 626 1386 ac
659 1346 904 1401 voluptatis.

966 1347 1093 1398 Nam,
1115 1348 1231 1403 quod
1258 1347 1336 1398 ais,
1373 1347 1491 1389 nulla
1522 1363 1565 1389 re
1601 1347 1718 1389 allici

156 1398 380 1440 hominum
403 1408 567 1442 mentes
586 1409 779 1456 oportere
801 1403 855 1443 ad
877 1404 1175 1459 magistratum
1197 1404 1500 1457 mandandum,
1521 1404 1604 1445 nisi
1625 1405 1719 1460 dig-

155 1455 317 1507 nitate3
349 1456 433 1498 hoc
463 1464 508 1498 tu
540 1457 646 1514 ipse,
686 1458 730 1498 in
766 1474 850 1514 quo
884 1475 1050 1500 summa
1087 1467 1153 1501 est
1187 1460 1392 1515 dignitas,
1423 1475 1511 1502 non
1552 1476 1716 1510 servas3

82 1511 138 1554 40
158 1527 232 1553 cur
269 1513 383 1553 enim
420 1528 693 1569 quemquam,
724 1521 772 1555 ut
808 1516 1007 1556 estudeat
1045 1516 1139 1567 tibi,
1171 1523 1220 1557 ut
1255 1522 1297 1557 te
1340 1517 1526 1572 adjuvet,
1560 1517 1718 1572 rogas?

156 1568 304 1624 Rogas
325 1575 370 1610 tu
393 1584 473 1619 me,
497 1576 544 1611 ut
573 1570 676 1610 mihi
710 1571 871 1626 praesis,
894 1578 942 1612 ut
962 1573 1228 1614 committam
1249 1587 1329 1629 ego
1351 1588 1418 1614 me
1441 1573 1536 1614 tibi.

1599 1573 1719 1621 Quid

155 1626 359 1666 tandem?
391 1625 502 1667 istuc
533 1641 601 1667 me
633 1627 773 1682 rogari
806 1635 976 1683 oportet
1009 1629 1085 1670 abs
1118 1635 1175 1680 te,
1199 1644 1253 1670 an
1286 1637 1328 1670 te
1350 1629 1491 1685 potius
1514 1630 1540 1670 a
1567 1644 1650 1681 me,
1672 1635 1721 1670 ut

155 1696 230 1737 pro
261 1681 358 1724 mea
379 1683 516 1724 salute
551 1683 741 1725 laborem
777 1684 1097 1742 periculumque
1134 1685 1376 1742 suscipias?

546 1853 562 1876 ‘¹
575 1856 855 1897 caenaculum.

198 2044 251 2075 19.
277 2042 383 2073 Eodem
402 2053 434 2074 ex
457 2042 578 2083 studim]
625 2043 778 2074 Eamdem
805 2044 918 2075 doctri-

154 2095 225 2115 nam
253 2086 427 2116 Stoicorum
454 2091 577 2116 secutus
602 2092 649 2116 est
664 2087 705 2122 Q.
720 2087 860 2124 Tubero,
877 2088 916 2118 de

155 2138 217 2168 quo
233 2128 370 2169 loquitur
385 2129 438 2160 lib.
450 2131 489 2159 de
503 2129 600 2160 Claris
617 2129 705 2160 Orat.
719 2140 810 2170 quem
824 2130 916 2161 fuisse

156 2177 304 2211 nepotem
321 2171 357 2202 L.
374 2171 463 2201 Pauli
490 2172 544 2202 ait.
591 2172 662 2202 Fuit
688 2178 789 2203 autem
810 2174 915 2214 Scipio

154 2213 319 2244 Africanus
338 2215 448 2254 minor,
466 2215 546 2245 filius
569 2215 659 2245 Pauli
676 2216 807 2251 AEmilii,
823 2217 913 2256 hujus

155 2266 253 2296 nepos
274 2257 452 2295 Maximus3
484 2258 524 2287 ita
548 2258 705 2288 Maximus
734 2259 783 2288 1110
808 2260 914 2289 habuit

154 2305 298 2338 patruum
326 2301 518 2341 Scipionem,
543 2300 574 2330 id
591 2306 650 2339 est,
667 2301 790 2331 fratrem
816 2303 913 2343 patris

154 2342 200 2371 sui
218 2341 319 2372 Pauli.

198 2385 250 2414 21.
271 2385 342 2414 Cazm
358 2385 502 2426 epulum]
526 2385 648 2416 Tubero
666 2386 823 2425 publicum
840 2398 914 2417 con-

155 2426 270 2456 vivium
286 2428 314 2456 in
332 2428 439 2459 funere
456 2428 609 2469 Scipionis
624 2429 723 2460 dedit.

199 2471 251 2500 24.
268 2472 398 2500 Lectulos
409 2472 602 2511 Punicanos]
628 2471 747 2501 Lectuli
761 2472 911 2502 Punicani

153 2511 231 2543 viles·
259 2518 329 2543 sunt
359 2519 391 2544 et
425 2514 550 2554 abjecti,
573 2514 713 2555 qualibus
748 2516 912 2545 utebantur

154 2553 294 2586 Africani
310 2555 396 2592 olim,
413 2562 445 2587 et
461 2556 740 2597 Carthaginienses.

199 2600 252 2629 25.
295 2598 365 2628 Vasa
392 2599 515 2639 Samia]
562 2600 647 2630 Vasa
674 2600 777 2630 Samia
806 2600 912 2631 fictilia

155 2646 237 2677 sunt,
251 2651 320 2682 quae
333 2640 477 2671 ininsula
493 2642 585 2672 Samo
601 2644 726 2672 fiebant.

197 2682 248 2714 Ib.
281 2683 423 2724 Diogenes
444 2684 569 2725 Cynicus
591 2685 747 2725 mormius]
793 2685 912 2726 Dioge.

153 2734 209 2756 nes
225 2725 325 2767 patria
339 2727 518 2765 Sinopensis
532 2728 601 2768 fuit,
617 2727 810 2758 Antisthenis
821 2729 914 2759 disci-

153 2769 257 2809 pulus,
272 2769 469 2811 qui‚abjec15
481 2771 566 2801 omui
581 2770 800 2809 sollicitudine,
810 2770 912 2804 cibum

1438 1686 1569 1739 Quid,
1603 1685 1717 1742 quod

1143 1858 1329 1911 efaveat.

961 2054 1049 2074 suum
1076 2044 1106 2074 in
1128 2044 1263 2085 singulos
1285 2044 1351 2074 dies
1375 2043 1608 2083 emendicabat5
1633 2044 1721 2075 habi-

961 2087 1039 2117 tavit
1051 2087 1081 2116 in
1095 2093 1249 2128 portarum
1262 2087 1419 2117 vestibulis
1431 2098 1441 2125 ς
1456 2097 1589 2128 cunique
1602 2098 1634 2118 se
1647 2098 1722 2118 con-

961 2135 1117 2170 torqueret
1142 2131 1172 2160 in
1189 2131 1286 2167 dolio,
1302 2130 1469 2160 volubilem
1486 2140 1519 2160 se
1534 2131 1648 2161 habere
1665 2131 1721 2160 do-

961 2173 1229 2213 mumjocabatur,
1251 2180 1282 2203 et
1296 2184 1329 2204 se
1355 2184 1426 2204 cum
1454 2174 1644 2214 temporibus
1662 2175 1719 2204 im-

960 2221 1142 2247 mutantem.
1188 2216 1276 2246 Obiit
1291 2216 1387 2247 1011οὲ
1401 2216 1637 2256 nonagenarius.

1002 2261 1053 2289 ‘272
1078 2259 1213 2298 Supremo
1223 2261 1284 2298 ejus
1298 2259 1372 2299 dia]
1413 2258 1548 2290 Ultimus
1563 2259 1634 2289 vitae
1650 2259 1717 2289 dies

957 2312 1118 2342 supremus
1136 2302 1256 2332 dicitur.

1000 2344 1016 2374 I
1022 2346 1048 2374 b.
1064 2345 1210 2375 Maximus
1223 2345 1384 2385 laudaret]

959 2386 1111 2428 Scipionis
1126 2388 1230 2426 frater,
1243 2388 1381 2418 oratione
1395 2387 1516 2417 funebri
1533 2386 1715 2417 Africanum

956 2429 1108 2461 laudavit.
1155 2431 1319 2461 Orationes
1334 2435 1436 2460 autem
1449 2428 1599 2469 ejusmodi
1611 2431 1629 2460 εἴ
1644 2440 1716 2470 pro·

959 2473 1080 2511 pinquis
1095 2472 1185 2514 vulgo
1202 2474 1404 2504 habebantur.

998 2517 1050 2545 31.
1075 2516 1243 2546 Pei-versam
1265 2515 1462 2555 sapientiam]
1507 2514 1598 2545 Illam
1616 2521 1718 2546 auste-

955 2567 1017 2587 ram
1042 2558 1218 2588 Stoicorum
1240 2558 1437 2599 sapientiam,
1454 2569 1505 2588 seu
1525 2558 1718 2599 philosophi-

957 2611 1017 2635 am,
1034 2611 1207 2640 perversam
1234 2606 1336 2637 vocat,
1352 2601 1426 2641 quia
1451 2601 1550 2631 omnis
1577 2601 1716 2631 humani-

958 2643 1028 2673 tatis
1044 2654 1151 2683 expers
1167 2643 1339 2673 videbatur.

1001 2688 1052 2717 33.
1077 2686 1213 2716 Praeturd
1225 2687 1351 2726 dejectus
1371 2686 1439 2727 est.]
1481 2686 1604 2717 Tubero
1618 2687 1649 2717 in
1662 2697 1717 2728 pe-

958 2729 1066 2759 titione
1095 2734 1233 2770 praeturae
1259 2728 1414 2770 repulsam
1441 2740 1548 2770 passus
1566 2735 1614 2760 est
1628 2729 1647 2760 εἰ
1661 2740 1717 2771 po-

959 2771 1032 2814 pulo
1049 2778 1175 2813 propter
1189 2771 1271 2804 illius
1286 2773 1393 2805 sordes
1409 2776 1441 2803 et
1455 2772 1624 2805 avaritiam.

1417 2344 1531 2374 Fabius
1548 2344 1715 2380 Maximus,
