1790 3090
111 183 167 232 6&

113 1450 168 1490 40

805 194 911 228 PRO
925 191 1136 229 RAmmo.

191 261 298 303 roris
329 265 417 307 filio
452 266 699 323 diligentius
719 272 1066 327 respondendum
1101 278 1181 325 est,
1208 287 1337 329 quem
1357 273 1410 315 ab
1430 272 1516 315 hoc
1545 278 1749 316 necatum

116 315 173 355 20
193 332 286 361 esse
307 321 469 374 dixisti,
487 324 598 375 cum,
621 325 675 365 ad
700 327 851 382 judieii
876 336 1079 379 0moram,
1099 329 1318 372 familiaris
1339 330 1498 372 funeris
1521 330 1746 372 excusatio

193 386 450 431 quaereretur
462 380 478 418 ¹?
511 380 628 427 Quid
650 383 763 424 enim
792 391 859 425 est
889 391 977 426 tam
996 386 1241 438 verisimile,
1262 387 1394 444 quam
1415 386 1624 428 cariorem
1643 387 1748 427 huic

191 434 350 475 sororis
371 435 582 486 maritum,
605 438 738 493 quam
758 441 915 483 sororis
935 443 1070 484 filium
1099 443 1262 484 fuisse?
1293 451 1423 500 atque
1444 443 1504 484 ita
1525 443 1747 494 cariorem,

190 496 240 530 ut
260 491 366 531 alter
384 491 472 533 vita
502 494 800 537 crudelissime
832 498 1078 552 privaretur,
1099 498 1198 540 cum
1221 500 1354 552 alteri,
1376 500 1432 541 ad
1460 499 1747 556 prolationem

185 545 356 600 judicii,
378 548 557 590 biduum
578 554 860 607 quaereretur?
919 556 990 595 An
1011 556 1064 596 de
1085 555 1217 596 servis
1249 556 1400 597 alienis
1431 563 1581 598 contra
1606 556 1748 612 legem

116 600 172 640 25
193 601 368 645 Fabiam
389 606 580 659 retentis,
599 615 673 649 aut
692 609 745 650 de
766 609 933 651 civibus
954 610 1080 652 Rom.
1103 618 1252 652 contra
1277 612 1415 669 legem
1435 613 1635 655 Porciam
1655 626 1747 653 ver-

189 659 349 701 beratis
384 669 458 702 aut
489 665 669 716 necatis,
690 666 810 723 plura
829 667 1015 709 dicenda
1035 674 1148 720 sunt,
1171 667 1268 709 cum
1289 675 1408 710 tanto
1425 669 1569 710 studio
1591 669 1642 710 C.
1662 668 1749 710 Ra-

188 716 320 758 birius
336 718 468 760 totius
485 720 672 776 Apuliae,
690 723 893 779 singulari
913 725 1132 766 voluntate
1149 724 1397 781 Campaniae
1416 725 1667 778 vicinitatis,
1684 739 1751 767 or-

188 775 338 815 netur?
370 775 568 832 cumque,
589 779 644 820 ad
661 780 753 835 ejus
774 782 1111 837 propulsandum
1132 781 1382 838 periculum,
1404 796 1492 823 non
1518 781 1647 823 mode
1667 782 1745 823 ho-

188 829 341 880 mines,
366 833 441 873 sed
464 834 597 890 prope
619 836 814 892 regiones
835 837 956 893 ipsae,
977 839 1267 890 convenerint,
1295 839 1515 895 aliquanto
1543 838 1672 880 etiarn
1688 838 1749 880 la-

114 882 171 922 30
191 886 275 927 tius
306 889 520 942 excitatae,
542 894 671 947 quam
691 893 826 949 ipsius
854 895 1090 936 vicinitatis
1120 910 1277 937 nomen
1297 910 1348 937 ac
1367 894 1535 937 termini
1555 895 1748 952 postula-

188 943 307 986 bant.
367 946 478 987 Nam
498 949 601 1003 quid
623 964 704 1006 ego
736 951 790 991 ad
820 951 864 992 id
892 953 1066 1008 longam
1097 952 1334 994 orationem
1354 966 1612 1008 comparem,
1633 952 1750 1009 quod

189 1001 318 1041 estin
340 1002 492 1044 eadem
512 1006 655 1047 multae
688 1008 948 1064 irrogatione
976 1009 1271 1065 perscriptum,
1294 1010 1409 1051 hunc
1439 1024 1521 1051 nec
1551 1024 1640 1050 suae
1666 1023 1750 1050 nec

188 1056 340 1099 alienae
361 1060 582 1113 pudicitiae
602 1064 870 1119 pepercisse?
930 1065 1175 1112 Quinetiam
1196 1067 1403 1122 suspicor,
1426 1065 1476 1108 eo
1495 1065 1600 1106 mihi
1621 1065 1748 1107 serni-

187 1112 336 1155 horam
357 1114 382 1155 a
401 1117 590 1159 Labieno
622 1120 902 1174 praestitutam
927 1136 1036 1173 esse,
1057 1128 1107 1162 ut
1134 1138 1187 1163 ne
1209 1123 1331 1178 plura
1363 1123 1416 1163 de
1452 1121 1664 1177 pudicitia
1682 1121 1747 1163 di-

119 1164 174 1205 35
190 1185 342 1212 cerem.
403 1169 518 1229 Ergo
550 1175 604 1216 ad
624 1177 719 1217 haec
740 1177 931 1229 crimina,
954 1193 1049 1233 quae
1081 1178 1248 1234 patroni
1280 1178 1548 1234 diligentiam
1576 1177 1747 1219 deside-

187 1233 295 1278 rant,
319 1228 526 1285 intelligis
542 1231 647 1272 mihi
669 1233 925 1275 semihoram
955 1234 1083 1276 istam
1114 1234 1292 1276 nimium
1312 1235 1487 1291 longam
1513 1234 1667 1276 fuisse:
1698 1235 1746 1276 il-

122 1294 126 1324 ἱ
185 1283 271 1325 lam
292 1286 468 1327 alteram
490 1294 668 1343 partem,
691 1290 743 1331 de
760 1305 866 1332 nece
888 1291 1124 1342 Saturnini,
1149 1291 1276 1332 nimis
1299 1291 1503 1348 exiguam
1524 1299 1654 1348 atque
1676 1305 1748 1332 an-

187 1349 357 1396 gustam
389 1358 482 1384 esse
502 1345 698 1395 voluisti3
730 1363 826 1403 quae
847 1363 935 1390 non
955 1348 1159 1389 orationis
1191 1348 1425 1405 ingenium,
1447 1349 1523 1389 sed
1554 1347 1746 1390 consulis

187 1399 409 1450 auxilium,
442 1400 643 1457 implorat
673 1410 717 1444 et
751 1404 934 1468 flagitat.

993 1405 1120 1456 Nam,
1153 1406 1207 1447 de
1234 1405 1535 1461 perduellionis
1563 1405 1747 1461 judicio,

187 1457 303 1510 quod
326 1456 352 1497 a
373 1471 441 1498 me
462 1459 676 1500 sublatum
698 1475 792 1503 esse
815 1462 1028 1503 criminari
1060 1463 1188 1514 soles,
1208 1477 1351 1504 meum
1377 1461 1537 1503 crimen
1559 1468 1640 1513 est,
1659 1476 1748 1504 non

185 1511 370 1555 Rabirii.
429 1514 556 1562 Quod
587 1516 764 1568 utinam,
789 1518 992 1570 Quirites,
1015 1534 1096 1576 ego
1127 1520 1172 1560 id
1203 1525 1278 1560 aut
1305 1519 1481 1575 primus,
1508 1524 1584 1560 aut
1612 1519 1747 1569 solus,

158 1609 163 1611 ,
187 1583 239 1610 ex
260 1569 343 1611 hac
365 1570 534 1628 Repub.
556 1575 845 1617 sustulissem!
874 1575 1056 1628 utinam,
1083 1576 1202 1632 quod
1229 1576 1298 1617 ille
1333 1575 1495 1617 crimen
1525 1590 1620 1618 esse
1639 1575 1745 1628 vult,

809 1717 823 1732 Γ
830 1713 1127 1765 prolationem.

229 1844 283 1873 20.
301 1842 613 1887 Familiarisfimeris.]
641 1846 807 1888 Ulpianus,
818 1847 939 1888 Digest.

186 1885 241 1916 lib.
256 1888 286 1916 Ξ.
300 1887 342 1916 ait
357 1899 417 1917 non
436 1889 556 1920 licuisse
568 1890 598 1919 in
616 1893 665 1928 jus
683 1901 752 1920 eum
765 1891 876 1927 vocari,
888 1891 940 1931 qui

184 1928 277 1958 funus
295 1930 432 1966 duceret,
450 1931 596 1972 autjusta
613 1933 736 1963 mortuis
752 1934 879 1964 faceret.

231 1975 283 2003 24.
308 1972 412 2013 Legem
434 1974 581 2016 Fabiam]
629 1976 698 2006 Hac
719 1977 789 2017 lege
812 1978 944 2007 caveba-

189 2019 245 2050 tur,
272 2025 311 2044 ne
338 2017 404 2056 quis
429 2019 585 2049 hominem
611 2019 739 2049 liberum
768 2030 822 2059 pro
846 2031 943 2056 servo,

187 2062 241 2087 aut
257 2069 376 2088 servum
402 2060 535 2091 alienum
552 2072 607 2102 pro
623 2073 689 2097 suo,
705 2064 833 2092 vendat.
879 2063 944 2093 Pu-

188 2105 254 2129 tant
269 2101 364 2142 aliqui
386 2102 554 2143 legendum
574 2115 641 2135 esse
662 2105 763 2145 legem
781 2105 939 2143 Flavia1u3

187 2142 320 2174 cumilla
333 2146 373 2174 de
384 2145 488 2185 plagio
500 2152 591 2187 agat3
614 2148 640 2177 is
658 2154 760 2178 autem
774 2149 825 2188 qui
838 2159 942 2178 servos

187 2186 305 2217 alienos
329 2188 483 2225 sollicitat,
506 2190 624 2226 vendit,
649 2191 734 2227 emit,
757 2196 809 2221 aut
832 2191 942 2222 liberos

187 2239 242 2269 pro
259 2231 362 2267 servis,
374 2231 541 2271 plagiarius
558 2233 681 2264 dicitur.

230 2275 282 2303 ⁰25.
306 2273 410 2314 Legem
434 2275 596 2316 Porciam]
641 2276 720 2307 Haec
735 2277 785 2307 lex
801 2277 818 2307 εἶ
832 2277 942 2307 Porcio

188 2314 308 2345 Catone
341 2317 410 2349 trib.
446 2318 529 2357 pleb.
564 2319 626 2349 lata
658 2325 715 2355 est,
751 2320 877 2350 Valerio
912 2326 944 2351 et

186 2357 323 2397 Apuleio
340 2360 519 2391 C‹1ss.ann0
533 2362 624 2392 Urbis
641 2363 775 2392 conditae
792 2363 941 2394 CDLIV.

187 2410 226 2429 ne
261 2402 328 2442 quis
361 2404 555 2443 magIStratus
592 2405 692 2434 civem
724 2405 819 2435 Rom.
850 2407 942 2446 virgis

187 2444 333 2480 caederet,
356 2452 542 2485 necaretve;
567 2448 621 2477 sed
638 2448 785 2477 damnato
802 2448 942 2479 exsilium

186 2487 433 2526 permitteretur3
457 2489 527 2520 cum
550 2491 642 2520 antea
665 2491 815 2520 nudorum
840 2492 942 2521 cervix

185 2529 370 2560 insereretur
392 2532 496 2568 furcae,
518 2544 627 2574 corpus
653 2533 744 2574 virgis
768 2534 808 2563 ad
833 2544 942 2565 necem

185 2574 368 2604 caederetur.

231 2617 282 2645 27.
309 2615 408 2646 Totius
422 2618 563 2658 Apulum]
604 2618 762 2649 Credibile
778 2624 826 2649 est
841 2630 877 2649 ex
893 2619 939 2649 A-

187 2658 273 2696 pulia
297 2658 391 2689 fuisse
415 2660 589 2695 Rabirium,
605 2667 657 2691 aut
673 2662 704 2691 in
720 2661 757 2691 ea
780 2663 940 2702 magistra-

187 2706 250 2730 tu-ui
273 2702 412 2741 gessisse.
459 2703 639 2734 Veniebant
657 2705 739 2734 enim
756 2716 792 2735 ex
813 2706 940 2746 provin-

183 2743 238 2773 ciis
261 2745 310 2775 vel
335 2745 458 2776 urbibus
491 2746 598 2787 legati,
621 2748 675 2788 qui
706 2758 789 2777 reum
815 2749 941 2789 publica

183 2787 321 2833 iuratione
338 2790 605 2826 commendarent,
621 2789 691 2821 cum
715 2791 941 2831 periclitaretur

182 2835 214 2858 m·
220 2840 235 2871 J
241 2835 280 2870 ud
286 2831 356 2861 icio.

1029 1849 1077 1879 Ib.
1102 1847 1292 1890 Campaniae.]
1337 1846 1485 1879 Rabirius
1505 1847 1619 1877 fundos
1636 1846 1746 1878 habuit

986 1893 1017 1922 in
1048 1892 1233 1932 Campania,
1264 1897 1296 1922 et
1329 1893 1454 1922 domum
1480 1890 1628 1930 Neapoli,
1651 1895 1685 1920 ut
1708 1900 1746 1920 ex

987 1935 1048 1974 Ep.
1066 1936 1104 1964 ad
1122 1935 1220 1970 Attic,
1247 1939 1342 1975 patet.
1388 1934 1457 1975 Illic
1485 1934 1577 1963 etiam
1605 1934 1746 1963 homines

988 1978 1101 2007 liberos
1126 1977 1303 2008 verberasse
1320 1982 1354 2007 et
1368 1976 1518 2007 occidisse
1533 1976 1595 2016 ipsi
1618 1975 1747 2016 objicie-

987 2021 1086 2051 batur.

1030 2066 1081 2094 32.
1108 2063 1212 2093 Multae
1223 2063 1427 2104 irrogatione]
1466 2061 1619 2100 Irrogatio
1635 2061 1684 2091 lex
1700 2065 1747 2092 est

987 2106 1018 2136 in
1048 2106 1183 2146 aliquem
1200 2106 1272 2136 lata.
1326 2105 1428 2136 Multa
1443 2103 1535 2146 porro
1564 2103 1583 2134 a
1613 2103 1746 2145 Mulgeo.

985 2150 1137 2184 mulctum,
1161 2150 1245 2179 dicta
1269 2154 1326 2184 est,
1350 2147 1433 2189 quod
1458 2146 1604 2188 mulgeat,
1627 2147 1660 2177 id
1685 2152 1744 2182 est,

987 2192 1162 2222 exhauriat:
1188 2193 1220 2222 in
1251 2192 1289 2222 εἴη
1317 2198 1419 2222 autem
1445 2191 1512 2221 haec
1539 2189 1746 2220 observaban-

987 2240 1055 2265 tur:
1090 2245 1141 2265 reo
1175 2235 1368 2275 magistratus
1401 2233 1483 2264 diem
1518 2233 1661 2263 dicebat:
1698 2236 1746 2263 ter

986 2288 1055 2308 euni
1081 2279 1264 2315 accusabat3
1299 2283 1362 2307 tum
1384 2276 1512 2316 rogabat
1535 2276 1685 2316 populum
1709 2280 1745 2306 ut

987 2320 1072 2351 certa
1096 2322 1247 2351 bonorum
1273 2325 1361 2361 parte
1387 2319 1582 2356 multaretur;
1608 2319 1675 2349 haec
1702 2319 1745 2348 ir-

986 2364 1105 2404 rogatio
1120 2374 1176 2405 per
1191 2364 1402 2394 trinundinum
1418 2361 1570 2400 durabat3
1591 2365 1658 2391 tum
1673 2372 1742 2392 reus

986 2408 1198 2438 accusabatur.

1030 2453 1082 2480 39.
1107 2449 1197 2485 Nam,
1212 2450 1247 2479 de
1270 2449 1474 2489 perduellionis
1491 2445 1634 2487 judicio]
1679 2444 1742 2477 Hic

987 2492 1087 2532 rejicit
1116 2493 1260 2533 quaedain
1291 2492 1418 2522 crimina
1441 2500 1510 2532 quae
1533 2489 1564 2519 in
1587 2499 1657 2538 euru
1681 2489 1744 2519 La-

986 2535 1095 2566 bienus
1121 2536 1253 2576 jecerat,
1276 2535 1419 2575 primum,
1441 2531 1524 2574 qudd
1559 2542 1638 2580 surm
1666 2541 1743 2573 sup-

987 2578 1112 2617 plicium
1130 2579 1168 2608 de
1190 2578 1410 2619 perduellionis
1430 2576 1644 2606 condemnatis
1670 2584 1741 2615 pro-

983 2621 1145 2651 hibuerat:
1185 2621 1328 2656 alterum,
1364 2620 1546 2652 Ciceronem
1582 2617 1740 2648 crudelem

985 2674 1064 2700 esse,
1080 2674 1183 2705 neque
1196 2664 1302 2695 favere
1317 2663 1435 2705 populo
1449 2673 1455 2691 :
1480 2660 1657 2709 perduelles
1668 2659 1742 2690 ver&

985 2706 1179 2744 dicebantur,
1196 2708 1248 2749 qui
1270 2717 1351 2739 nunc
1375 2707 1478 2737 hostes
1494 2705 1513 2735 a
1525 2704 1614 2735 nobis
1629 2702 1741 2747 appel-

984 2749 1095 2781 lantur.
1673 2769 1677 2772 -
