1858 3095
725 171 817 204 PRO
843 170 1036 203 MILONE.

157 249 234 293 IV.
268 250 473 309 Sequitur
491 249 613 300 illud,
636 249 753 306 quod
776 248 801 289 ἒι
824 247 1004 288 Milonis
1027 245 1209 288 inimicis
1232 243 1468 302 saepissimt‘:
1490 244 1661 297 dicitur,

101 308 280 357 caedem,
303 309 346 350 in
367 307 452 365 quii
472 306 524 349 P.
547 307 727 347 Clodius
748 305 918 347 occisus
941 312 1020 352 est,
1053 312 1248 346 senatum
1265 302 1487 358 judicasse
1511 310 1663 343 contra

100 365 406 429 rempublicam
437 379 531 406 esse
564 364 734 405 factam.

816 363 938 403 Illam
970 360 1067 402 vero
1099 370 1286 410 senatus,
1318 374 1404 400 non
1435 359 1661 400 sententiis

101 437 191 463 suis
222 421 372 472 solum,
405 421 481 462 sed
513 421 640 462 etiam
673 420 842 471 studiis,
874 418 1176 475 comprobavit.

1240 415 1420 465 Quoties
1452 415 1563 457 enim
1595 421 1662 456 est

102 478 174 520 illa
195 493 325 520 causa
344 480 368 518 εὶ
390 478 514 519 nobis
536 485 633 519 acta
664 477 707 518 in
739 484 887 519 senatu
906 476 912 515 ἔ
951 476 1107 532 quibus
1130 473 1452 515 assensionibus
1473 471 1659 513 universi
1677 468 1702 508 5

99 535 285 577 ordinis!
319 550 446 592 quem
468 550 548 576 uec
570 534 713 576 tacitis
736 549 814 576 nec
835 533 1038 575 occultis!

1101 531 1285 580 Quando
1302 529 1430 579 enini,
1463 529 1661 584 frequen-

96 591 265 633 tissimo
287 599 454 643 senatu,
487 599 681 648 quatuor,
715 592 768 632 ad
790 604 1001 632 summurn
1022 587 1224 644 quinque,
1258 594 1358 627 sunt
1379 585 1554 636 inventi,
1587 585 1660 641 qui

101 648 282 690 Milonis
304 663 478 690 causam
499 664 584 690 non
605 648 858 705 probarent?

920 645 1154 686 Declarant
1174 643 1300 698 hujus
1323 642 1510 682 ambusti
1530 643 1663 683 tribu-

98 705 143 747 ni
183 705 320 762 plebis
357 706 438 746 illae
480 706 767 747 intermortuae
807 703 1055 752 conciones,
1096 700 1252 755 quibus
1292 698 1484 755 quotidie
1524 713 1661 739 meam

99 762 341 819 potentiam
378 761 588 804 invidiose
627 760 943 809 criminabatur,
985 757 1084 798 cum
1115 757 1292 807 diceret,
1329 762 1539 806 senatum,
1576 770 1662 796 non
1683 753 1737 793 lO

97 819 214 876 quod
247 819 438 870 sentiret,
472 819 547 860 sed
580 818 696 874 quod
733 831 813 874 ego
847 816 1014 866 vellem,
1050 814 1292 855 decernere.
1353 811 1460 860 Quae
1487 811 1663 868 quidem

99 875 136 916 si
157 875 350 932 potentia
371 882 438 917 est
456 874 711 932 appellanda
731 872 890 930 potius,
922 871 1066 935 quam,
1099 877 1270 926 propter
1300 883 1456 925 magna
1483 869 1527 909 in
1555 884 1663 910 reni-

99 932 318 989 publicam
335 931 501 983 merita,
533 931 763 972 mediocris
782 930 826 971 in
841 931 967 971 bonis
990 928 1129 969 causis
1151 926 1398 975 auctoritas,
1430 933 1518 978 aut,
1539 941 1664 982 prop-

99 997 166 1031 ter
186 988 404 1030 officiosos
423 989 590 1030 labores
611 1001 746 1039 meos,
768 986 973 1028 nonnulla
994 985 1107 1041 apud
1123 985 1260 1025 bonos
1284 982 1445 1040 gratia3
1476 983 1664 1039 appelle-

101 1052 170 1087 tur
188 1045 250 1087 ita
269 1044 388 1095 sane,
408 1043 643 1087 dummodo
665 1044 717 1086 eii
740 1058 818 1085 nos
839 1050 1008 1084 utamur
1030 1056 1105 1098 pro
1128 1041 1264 1082 salute
1290 1044 1494 1082 bonorum
1516 1046 1666 1081 contra
1686 1037 1737 1078 15

725 1101 851 1142 Hanc
881 1099 980 1141 verb
1011 1098 1330 1154 aquaestionem,
1364 1097 1443 1137 etsi
1483 1111 1569 1138 non
1600 1104 1667 1138 est

102 1102 333 1144 amentiam
374 1103 650 1159 perditorum.

101 1159 262 1216 iniqua,
293 1173 512 1216 nunquam
548 1166 691 1200 tamen
725 1164 897 1199 senatus
932 1155 1279 1198 constituendam
1318 1153 1512 1210 putavit:
1547 1160 1668 1195 erant

104 1216 217 1258 enim
249 1217 383 1272 leges,
416 1222 535 1257 erant
562 1215 838 1272 quaestiones,
870 1214 935 1255 vel
965 1213 1018 1254 de
1045 1213 1177 1262 caede,
1211 1212 1274 1252 vel
1297 1211 1349 1252 de
1370 1210 1437 1260 vi,
1473 1226 1554 1252 nec
1575 1218 1668 1252 tan-

102 1280 193 1315 tum
226 1287 453 1315 moeroretn
487 1288 538 1314 ac
567 1274 732 1313 luctum
767 1270 936 1313 senatui
971 1283 1085 1310 mors
1122 1268 1174 1309 P.
1197 1267 1341 1309 Clodii
1373 1267 1591 1319 afferebat,
1619 1274 1669 1308 ut

100 1344 212 1373 nova
231 1329 412 1388 quaestio
435 1329 778 1373 constitueretur.

857 1327 992 1383 Cujus
1018 1325 1133 1367 enim
1161 1325 1214 1367 (le
1237 1325 1312 1366 illo
1333 1324 1498 1366 incesto
1518 1331 1666 1382 stupro
1684 1322 1743 1365 20

741 1543 987 1596 ajzcde'cium.

153 1829 182 1856 1.
205 1825 340 1866 Sequitur
354 1825 459 1866 illud]
484 1824 675 1866 Aggreditur
690 1824 866 1856 convellere

108 1869 279 1899 secundum
293 1868 507 1910 praejudicium
520 1879 529 1906 ;
552 1868 701 1900 dicebant
714 1869 795 1899 enim
811 1868 867 1898 ad-

107 1911 248 1951 versarii,
263 1919 404 1943 senatum
417 1911 497 1943 Pub.
511 1911 617 1942 Clodii
629 1913 749 1943 caedern
762 1917 869 1942 contra

107 1953 268 1996 Rempub.
285 1953 578 1995 sactamjudicasse.
626 1955 689 1986 Ubi
701 1961 805 1986 autem
821 1965 869 1986 se-

108 2003 199 2028 natus
214 1997 335 2028 audivit
349 2002 466 2028 candem
482 1998 597 2028 factam
613 1998 706 2029 fuisse
717 1999 748 2029 in
760 1997 868 2038 Appia

110 2039 172 2075 via,
195 2040 335 2070 decrevit
347 2041 447 2081 (quod
463 2040 494 2071 in
513 2040 630 2081 magnis
645 2041 789 2082 periculis
804 2040 869 2070 fieri

111 2082 247 2123 solebat)
261 2088 295 2113 ut
309 2083 450 2113 viderent
465 2083 608 2114 consules
623 2094 664 2114 ne
679 2084 757 2124 quid
775 2082 869 2113 detri-

112 2125 209 2156 menti
222 2126 398 2167 respublica
411 2131 548 2167 caperet.
602 2125 676 2156 Erat
693 2132 794 2157 autem
811 2126 871 2157 hoc

110 2168 200 2209 quasi
218 2169 445 2210 praejudicium,
459 2169 533 2209 quia
545 2167 600 2199 tali
612 2169 738 2200 decreto
747 2167 871 2200 senatus

110 2211 292 2243 interfectus
315 2218 364 2243 est
381 2218 412 2243 et
429 2212 655 2242 condemnatus
679 2212 873 2242 Saturninus.

111 2255 174 2285 Sed
190 2256 361 2296 respondet
376 2255 499 2291 Cicero,
523 2255 581 2284 hoc
604 2254 722 2285 tantum
739 2255 871 2285 voluisse

111 2298 238 2329 decreto
261 2304 415 2334 senatum,
438 2303 473 2328 ut
495 2297 780 2329 animadverterent
804 2303 874 2328 uter

113 2341 174 2371 utri
190 2341 320 2372 insidias
335 2342 462 2372 fecerat.

156 2387 188 2417 4.
213 2384 330 2419 Quoties
340 2385 417 2416 enim
430 2390 469 2415 est
485 2384 539 2415 illa
549 2394 638 2415 causa
652 2390 717 2414 acta
726 2384 751 2424 .’]
797 2383 876 2414 Post

113 2426 309 2459 intersectum
324 2428 482 2464 Clodium,
493 2427 581 2468 paeue
590 2426 658 2469 jam
668 2432 793 2459 centum
805 2427 874 2457 dies

115 2470 309 2503 effluxerant.

159 2515 191 2544 8.
233 2514 366 2544 Ambusti
400 2513 514 2543 tribuni
547 2513 663 2555 plebis]
710 2512 874 2543 Munatius

118 2555 266 2592 Plancus,
281 2563 314 2587 et
322 2556 494 2597 Pompeius
506 2555 623 2592 Rufus,
638 2556 751 2587 tribuni
763 2555 874 2597 plebis,

119 2598 320 2630 concionibus
335 2599 397 2630 suis
413 2599 538 2640 plebem
554 2599 585 2629 in
599 2599 753 2629 Milouem
763 2608 875 2629 accen-

121 2641 254 2680 derunt·‚
274 2642 382 2683 itaque
404 2642 472 2672 orta
496 2641 660 2679 seditione,
684 2641 754 2673 cum
772 2640 877 2673 Clodii

120 2693 233 2734 corpus
256 2690 454 2721 cremaretur,
476 2685 562 2715 curia
585 2685 712 2716 incensa
729 2690 797 2722 est3
819 2694 877 2714 nec

122 2737 207 2776 prius
216 2727 412 2763 destiterunt,
427 2727 521 2768 quam
532 2727 598 2769 ejus
609 2727 746 2759 incendii
757 2727 881 2758 flamma

122 2780 139 2800 e
155 2770 308 2801 concione
323 2769 423 2811 fugati
439 2775 522 2801 suut.

166 2814 199 2846 9.
223 2812 427 2845 Intermoraeuae
442 2813 615 2855 conciones-J
658 2813 883 2847 Coeliusinter-

909 1827 1048 1865 pretatur
1071 1822 1188 1859 futiles,
1211 1831 1318 1857 vanas,
1342 1826 1374 1852 et
1396 1819 1508 1851 nullius
1531 1830 1672 1851 momen·

910 1867 954 1904 ti;
990 1867 1155 1897 Manutius
1192 1864 1265 1895 vero
1300 1865 1488 1906 interruptas
1524 1863 1671 1894 incendio

911 1911 1015 1942 curiae.

958 1957 1012 1986 14.
1037 1952 1180 1994 Qfficiosos
1205 1951 1340 1992 labores]
1388 1950 1527 1982 Officiosi
1550 1949 1671 1980 labores

911 1997 1069 2032 dicuntur,
1097 1997 1151 2036 qui
1180 1996 1221 2026 ad
1248 1996 1430 2026 innocentes
1455 1993 1673 2024 defendendos

912 2041 1139 2080 suscipiuntur.

957 2084 1009 2114 17.
1039 2082 1134 2112 Erant
1159 2082 1243 2122 leges,
1264 2086 1347 2111 erant
1369 2079 1560 2120 quoestiones]
1606 2078 1672 2109 Ve-

915 2131 996 2156 teres
1011 2125 1097 2166 leges
1112 2130 1211 2160 erant,
1233 2129 1266 2154 et
1288 2123 1487 2163 quaestiones,
1509 2123 1549 2152 de
1572 2122 1672 2158 caede,

915 2168 964 2198 vel
987 2168 1028 2199 de
1052 2169 1094 2206 vi,
1117 2168 1229 2209 quibus
1250 2166 1360 2196 summi
1376 2172 1523 2206 praetores
1540 2170 1572 2194 et
1587 2175 1672 2205 quae-

915 2217 1012 2242 stores
1045 2215 1207 2252 praeerant,
1231 2209 1406 2250 quibusque
1429 2218 1496 2238 reus
1524 2207 1676 2248 postulari

916 2254 999 2284 Milo
1023 2259 1155 2295 poterat.
1201 2253 1277 2283 Erat
1298 2251 1347 2282 lex
1364 2251 1509 2282 Cornelia
1531 2251 1570 2281 de
1595 2251 1674 2281 sica-

917 2297 985 2335 riis;
1009 2303 1075 2327 erat
1098 2297 1164 2327 Lex
1187 2296 1230 2332 Q.
1248 2295 1353 2326 Catuli
1377 2295 1417 2324 de
1441 2294 1480 2324 vi.
1527 2294 1603 2329 Sed,
1625 2294 1674 2324 his

917 2340 1038 2370 omissis
1055 2340 1176 2381 legibus
1192 2337 1419 2379 etjudicioruni
1433 2337 1674 2373 consuetudine,

916 2394 998 2414 nova
1015 2383 1076 2419 lex,
1098 2393 1180 2413 nova
1195 2381 1337 2422 quaestio,
1360 2386 1467 2411 contra
1482 2380 1636 2410 Milonem
1653 2380 1672 2410 5.

918 2426 1074 2467 Pompeio
1085 2426 1205 2456 sancita
1214 2425 1290 2462 fuit3
1307 2430 1338 2454 et
1349 2434 1448 2454 novus
1461 2423 1603 2463 quaesitor
1614 2423 1676 2454 Cn.

917 2469 1077 2500 Domitius
1092 2469 1290 2500 AEnobarbus
1306 2467 1416 2508 populi
1428 2466 1574 2507 suffragio
1588 2477 1676 2497 creav

918 2518 967 2543 tus
980 2518 1038 2544 est.

961 2558 1015 2586 20.
1039 2555 1086 2586 De
1098 2555 1150 2585 illo
1160 2555 1264 2585 incesto
1278 2555 1406 2596 stupra]
1433 2552 1596 2583 Sententia
1613 2555 1675 2589 est;

919 2604 1028 2639 erepta
1049 2603 1107 2634 est,
1136 2597 1178 2634 Q.
1196 2597 1275 2628 Fufii
1297 2596 1530 2630 intercessione,
1554 2595 1678 2624 senatui

920 2648 1062 2683 potestas
1085 2640 1275 2672 decernendi
1292 2639 1494 2680 quaestionem
1509 2648 1622 2668 novam
1638 2638 1679 2668 de

922 2690 1028 2725 stupro
1044 2685 1166 2714 incesto
1181 2683 1305 2714 Clodii:
1330 2682 1398 2722 quis
1419 2691 1492 2721 ergo
1508 2681 1616 2711 credat
1639 2681 1680 2710 de

925 2727 992 2768 ejus
1017 2727 1142 2758 interitu
1168 2726 1321 2767 judicium
1351 2734 1466 2754 novum
1493 2723 1683 2754 constituen-

926 2771 1013 2806 dum,
1037 2775 1177 2801 senatum
1193 2768 1345 2810 putasse?

972 2813 1021 2847 lb.
1037 2813 1149 2846 Incesto
1160 2812 1286 2853 stupra]
1303 2811 1363 2842 Per
1373 2810 1524 2844 incestum
1535 2814 1688 2854 stuprum,

1269 2869 1292 2895 Z

1652 164 1737 208 307
