<?xml version="1.0" encoding="UTF-8"?>
<!DOCTYPE html PUBLIC "-//W3C//DTD XHTML 1.0 Transitional//EN"
    "http://www.w3.org/TR/xhtml1/DTD/xhtml1-transitional.dtd">
<html xmlns="http://www.w3.org/1999/xhtml" xml:lang="en" lang="en">
 <head>
  <title>
</title>
<meta http-equiv="Content-Type" content="text/html;charset=utf-8" />
  <meta name='ocr-system' content='tesseract 3.04.00' />
  <meta name='ocr-capabilities' content='ocr_page ocr_carea ocr_par ocr_line ocrx_word'/>
</head>
<body>
  <div class='ocr_page' id='page_1' title='image "./selectaeoratione00ciceuoft_0076.png"; bbox 0 0 1790 3090; ppageno 0'>
   <div class='ocr_carea' id='block_1_1' title="bbox 0 155 1078 206">
    <p class='ocr_par' dir='ltr' id='par_1_1' title="bbox 0 155 1078 206">
     <span class='ocr_line' id='line_1_1' title="bbox 0 155 1078 206; baseline -0.006 -2"><span class='ocrx_word' id='word_1_1' title='bbox 0 165 36 206; x_wconf 65' lang='lat'>{6</span> <span class='ocrx_word' id='word_1_2' title='bbox 604 160 695 198; x_wconf 77' lang='lat' dir='ltr'>PRO</span> <span class='ocrx_word' id='word_1_3' title='bbox 721 164 839 199; x_wconf 79' lang='lat' dir='ltr'>LEGE</span> <span class='ocrx_word' id='word_1_4' title='bbox 865 155 1078 198; x_wconf 81' lang='lat' dir='ltr'><strong>MANILIA.</strong></span> 
     </span>
    </p>
   </div>
   <div class='ocr_carea' id='block_1_2' title="bbox 0 241 1637 984">
    <p class='ocr_par' dir='ltr' id='par_1_2' title="bbox 0 241 1637 984">
     <span class='ocr_line' id='line_1_2' title="bbox 57 241 1622 300; baseline -0.004 -12"><span class='ocrx_word' id='word_1_5' title='bbox 57 245 213 288; x_wconf 75' lang='lat' dir='ltr'>simusz</span> <span class='ocrx_word' id='word_1_6' title='bbox 246 244 352 287; x_wconf 85' lang='lat' dir='ltr'>Asia</span> <span class='ocrx_word' id='word_1_7' title='bbox 381 242 483 286; x_wconf 73' lang='lat' dir='ltr'>vero</span> <span class='ocrx_word' id='word_1_8' title='bbox 515 248 605 283; x_wconf 87' lang='lat' dir='ltr'>tam</span> <span class='ocrx_word' id='word_1_9' title='bbox 636 242 781 300; x_wconf 86' lang='lat' dir='ltr'>opima</span> <span class='ocrx_word' id='word_1_10' title='bbox 806 248 873 284; x_wconf 89' lang='lat' dir='ltr'>est</span> <span class='ocrx_word' id='word_1_11' title='bbox 894 248 938 284; x_wconf 92' lang='lat' dir='ltr'>et</span> <span class='ocrx_word' id='word_1_12' title='bbox 957 241 1125 295; x_wconf 82' lang='lat' dir='ltr'>fertilis,</span> <span class='ocrx_word' id='word_1_13' title='bbox 1155 246 1204 284; x_wconf 91' lang='lat' dir='ltr'>ut</span> <span class='ocrx_word' id='word_1_14' title='bbox 1224 246 1267 284; x_wconf 87' lang='lat' dir='ltr'>et</span> <span class='ocrx_word' id='word_1_15' title='bbox 1285 241 1479 283; x_wconf 89' lang='lat' dir='ltr'>ubertate</span> <span class='ocrx_word' id='word_1_16' title='bbox 1500 254 1622 297; x_wconf 82' lang='lat' dir='ltr'>agro-</span> 
     </span>
     <span class='ocr_line' id='line_1_3' title="bbox 58 298 1624 356; baseline -0.004 -12"><span class='ocrx_word' id='word_1_17' title='bbox 58 319 167 355; x_wconf 90' lang='lat' dir='ltr'>rum,</span> <span class='ocrx_word' id='word_1_18' title='bbox 190 309 233 344; x_wconf 89' lang='lat' dir='ltr'>et</span> <span class='ocrx_word' id='word_1_19' title='bbox 251 303 457 344; x_wconf 87' lang='lat' dir='ltr'>varietate</span> <span class='ocrx_word' id='word_1_20' title='bbox 490 300 720 352; x_wconf 82' lang='lat' dir='ltr'>fructuum,</span> <span class='ocrx_word' id='word_1_21' title='bbox 743 306 785 341; x_wconf 87' lang='lat' dir='ltr'>et</span> <span class='ocrx_word' id='word_1_22' title='bbox 805 299 1103 356; x_wconf 81' lang='lat' dir='ltr'>magnitudine</span> <span class='ocrx_word' id='word_1_23' title='bbox 1123 299 1348 356; x_wconf 88' lang='lat' dir='ltr'>pastionis,</span> <span class='ocrx_word' id='word_1_24' title='bbox 1373 305 1416 340; x_wconf 90' lang='lat' dir='ltr'>et</span> <span class='ocrx_word' id='word_1_25' title='bbox 1434 298 1624 339; x_wconf 86' lang='lat' dir='ltr'>multitu-</span> 
     </span>
     <span class='ocr_line' id='line_1_4' title="bbox 15 354 1626 413; baseline -0.004 -11"><span class='ocrx_word' id='word_1_26' title='bbox 15 358 42 396; x_wconf 85' lang='lat'>5</span> <span class='ocrx_word' id='word_1_27' title='bbox 61 361 159 402; x_wconf 88' lang='lat' dir='ltr'>dine</span> <span class='ocrx_word' id='word_1_28' title='bbox 181 375 325 402; x_wconf 89' lang='lat' dir='ltr'>earum</span> <span class='ocrx_word' id='word_1_29' title='bbox 353 371 491 399; x_wconf 90' lang='lat' dir='ltr'>rerum</span> <span class='ocrx_word' id='word_1_30' title='bbox 526 372 620 413; x_wconf 86' lang='lat' dir='ltr'>quae</span> <span class='ocrx_word' id='word_1_31' title='bbox 656 362 949 413; x_wconf 81' lang='lat' dir='ltr'><strong>exportantur,</strong></span> <span class='ocrx_word' id='word_1_32' title='bbox 972 355 1097 398; x_wconf 74' lang='lat' dir='ltr'>facile</span> <span class='ocrx_word' id='word_1_33' title='bbox 1129 357 1328 398; x_wconf 86' lang='lat' dir='ltr'>omnibus</span> <span class='ocrx_word' id='word_1_34' title='bbox 1352 354 1475 397; x_wconf 86' lang='lat' dir='ltr'>terris</span> <span class='ocrx_word' id='word_1_35' title='bbox 1505 361 1626 396; x_wconf 89' lang='lat' dir='ltr'>ante-</span> 
     </span>
     <span class='ocr_line' id='line_1_5' title="bbox 62 410 1627 471; baseline -0.005 -12"><span class='ocrx_word' id='word_1_36' title='bbox 62 418 203 459; x_wconf 89' lang='lat' dir='ltr'>cellat.</span> <span class='ocrx_word' id='word_1_37' title='bbox 264 416 416 471; x_wconf 86' lang='lat' dir='ltr'>Itaque</span> <span class='ocrx_word' id='word_1_38' title='bbox 443 414 536 454; x_wconf 84' lang='lat' dir='ltr'>haec</span> <span class='ocrx_word' id='word_1_39' title='bbox 568 413 691 454; x_wconf 89' lang='lat' dir='ltr'>vobis</span> <span class='ocrx_word' id='word_1_40' title='bbox 724 413 961 468; x_wconf 87' lang='lat' dir='ltr'>provincia,</span> <span class='ocrx_word' id='word_1_41' title='bbox 984 413 1190 464; x_wconf 83' lang='lat' dir='ltr'><strong>Quirites,</strong></span> <span class='ocrx_word' id='word_1_42' title='bbox 1212 414 1247 453; x_wconf 89' lang='lat' dir='ltr'>si</span> <span class='ocrx_word' id='word_1_43' title='bbox 1268 414 1323 454; x_wconf 89' lang='lat' dir='ltr'>ad</span> <span class='ocrx_word' id='word_1_44' title='bbox 1344 411 1447 453; x_wconf 92' lang='lat' dir='ltr'>belli</span> <span class='ocrx_word' id='word_1_45' title='bbox 1468 410 1627 452; x_wconf 88' lang='lat' dir='ltr'>utilita-</span> 
     </span>
     <span class='ocr_line' id='line_1_6' title="bbox 63 468 1626 530; baseline -0.006 -14"><span class='ocrx_word' id='word_1_46' title='bbox 63 482 150 516; x_wconf 87' lang='lat' dir='ltr'>tem</span> <span class='ocrx_word' id='word_1_47' title='bbox 172 480 216 515; x_wconf 81' lang='lat' dir='ltr'>et</span> <span class='ocrx_word' id='word_1_48' title='bbox 233 473 352 530; x_wconf 87' lang='lat' dir='ltr'>pacis</span> <span class='ocrx_word' id='word_1_49' title='bbox 382 470 638 527; x_wconf 79' lang='lat' dir='ltr'>dignitatem</span> <span class='ocrx_word' id='word_1_50' title='bbox 673 470 855 510; x_wconf 86' lang='lat' dir='ltr'>retinere</span> <span class='ocrx_word' id='word_1_51' title='bbox 888 469 1034 520; x_wconf 87' lang='lat' dir='ltr'>vultis,</span> <span class='ocrx_word' id='word_1_52' title='bbox 1056 484 1143 510; x_wconf 86' lang='lat' dir='ltr'>non</span> <span class='ocrx_word' id='word_1_53' title='bbox 1172 469 1301 511; x_wconf 71' lang='lat' dir='ltr'>modo</span> <span class='ocrx_word' id='word_1_54' title='bbox 1321 468 1346 510; x_wconf 75' lang='lat' dir='ltr'>a</span> <span class='ocrx_word' id='word_1_55' title='bbox 1367 468 1626 518; x_wconf 79' lang='lat' dir='ltr'>calamitate,</span> 
     </span>
     <span class='ocr_line' id='line_1_7' title="bbox 65 524 1628 577; baseline -0.005 -5"><span class='ocrx_word' id='word_1_56' title='bbox 65 531 142 572; x_wconf 88' lang='lat' dir='ltr'>sed</span> <span class='ocrx_word' id='word_1_57' title='bbox 165 531 294 571; x_wconf 90' lang='lat' dir='ltr'>etiam</span> <span class='ocrx_word' id='word_1_58' title='bbox 320 531 344 569; x_wconf 77' lang='lat' dir='ltr'>a</span> <span class='ocrx_word' id='word_1_59' title='bbox 364 535 482 569; x_wconf 89' lang='lat' dir='ltr'>metu</span> <span class='ocrx_word' id='word_1_60' title='bbox 515 526 790 577; x_wconf 82' lang='lat' dir='ltr'>calamitatis,</span> <span class='ocrx_word' id='word_1_61' title='bbox 814 533 879 566; x_wconf 87' lang='lat' dir='ltr'>est</span> <span class='ocrx_word' id='word_1_62' title='bbox 900 525 1186 566; x_wconf 85' lang='lat' dir='ltr'>defendenda.</span> <span class='ocrx_word' id='word_1_63' title='bbox 1249 526 1375 577; x_wconf 85' lang='lat' dir='ltr'>Nam,</span> <span class='ocrx_word' id='word_1_64' title='bbox 1398 524 1560 567; x_wconf 83' lang='lat' dir='ltr'>caeteris</span> <span class='ocrx_word' id='word_1_65' title='bbox 1584 524 1628 564; x_wconf 87' lang='lat' dir='ltr'>in</span> 
     </span>
     <span class='ocr_line' id='line_1_8' title="bbox 66 580 1629 639; baseline -0.006 -10"><span class='ocrx_word' id='word_1_66' title='bbox 66 589 207 639; x_wconf 90' lang='lat' dir='ltr'>rebus,</span> <span class='ocrx_word' id='word_1_67' title='bbox 237 586 333 628; x_wconf 72' lang='lat' dir='ltr'>cum</span> <span class='ocrx_word' id='word_1_68' title='bbox 366 584 484 626; x_wconf 86' lang='lat' dir='ltr'>venit</span> <span class='ocrx_word' id='word_1_69' title='bbox 518 583 754 634; x_wconf 79' lang='lat' dir='ltr'>calamitas,</span> <span class='ocrx_word' id='word_1_70' title='bbox 786 589 875 623; x_wconf 86' lang='lat' dir='ltr'>tum</span> <span class='ocrx_word' id='word_1_71' title='bbox 907 582 1212 623; x_wconf 82' lang='lat' dir='ltr'>detrimentum</span> <span class='ocrx_word' id='word_1_72' title='bbox 1243 582 1471 639; x_wconf 83' lang='lat' dir='ltr'>accipitur:</span> <span class='ocrx_word' id='word_1_73' title='bbox 1505 588 1561 631; x_wconf 86' lang='lat' dir='ltr'>at,</span> <span class='ocrx_word' id='word_1_74' title='bbox 1584 580 1629 621; x_wconf 89' lang='lat' dir='ltr'>in</span> 
     </span>
     <span class='ocr_line' id='line_1_9' title="bbox 0 636 1632 699; baseline -0.004 -13"><span class='ocrx_word' id='word_1_75' title='bbox 0 641 49 681; x_wconf 88' lang='lat' dir='ltr'>lO</span> <span class='ocrx_word' id='word_1_76' title='bbox 69 643 368 699; x_wconf 80' lang='lat' dir='ltr'>vectigalibus,</span> <span class='ocrx_word' id='word_1_77' title='bbox 382 657 469 683; x_wconf 90' lang='lat' dir='ltr'>non</span> <span class='ocrx_word' id='word_1_78' title='bbox 484 641 619 682; x_wconf 75' lang='lat' dir='ltr'>solum</span> <span class='ocrx_word' id='word_1_79' title='bbox 636 641 845 681; x_wconf 87' lang='lat' dir='ltr'>adventus</span> <span class='ocrx_word' id='word_1_80' title='bbox 862 638 977 690; x_wconf 89' lang='lat' dir='ltr'>mali,</span> <span class='ocrx_word' id='word_1_81' title='bbox 992 640 1068 680; x_wconf 87' lang='lat' dir='ltr'>sed</span> <span class='ocrx_word' id='word_1_82' title='bbox 1086 639 1215 680; x_wconf 86' lang='lat' dir='ltr'>etiarn</span> <span class='ocrx_word' id='word_1_83' title='bbox 1231 644 1371 680; x_wconf 88' lang='lat' dir='ltr'>metus</span> <span class='ocrx_word' id='word_1_84' title='bbox 1387 640 1494 695; x_wconf 85' lang='lat' dir='ltr'>ipse,</span> <span class='ocrx_word' id='word_1_85' title='bbox 1510 636 1632 679; x_wconf 80' lang='lat' dir='ltr'>affert</span> 
     </span>
     <span class='ocr_line' id='line_1_10' title="bbox 70 693 1631 753; baseline -0.006 -10"><span class='ocrx_word' id='word_1_86' title='bbox 70 701 373 743; x_wconf 85' lang='lat' dir='ltr'>calamitatem.</span> <span class='ocrx_word' id='word_1_87' title='bbox 422 698 547 747; x_wconf 89' lang='lat' dir='ltr'>Nam,</span> <span class='ocrx_word' id='word_1_88' title='bbox 559 697 656 739; x_wconf 71' lang='lat' dir='ltr'>cum</span> <span class='ocrx_word' id='word_1_89' title='bbox 671 697 858 738; x_wconf 87' lang='lat' dir='ltr'>hostium</span> <span class='ocrx_word' id='word_1_90' title='bbox 872 696 1010 753; x_wconf 87' lang='lat' dir='ltr'>copiae</span> <span class='ocrx_word' id='word_1_91' title='bbox 1027 710 1113 737; x_wconf 89' lang='lat' dir='ltr'>non</span> <span class='ocrx_word' id='word_1_92' title='bbox 1125 696 1255 752; x_wconf 76' lang='lat' dir='ltr'>longe</span> <span class='ocrx_word' id='word_1_93' title='bbox 1273 697 1445 747; x_wconf 87' lang='lat' dir='ltr'>absunt,</span> <span class='ocrx_word' id='word_1_94' title='bbox 1462 693 1631 736; x_wconf 85' lang='lat' dir='ltr'>etiamsi</span> 
     </span>
     <span class='ocr_line' id='line_1_11' title="bbox 68 751 1635 814; baseline -0.005 -15"><span class='ocrx_word' id='word_1_95' title='bbox 68 758 249 814; x_wconf 89' lang='lat' dir='ltr'>irruptio</span> <span class='ocrx_word' id='word_1_96' title='bbox 268 757 383 798; x_wconf 88' lang='lat' dir='ltr'>sacta</span> <span class='ocrx_word' id='word_1_97' title='bbox 402 756 517 796; x_wconf 89' lang='lat' dir='ltr'>nulla</span> <span class='ocrx_word' id='word_1_98' title='bbox 533 755 602 806; x_wconf 88' lang='lat' dir='ltr'>sit,</span> <span class='ocrx_word' id='word_1_99' title='bbox 620 761 762 796; x_wconf 86' lang='lat' dir='ltr'>tamen</span> <span class='ocrx_word' id='word_1_100' title='bbox 782 769 940 810; x_wconf 87' lang='lat' dir='ltr'>pecora</span> <span class='ocrx_word' id='word_1_101' title='bbox 958 753 1270 810; x_wconf 88' lang='lat' dir='ltr'>relinquuntur,</span> <span class='ocrx_word' id='word_1_102' title='bbox 1285 752 1546 809; x_wconf 76' lang='lat' dir='ltr'>agricultura</span> <span class='ocrx_word' id='word_1_103' title='bbox 1561 751 1635 792; x_wconf 91' lang='lat' dir='ltr'>de-</span> 
     </span>
     <span class='ocr_line' id='line_1_12' title="bbox 72 810 1633 867; baseline -0.004 -11"><span class='ocrx_word' id='word_1_104' title='bbox 72 815 241 866; x_wconf 87' lang='lat' dir='ltr'>seritur,</span> <span class='ocrx_word' id='word_1_105' title='bbox 262 819 545 855; x_wconf 88' lang='lat' dir='ltr'>mercatorum</span> <span class='ocrx_word' id='word_1_106' title='bbox 576 811 794 867; x_wconf 83' lang='lat' dir='ltr'>navigatio</span> <span class='ocrx_word' id='word_1_107' title='bbox 825 810 1111 867; x_wconf 84' lang='lat' dir='ltr'>conquiescit.</span> <span class='ocrx_word' id='word_1_108' title='bbox 1172 810 1238 850; x_wconf 87' lang='lat' dir='ltr'>Ita</span> <span class='ocrx_word' id='word_1_109' title='bbox 1259 824 1399 865; x_wconf 88' lang='lat' dir='ltr'>neque</span> <span class='ocrx_word' id='word_1_110' title='bbox 1421 823 1474 850; x_wconf 83' lang='lat' dir='ltr'>ex</span> <span class='ocrx_word' id='word_1_111' title='bbox 1494 814 1633 865; x_wconf 75' lang='lat' dir='ltr'>porta,</span> 
     </span>
     <span class='ocr_line' id='line_1_13' title="bbox 71 865 1637 927; baseline -0.006 -14"><span class='ocrx_word' id='word_1_112' title='bbox 71 887 212 927; x_wconf 89' lang='lat' dir='ltr'>neque</span> <span class='ocrx_word' id='word_1_113' title='bbox 247 885 300 912; x_wconf 89' lang='lat' dir='ltr'>ex</span> <span class='ocrx_word' id='word_1_114' title='bbox 330 869 538 921; x_wconf 77' lang='lat' dir='ltr'>decumis,</span> <span class='ocrx_word' id='word_1_115' title='bbox 558 883 698 925; x_wconf 88' lang='lat' dir='ltr'>neque</span> <span class='ocrx_word' id='word_1_116' title='bbox 731 883 784 909; x_wconf 86' lang='lat' dir='ltr'>ex</span> <span class='ocrx_word' id='word_1_117' title='bbox 820 868 1046 923; x_wconf 64' lang='lat' dir='ltr'>scriptura,</span> <span class='ocrx_word' id='word_1_118' title='bbox 1068 867 1254 923; x_wconf 83' lang='lat' dir='ltr'>vectigal</span> <span class='ocrx_word' id='word_1_119' title='bbox 1286 865 1526 908; x_wconf 87' lang='lat' dir='ltr'>conservari</span> <span class='ocrx_word' id='word_1_120' title='bbox 1559 879 1637 921; x_wconf 86' lang='lat' dir='ltr'>po-</span> 
     </span>
     <span class='ocr_line' id='line_1_14' title="bbox 2 923 1636 984; baseline -0.002 -18"><span class='ocrx_word' id='word_1_121' title='bbox 2 925 55 966; x_wconf 79' lang='lat'>15</span> <span class='ocrx_word' id='word_1_122' title='bbox 73 935 184 980; x_wconf 80' lang='lat' dir='ltr'>test3</span> <span class='ocrx_word' id='word_1_123' title='bbox 215 928 347 984; x_wconf 75' lang='lat' dir='ltr'>quare</span> <span class='ocrx_word' id='word_1_124' title='bbox 376 925 489 982; x_wconf 78' lang='lat' dir='ltr'>saepe</span> <span class='ocrx_word' id='word_1_125' title='bbox 514 926 645 966; x_wconf 88' lang='lat' dir='ltr'>totius</span> <span class='ocrx_word' id='word_1_126' title='bbox 679 924 779 967; x_wconf 88' lang='lat' dir='ltr'>anni</span> <span class='ocrx_word' id='word_1_127' title='bbox 814 925 976 966; x_wconf 86' lang='lat' dir='ltr'>fructus</span> <span class='ocrx_word' id='word_1_128' title='bbox 998 939 1084 965; x_wconf 91' lang='lat' dir='ltr'>uno</span> <span class='ocrx_word' id='word_1_129' title='bbox 1106 939 1271 965; x_wconf 87' lang='lat' dir='ltr'>rumore</span> <span class='ocrx_word' id='word_1_130' title='bbox 1290 923 1484 979; x_wconf 90' lang='lat' dir='ltr'>periculi,</span> <span class='ocrx_word' id='word_1_131' title='bbox 1506 928 1636 984; x_wconf 82' lang='lat' dir='ltr'>atque</span> 
     </span>
    </p>
   </div>
   <div class='ocr_carea' id='block_1_3' title="bbox 5 979 1642 1266">
    <p class='ocr_par' dir='ltr' id='par_1_3' title="bbox 5 979 1642 1266">
     <span class='ocr_line' id='line_1_15' title="bbox 74 979 1638 1034; baseline -0.005 -7"><span class='ocrx_word' id='word_1_132' title='bbox 74 999 161 1027; x_wconf 89' lang='lat' dir='ltr'>uno</span> <span class='ocrx_word' id='word_1_133' title='bbox 178 984 282 1025; x_wconf 91' lang='lat' dir='ltr'>belli</span> <span class='ocrx_word' id='word_1_134' title='bbox 304 991 475 1034; x_wconf 88' lang='lat' dir='ltr'>terrore,</span> <span class='ocrx_word' id='word_1_135' title='bbox 495 982 763 1025; x_wconf 63' lang='lat' dir='ltr'>amittitur.,„..&#39;‘·›</span> <span class='ocrx_word' id='word_1_136' title='bbox 777 982 876 1029; x_wconf 85' lang='lat' dir='ltr'>Quo</span> <span class='ocrx_word' id='word_1_137' title='bbox 898 981 1072 1022; x_wconf 90' lang='lat' dir='ltr'>tandem</span> <span class='ocrx_word' id='word_1_138' title='bbox 1094 980 1236 1022; x_wconf 88' lang='lat' dir='ltr'>animo</span> <span class='ocrx_word' id='word_1_139' title='bbox 1254 995 1347 1022; x_wconf 90' lang='lat' dir='ltr'>esse</span> <span class='ocrx_word' id='word_1_140' title='bbox 1366 979 1638 1027; x_wconf 75' lang='lat' dir='ltr'>existimaus,</span> 
     </span>
     <span class='ocr_line' id='line_1_16' title="bbox 76 1037 1640 1096; baseline -0.004 -13"><span class='ocrx_word' id='word_1_141' title='bbox 76 1048 151 1083; x_wconf 91' lang='lat' dir='ltr'>aut</span> <span class='ocrx_word' id='word_1_142' title='bbox 172 1056 246 1082; x_wconf 90' lang='lat' dir='ltr'>eos</span> <span class='ocrx_word' id='word_1_143' title='bbox 267 1040 339 1096; x_wconf 90' lang='lat' dir='ltr'>qui</span> <span class='ocrx_word' id='word_1_144' title='bbox 361 1039 590 1095; x_wconf 79' lang='lat' dir='ltr'>vectigalia</span> <span class='ocrx_word' id='word_1_145' title='bbox 616 1038 740 1080; x_wconf 89' lang='lat' dir='ltr'>vobis</span> <span class='ocrx_word' id='word_1_146' title='bbox 761 1037 1020 1094; x_wconf 81' lang='lat' dir='ltr'>bpensitant,</span> <span class='ocrx_word' id='word_1_147' title='bbox 1042 1045 1117 1080; x_wconf 84' lang='lat' dir='ltr'>aut</span> <span class='ocrx_word' id='word_1_148' title='bbox 1149 1052 1223 1078; x_wconf 89' lang='lat' dir='ltr'>eos</span> <span class='ocrx_word' id='word_1_149' title='bbox 1260 1037 1330 1093; x_wconf 89' lang='lat' dir='ltr'>qui</span> <span class='ocrx_word' id='word_1_150' title='bbox 1353 1042 1557 1078; x_wconf 84' lang='lat' dir='ltr'>exercent</span> <span class='ocrx_word' id='word_1_151' title='bbox 1577 1040 1640 1076; x_wconf 86' lang='lat' dir='ltr'>at-</span> 
     </span>
     <span class='ocr_line' id='line_1_17' title="bbox 77 1091 1641 1154; baseline -0.004 -16"><span class='ocrx_word' id='word_1_152' title='bbox 77 1113 160 1154; x_wconf 89' lang='lat' dir='ltr'>que</span> <span class='ocrx_word' id='word_1_153' title='bbox 193 1098 386 1153; x_wconf 82' lang='lat' dir='ltr'>exigunt,</span> <span class='ocrx_word' id='word_1_154' title='bbox 408 1095 505 1137; x_wconf 69' lang='lat' dir='ltr'>cum</span> <span class='ocrx_word' id='word_1_155' title='bbox 526 1096 612 1136; x_wconf 88' lang='lat' dir='ltr'>duo</span> <span class='ocrx_word' id='word_1_156' title='bbox 633 1109 756 1150; x_wconf 84' lang='lat' dir='ltr'>reges</span> <span class='ocrx_word' id='word_1_157' title='bbox 783 1110 882 1136; x_wconf 89' lang='lat' dir='ltr'>cum</span> <span class='ocrx_word' id='word_1_158' title='bbox 917 1094 1112 1135; x_wconf 83' lang='lat' dir='ltr'>maximis</span> <span class='ocrx_word' id='word_1_159' title='bbox 1142 1094 1278 1149; x_wconf 88' lang='lat' dir='ltr'>copiis</span> <span class='ocrx_word' id='word_1_160' title='bbox 1313 1092 1446 1149; x_wconf 72' lang='lat' dir='ltr'>prope</span> <span class='ocrx_word' id='word_1_161' title='bbox 1468 1091 1641 1133; x_wconf 72' lang='lat' dir='ltr'>adsint?</span> 
     </span>
     <span class='ocr_line' id='line_1_18' title="bbox 78 1147 1642 1207; baseline -0.004 -12"><span class='ocrx_word' id='word_1_162' title='bbox 78 1154 176 1196; x_wconf 73' lang='lat' dir='ltr'>cum</span> <span class='ocrx_word' id='word_1_163' title='bbox 197 1169 283 1195; x_wconf 89' lang='lat' dir='ltr'>una</span> <span class='ocrx_word' id='word_1_164' title='bbox 303 1152 499 1193; x_wconf 84' lang='lat' dir='ltr'>excursio</span> <span class='ocrx_word' id='word_1_165' title='bbox 522 1152 739 1207; x_wconf 65' lang='lat' dir='ltr'>equitatus</span> <span class='ocrx_word' id='word_1_166' title='bbox 761 1151 955 1207; x_wconf 88' lang='lat' dir='ltr'>perbrevi</span> <span class='ocrx_word' id='word_1_167' title='bbox 976 1158 1166 1207; x_wconf 85' lang='lat' dir='ltr'>tempore</span> <span class='ocrx_word' id='word_1_168' title='bbox 1188 1150 1320 1191; x_wconf 85' lang='lat' dir='ltr'>totius</span> <span class='ocrx_word' id='word_1_169' title='bbox 1337 1149 1438 1190; x_wconf 88' lang='lat' dir='ltr'>anni</span> <span class='ocrx_word' id='word_1_170' title='bbox 1456 1147 1642 1205; x_wconf 80' lang='lat' dir='ltr'>vectigal</span> 
     </span>
     <span class='ocr_line' id='line_1_19' title="bbox 5 1204 1642 1266; baseline -0.002 -17"><span class='ocrx_word' id='word_1_171' title='bbox 5 1210 60 1249; x_wconf 78' lang='lat'>20</span> <span class='ocrx_word' id='word_1_172' title='bbox 79 1211 242 1253; x_wconf 88' lang='lat' dir='ltr'>auferre</span> <span class='ocrx_word' id='word_1_173' title='bbox 269 1209 434 1266; x_wconf 81' lang='lat' dir='ltr'>possit?</span> <span class='ocrx_word' id='word_1_174' title='bbox 466 1207 563 1249; x_wconf 74' lang='lat' dir='ltr'>curn</span> <span class='ocrx_word' id='word_1_175' title='bbox 585 1207 801 1265; x_wconf 87' lang='lat' dir='ltr'>publicani</span> <span class='ocrx_word' id='word_1_176' title='bbox 838 1207 1023 1248; x_wconf 85' lang='lat' dir='ltr'>familias</span> <span class='ocrx_word' id='word_1_177' title='bbox 1057 1207 1278 1258; x_wconf 85' lang='lat' dir='ltr'>maximas,</span> <span class='ocrx_word' id='word_1_178' title='bbox 1301 1221 1408 1263; x_wconf 87' lang='lat' dir='ltr'>quas</span> <span class='ocrx_word' id='word_1_179' title='bbox 1430 1206 1474 1247; x_wconf 89' lang='lat' dir='ltr'>in</span> <span class='ocrx_word' id='word_1_180' title='bbox 1495 1204 1642 1247; x_wconf 87' lang='lat' dir='ltr'>salinis</span> 
     </span>
    </p>
   </div>
   <div class='ocr_carea' id='block_1_4' title="bbox 78 1264 1645 1382">
    <p class='ocr_par' dir='ltr' id='par_1_4' title="bbox 78 1264 1645 1382">
     <span class='ocr_line' id='line_1_20' title="bbox 78 1264 1643 1323; baseline -0.004 -14"><span class='ocrx_word' id='word_1_181' title='bbox 78 1268 252 1318; x_wconf 85' lang='lat' dir='ltr'>habent,</span> <span class='ocrx_word' id='word_1_182' title='bbox 277 1281 383 1323; x_wconf 89' lang='lat' dir='ltr'>quas</span> <span class='ocrx_word' id='word_1_183' title='bbox 406 1266 449 1305; x_wconf 89' lang='lat' dir='ltr'>in</span> <span class='ocrx_word' id='word_1_184' title='bbox 472 1280 601 1320; x_wconf 75' lang='lat' dir='ltr'>agris,</span> <span class='ocrx_word' id='word_1_185' title='bbox 623 1280 729 1320; x_wconf 87' lang='lat' dir='ltr'>quas</span> <span class='ocrx_word' id='word_1_186' title='bbox 759 1264 804 1304; x_wconf 89' lang='lat' dir='ltr'>in</span> <span class='ocrx_word' id='word_1_187' title='bbox 836 1265 1044 1319; x_wconf 85' lang='lat' dir='ltr'>portubus</span> <span class='ocrx_word' id='word_1_188' title='bbox 1081 1270 1208 1320; x_wconf 87' lang='lat' dir='ltr'>atque</span> <span class='ocrx_word' id='word_1_189' title='bbox 1242 1264 1466 1314; x_wconf 87' lang='lat' dir='ltr'>custodiis,</span> <span class='ocrx_word' id='word_1_190' title='bbox 1487 1276 1643 1318; x_wconf 82' lang='lat' dir='ltr'>magno</span> 
     </span>
     <span class='ocr_line' id='line_1_21' title="bbox 79 1318 1645 1382; baseline -0.005 -16"><span class='ocrx_word' id='word_1_191' title='bbox 79 1325 268 1382; x_wconf 86' lang='lat' dir='ltr'>periculo</span> <span class='ocrx_word' id='word_1_192' title='bbox 302 1338 346 1364; x_wconf 88' lang='lat' dir='ltr'>se</span> <span class='ocrx_word' id='word_1_193' title='bbox 380 1323 536 1363; x_wconf 88' lang='lat' dir='ltr'>habere</span> <span class='ocrx_word' id='word_1_194' title='bbox 566 1322 852 1363; x_wconf 81' lang='lat' dir='ltr'>arbitrentur?</span> <span class='ocrx_word' id='word_1_195' title='bbox 913 1321 1158 1362; x_wconf 89' lang='lat' dir='ltr'>Putatis-ne</span> <span class='ocrx_word' id='word_1_196' title='bbox 1191 1335 1266 1361; x_wconf 90' lang='lat' dir='ltr'>vos</span> <span class='ocrx_word' id='word_1_197' title='bbox 1288 1320 1374 1361; x_wconf 88' lang='lat' dir='ltr'>illis</span> <span class='ocrx_word' id='word_1_198' title='bbox 1395 1321 1521 1362; x_wconf 87' lang='lat' dir='ltr'>rebus</span> <span class='ocrx_word' id='word_1_199' title='bbox 1542 1318 1645 1360; x_wconf 85' lang='lat' dir='ltr'>cfrui</span> 
     </span>
    </p>
   </div>
   <div class='ocr_carea' id='block_1_5' title="bbox 82 1377 1648 1438">
    <p class='ocr_par' dir='ltr' id='par_1_5' title="bbox 82 1377 1648 1438">
     <span class='ocr_line' id='line_1_22' title="bbox 82 1377 1648 1438; baseline -0.004 -15"><span class='ocrx_word' id='word_1_200' title='bbox 82 1396 225 1438; x_wconf 86' lang='lat' dir='ltr'>posse,</span> <span class='ocrx_word' id='word_1_201' title='bbox 247 1380 331 1421; x_wconf 83' lang='lat' dir='ltr'>nisi</span> <span class='ocrx_word' id='word_1_202' title='bbox 368 1394 457 1431; x_wconf 87' lang='lat' dir='ltr'>eos,</span> <span class='ocrx_word' id='word_1_203' title='bbox 480 1378 554 1435; x_wconf 86' lang='lat' dir='ltr'>qui</span> <span class='ocrx_word' id='word_1_204' title='bbox 589 1378 710 1420; x_wconf 92' lang='lat' dir='ltr'>vobis</span> <span class='ocrx_word' id='word_1_205' title='bbox 744 1378 900 1420; x_wconf 85' lang='lat' dir='ltr'>fructui</span> <span class='ocrx_word' id='word_1_206' title='bbox 936 1385 1051 1430; x_wconf 87' lang='lat' dir='ltr'>sunt,</span> <span class='ocrx_word' id='word_1_207' title='bbox 1079 1377 1445 1429; x_wconf 87' lang='lat' dir='ltr'>conservaveritis,</span> <span class='ocrx_word' id='word_1_208' title='bbox 1467 1391 1554 1418; x_wconf 90' lang='lat' dir='ltr'>non</span> <span class='ocrx_word' id='word_1_209' title='bbox 1578 1390 1648 1417; x_wconf 80' lang='lat' dir='ltr'>so-</span> 
     </span>
    </p>
   </div>
   <div class='ocr_carea' id='block_1_6' title="bbox 10 1433 1646 1538">
    <p class='ocr_par' dir='ltr' id='par_1_6' title="bbox 10 1433 1646 1538">
     <span class='ocr_line' id='line_1_23' title="bbox 10 1433 1646 1538; baseline -0.004 -58"><span class='ocrx_word' id='word_1_210' title='bbox 10 1495 66 1535; x_wconf 73' lang='lat'>25</span> <span class='ocrx_word' id='word_1_211' title='bbox 81 1438 172 1538; x_wconf 49' lang='lat' dir='ltr'>{ubm</span> <span class='ocrx_word' id='word_1_212' title='bbox 200 1442 265 1494; x_wconf 90' lang='lat' dir='ltr'>(ut</span> <span class='ocrx_word' id='word_1_213' title='bbox 298 1435 398 1524; x_wconf 52' lang='lat' dir='ltr'>ante</span> <span class='ocrx_word' id='word_1_214' title='bbox 419 1436 527 1488; x_wconf 87' lang='lat' dir='ltr'>dixi)</span> <span class='ocrx_word' id='word_1_215' title='bbox 559 1435 819 1487; x_wconf 86' lang='lat' dir='ltr'>calamitate,</span> <span class='ocrx_word' id='word_1_216' title='bbox 839 1435 916 1478; x_wconf 86' lang='lat' dir='ltr'>sed.</span> <span class='ocrx_word' id='word_1_217' title='bbox 952 1435 1083 1477; x_wconf 88' lang='lat' dir='ltr'>etiam</span> <span class='ocrx_word' id='word_1_218' title='bbox 1116 1434 1372 1477; x_wconf 87' lang='lat' dir='ltr'>calamitatis</span> <span class='ocrx_word' id='word_1_219' title='bbox 1405 1433 1646 1485; x_wconf 85' lang='lat' dir='ltr'>formidine,</span> 
     </span>
     <span class='ocr_line' id='line_1_24' title="bbox 102 1495 311 1537; baseline -0.003 -1"><span class='ocrx_word' id='word_1_220' title='bbox 102 1495 114 1536; x_wconf 90' lang='lat' dir='ltr'>i</span> <span class='ocrx_word' id='word_1_221' title='bbox 148 1501 311 1537; x_wconf 79' lang='lat' dir='ltr'>eratos.</span> 
     </span>
    </p>
   </div>
   <div class='ocr_carea' id='block_1_7' title="bbox 367 1607 1362 1663">
    <p class='ocr_par' dir='ltr' id='par_1_7' title="bbox 367 1607 1362 1663">
     <span class='ocr_line' id='line_1_25' title="bbox 367 1607 1362 1663; baseline 0.001 -15"><span class='ocrx_word' id='word_1_222' title='bbox 367 1607 468 1661; x_wconf 73' lang='lat' dir='ltr'>bqui</span> <span class='ocrx_word' id='word_1_223' title='bbox 487 1609 672 1649; x_wconf 72' lang='lat' dir='ltr'>solvunt.</span> <span class='ocrx_word' id='word_1_224' title='bbox 963 1613 978 1631; x_wconf 77' lang='lat'>⁴²</span> <span class='ocrx_word' id='word_1_225' title='bbox 974 1608 1182 1663; x_wconf 72' lang='lat' dir='ltr'>fructum</span> <span class='ocrx_word' id='word_1_226' title='bbox 1201 1621 1362 1662; x_wconf 73' lang='lat' dir='ltr'>capere.</span> 
     </span>
    </p>
   </div>
   <div class='ocr_carea' id='block_1_8' title="bbox 87 1730 1663 2591">
    <p class='ocr_par' dir='ltr' id='par_1_8' title="bbox 87 1730 1654 1863">
     <span class='ocr_line' id='line_1_26' title="bbox 131 1730 1619 1774; baseline -0.001 -9"><span class='ocrx_word' id='word_1_227' title='bbox 131 1738 161 1766; x_wconf 82' lang='lat'>3.</span> <span class='ocrx_word' id='word_1_228' title='bbox 189 1733 326 1764; x_wconf 80' lang='lat' dir='ltr'>Ubertate</span> <span class='ocrx_word' id='word_1_229' title='bbox 354 1730 519 1774; x_wconf 80' lang='lat' dir='ltr'>agrorum-J</span> <span class='ocrx_word' id='word_1_230' title='bbox 579 1731 651 1763; x_wconf 85' lang='lat' dir='ltr'>Tria</span> <span class='ocrx_word' id='word_1_231' title='bbox 679 1735 751 1762; x_wconf 86' lang='lat' dir='ltr'>suut</span> <span class='ocrx_word' id='word_1_232' title='bbox 779 1742 851 1763; x_wconf 89' lang='lat' dir='ltr'>vec·</span> <span class='ocrx_word' id='word_1_233' title='bbox 893 1737 969 1763; x_wconf 81' lang='lat' dir='ltr'>turae</span> <span class='ocrx_word' id='word_1_234' title='bbox 992 1732 1185 1770; x_wconf 82' lang='lat' dir='ltr'>dicebantur,</span> <span class='ocrx_word' id='word_1_235' title='bbox 1206 1733 1290 1764; x_wconf 86' lang='lat' dir='ltr'>unde</span> <span class='ocrx_word' id='word_1_236' title='bbox 1312 1731 1512 1774; x_wconf 83' lang='lat' dir='ltr'>scriptuarius</span> <span class='ocrx_word' id='word_1_237' title='bbox 1533 1742 1619 1773; x_wconf 77' lang='lat' dir='ltr'>ager·</span> 
     </span>
     <span class='ocr_line' id='line_1_27' title="bbox 87 1775 1654 1819; baseline -0.003 -10"><span class='ocrx_word' id='word_1_238' title='bbox 87 1778 228 1819; x_wconf 83' lang='lat' dir='ltr'>tigalium</span> <span class='ocrx_word' id='word_1_239' title='bbox 241 1787 367 1818; x_wconf 82' lang='lat' dir='ltr'>genera,</span> <span class='ocrx_word' id='word_1_240' title='bbox 380 1787 416 1806; x_wconf 84' lang='lat' dir='ltr'>ex</span> <span class='ocrx_word' id='word_1_241' title='bbox 432 1775 543 1817; x_wconf 88' lang='lat' dir='ltr'>quibus</span> <span class='ocrx_word' id='word_1_242' title='bbox 560 1786 687 1816; x_wconf 85' lang='lat' dir='ltr'>magnas</span> <span class='ocrx_word' id='word_1_243' title='bbox 698 1786 774 1817; x_wconf 89' lang='lat' dir='ltr'>opes</span> <span class='ocrx_word' id='word_1_244' title='bbox 787 1775 851 1806; x_wconf 87' lang='lat' dir='ltr'>col·</span> <span class='ocrx_word' id='word_1_245' title='bbox 939 1779 991 1806; x_wconf 72' lang='lat'>20.</span> <span class='ocrx_word' id='word_1_246' title='bbox 1026 1776 1065 1807; x_wconf 81' lang='lat' dir='ltr'>In</span> <span class='ocrx_word' id='word_1_247' title='bbox 1086 1777 1186 1808; x_wconf 76' lang='lat' dir='ltr'>salinis</span> <span class='ocrx_word' id='word_1_248' title='bbox 1211 1777 1340 1818; x_wconf 77' lang='lat' dir='ltr'>habent-J</span> <span class='ocrx_word' id='word_1_249' title='bbox 1384 1775 1483 1806; x_wconf 77' lang='lat' dir='ltr'>Multi</span> <span class='ocrx_word' id='word_1_250' title='bbox 1510 1775 1654 1806; x_wconf 84' lang='lat' dir='ltr'>dubitant</span> 
     </span>
     <span class='ocr_line' id='line_1_28' title="bbox 89 1816 1653 1863; baseline -0.003 -11"><span class='ocrx_word' id='word_1_251' title='bbox 89 1821 231 1863; x_wconf 84' lang='lat' dir='ltr'>ligebaut</span> <span class='ocrx_word' id='word_1_252' title='bbox 245 1819 382 1851; x_wconf 86' lang='lat' dir='ltr'>Romani</span> <span class='ocrx_word' id='word_1_253' title='bbox 398 1830 405 1848; x_wconf 79' lang='grc' dir='ltr'><strong><em>ι</em></strong></span> <span class='ocrx_word' id='word_1_254' title='bbox 894 1819 935 1850; x_wconf 87' lang='lat' dir='ltr'>de</span> <span class='ocrx_word' id='word_1_255' title='bbox 951 1820 1009 1850; x_wconf 71' lang='lat' dir='ltr'>hac</span> <span class='ocrx_word' id='word_1_256' title='bbox 1028 1830 1105 1851; x_wconf 90' lang='lat' dir='ltr'>voce</span> <span class='ocrx_word' id='word_1_257' title='bbox 1118 1821 1238 1858; x_wconf 84' lang='lat' dir='ltr'>salinis;</span> <span class='ocrx_word' id='word_1_258' title='bbox 1260 1831 1331 1851; x_wconf 88' lang='lat' dir='ltr'>nam</span> <span class='ocrx_word' id='word_1_259' title='bbox 1355 1825 1471 1850; x_wconf 84' lang='lat' dir='ltr'>certum</span> <span class='ocrx_word' id='word_1_260' title='bbox 1499 1824 1548 1850; x_wconf 88' lang='lat' dir='ltr'>est</span> <span class='ocrx_word' id='word_1_261' title='bbox 1568 1816 1653 1859; x_wconf 68' lang='lat' dir='ltr'>quod</span> 
     </span>
    </p>

    <p class='ocr_par' dir='ltr' id='par_1_9' title="bbox 88 1862 1657 2161">
     <span class='ocr_line' id='line_1_29' title="bbox 134 1862 1653 1902; baseline -0.001 -7"><span class='ocrx_word' id='word_1_262' title='bbox 134 1864 282 1899; x_wconf 81' lang='lat' dir='ltr'>Primum,</span> <span class='ocrx_word' id='word_1_263' title='bbox 308 1863 443 1898; x_wconf 78' lang='lat' dir='ltr'>decumae,</span> <span class='ocrx_word' id='word_1_264' title='bbox 473 1862 539 1892; x_wconf 90' lang='lat' dir='ltr'>sive</span> <span class='ocrx_word' id='word_1_265' title='bbox 574 1862 708 1899; x_wconf 76' lang='lat' dir='ltr'>decimae5</span> <span class='ocrx_word' id='word_1_266' title='bbox 745 1862 852 1902; x_wconf 82' lang='lat' dir='ltr'>exige·</span> <span class='ocrx_word' id='word_1_267' title='bbox 895 1863 935 1892; x_wconf 93' lang='lat' dir='ltr'>ab</span> <span class='ocrx_word' id='word_1_268' title='bbox 953 1862 1044 1893; x_wconf 90' lang='lat' dir='ltr'>Anco</span> <span class='ocrx_word' id='word_1_269' title='bbox 1060 1863 1191 1899; x_wconf 82' lang='lat' dir='ltr'>Marcio,</span> <span class='ocrx_word' id='word_1_270' title='bbox 1207 1868 1241 1893; x_wconf 93' lang='lat' dir='ltr'>ut</span> <span class='ocrx_word' id='word_1_271' title='bbox 1264 1863 1384 1894; x_wconf 84' lang='lat' dir='ltr'>Plinius</span> <span class='ocrx_word' id='word_1_272' title='bbox 1407 1862 1512 1898; x_wconf 77' lang='lat' dir='ltr'>refert,</span> <span class='ocrx_word' id='word_1_273' title='bbox 1527 1862 1583 1894; x_wconf 86' lang='lat' dir='ltr'>lib.</span> <span class='ocrx_word' id='word_1_274' title='bbox 1598 1863 1653 1893; x_wconf 86' lang='lat'>31.</span> 
     </span>
     <span class='ocr_line' id='line_1_30' title="bbox 88 1904 1654 1946; baseline -0.003 -8"><span class='ocrx_word' id='word_1_275' title='bbox 88 1907 202 1938; x_wconf 85' lang='lat' dir='ltr'>bantur</span> <span class='ocrx_word' id='word_1_276' title='bbox 217 1911 319 1936; x_wconf 85' lang='lat' dir='ltr'>autem</span> <span class='ocrx_word' id='word_1_277' title='bbox 335 1905 394 1935; x_wconf 85' lang='lat' dir='ltr'>illae</span> <span class='ocrx_word' id='word_1_278' title='bbox 417 1906 456 1936; x_wconf 89' lang='lat' dir='ltr'>ab</span> <span class='ocrx_word' id='word_1_279' title='bbox 477 1905 596 1935; x_wconf 87' lang='lat' dir='ltr'>civibus</span> <span class='ocrx_word' id='word_1_280' title='bbox 621 1904 786 1944; x_wconf 87' lang='lat' dir='ltr'>Romanis,</span> <span class='ocrx_word' id='word_1_281' title='bbox 802 1904 851 1935; x_wconf 86' lang='lat' dir='ltr'>vel</span> <span class='ocrx_word' id='word_1_282' title='bbox 895 1916 965 1946; x_wconf 85' lang='lat' dir='ltr'>cap.</span> <span class='ocrx_word' id='word_1_283' title='bbox 979 1908 1010 1936; x_wconf 83' lang='lat'>7.</span> <span class='ocrx_word' id='word_1_284' title='bbox 1024 1905 1129 1936; x_wconf 88' lang='lat' dir='ltr'>salinae</span> <span class='ocrx_word' id='word_1_285' title='bbox 1145 1906 1257 1936; x_wconf 79' lang='lat' dir='ltr'>Romae</span> <span class='ocrx_word' id='word_1_286' title='bbox 1272 1905 1419 1936; x_wconf 84' lang='lat' dir='ltr'>institutae</span> <span class='ocrx_word' id='word_1_287' title='bbox 1433 1905 1557 1935; x_wconf 84' lang='lat' dir='ltr'>suerint.</span> <span class='ocrx_word' id='word_1_288' title='bbox 1591 1904 1654 1934; x_wconf 90' lang='lat' dir='ltr'>Sed</span> 
     </span>
     <span class='ocr_line' id='line_1_31' title="bbox 91 1946 1655 1990; baseline -0.002 -10"><span class='ocrx_word' id='word_1_289' title='bbox 91 1949 196 1980; x_wconf 89' lang='lat' dir='ltr'>Latini</span> <span class='ocrx_word' id='word_1_290' title='bbox 208 1949 339 1979; x_wconf 83' lang='lat' dir='ltr'>nominis</span> <span class='ocrx_word' id='word_1_291' title='bbox 352 1948 454 1984; x_wconf 81' lang='lat' dir='ltr'>sociis,</span> <span class='ocrx_word' id='word_1_292' title='bbox 470 1948 523 1989; x_wconf 88' lang='lat' dir='ltr'>qui</span> <span class='ocrx_word' id='word_1_293' title='bbox 539 1948 571 1978; x_wconf 90' lang='lat' dir='ltr'>in</span> <span class='ocrx_word' id='word_1_294' title='bbox 584 1948 687 1984; x_wconf 72' lang='lat' dir='ltr'>ltalia,</span> <span class='ocrx_word' id='word_1_295' title='bbox 699 1954 752 1978; x_wconf 85' lang='lat' dir='ltr'>aut</span> <span class='ocrx_word' id='word_1_296' title='bbox 766 1953 852 1979; x_wconf 83' lang='lat' dir='ltr'>extra</span> <span class='ocrx_word' id='word_1_297' title='bbox 893 1948 971 1978; x_wconf 90' lang='lat' dir='ltr'>illud</span> <span class='ocrx_word' id='word_1_298' title='bbox 994 1949 1138 1990; x_wconf 77' lang='lat' dir='ltr'>vectigal,</span> <span class='ocrx_word' id='word_1_299' title='bbox 1154 1948 1261 1989; x_wconf 81' lang='lat' dir='ltr'>ejectis</span> <span class='ocrx_word' id='word_1_300' title='bbox 1284 1949 1419 1989; x_wconf 81' lang='lat' dir='ltr'>regibus,</span> <span class='ocrx_word' id='word_1_301' title='bbox 1441 1946 1655 1978; x_wconf 65' lang='lat' dir='ltr'>senatus-con-</span> 
     </span>
     <span class='ocr_line' id='line_1_32' title="bbox 91 1990 1654 2032; baseline -0.002 -9"><span class='ocrx_word' id='word_1_302' title='bbox 91 1993 228 2028; x_wconf 82' lang='lat' dir='ltr'>Italiam,</span> <span class='ocrx_word' id='word_1_303' title='bbox 249 1991 408 2032; x_wconf 84' lang='lat' dir='ltr'>publicum</span> <span class='ocrx_word' id='word_1_304' title='bbox 438 2002 543 2031; x_wconf 83' lang='lat' dir='ltr'>agrum</span> <span class='ocrx_word' id='word_1_305' title='bbox 568 1993 708 2025; x_wconf 85' lang='lat' dir='ltr'>arabant,</span> <span class='ocrx_word' id='word_1_306' title='bbox 736 1997 768 2022; x_wconf 91' lang='lat' dir='ltr'>ut</span> <span class='ocrx_word' id='word_1_307' title='bbox 789 1991 851 2022; x_wconf 82' lang='lat' dir='ltr'>sru—</span> <span class='ocrx_word' id='word_1_308' title='bbox 895 1992 975 2022; x_wconf 90' lang='lat' dir='ltr'>sulto</span> <span class='ocrx_word' id='word_1_309' title='bbox 998 1992 1152 2022; x_wconf 78' lang='lat' dir='ltr'>sublatum</span> <span class='ocrx_word' id='word_1_310' title='bbox 1176 1997 1245 2029; x_wconf 80' lang='lat' dir='ltr'>est3</span> <span class='ocrx_word' id='word_1_311' title='bbox 1281 1991 1366 2032; x_wconf 92' lang='lat' dir='ltr'>quod</span> <span class='ocrx_word' id='word_1_312' title='bbox 1390 1991 1516 2021; x_wconf 86' lang='lat' dir='ltr'>tandem</span> <span class='ocrx_word' id='word_1_313' title='bbox 1543 1990 1654 2021; x_wconf 86' lang='lat' dir='ltr'>Rornae</span> 
     </span>
     <span class='ocr_line' id='line_1_33' title="bbox 93 2033 1656 2083; baseline -0.002 -17"><span class='ocrx_word' id='word_1_314' title='bbox 93 2036 189 2066; x_wconf 88' lang='lat' dir='ltr'>menti</span> <span class='ocrx_word' id='word_1_315' title='bbox 205 2036 351 2065; x_wconf 84' lang='lat' dir='ltr'>decumas</span> <span class='ocrx_word' id='word_1_316' title='bbox 367 2035 521 2065; x_wconf 83' lang='lat' dir='ltr'>solverent</span> <span class='ocrx_word' id='word_1_317' title='bbox 536 2046 542 2063; x_wconf 90' lang='lat'>:</span> <span class='ocrx_word' id='word_1_318' title='bbox 568 2033 627 2064; x_wconf 85' lang='lat' dir='ltr'>illae</span> <span class='ocrx_word' id='word_1_319' title='bbox 642 2033 713 2063; x_wconf 70' lang='lat' dir='ltr'>vero</span> <span class='ocrx_word' id='word_1_320' title='bbox 731 2035 855 2075; x_wconf 88' lang='lat' dir='ltr'>potissi·</span> <span class='ocrx_word' id='word_1_321' title='bbox 897 2033 1008 2065; x_wconf 68' lang='lat' dir='ltr'>iterum</span> <span class='ocrx_word' id='word_1_322' title='bbox 1023 2045 1132 2065; x_wconf 86' lang='lat' dir='ltr'>censor</span> <span class='ocrx_word' id='word_1_323' title='bbox 1151 2035 1279 2083; x_wconf 38' lang='lat' dir='ltr'>Marcus</span> <span class='ocrx_word' id='word_1_324' title='bbox 1293 2034 1399 2065; x_wconf 87' lang='lat' dir='ltr'>Livius</span> <span class='ocrx_word' id='word_1_325' title='bbox 1414 2033 1531 2072; x_wconf 87' lang='lat' dir='ltr'>retulit,</span> <span class='ocrx_word' id='word_1_326' title='bbox 1546 2033 1600 2074; x_wconf 84' lang='lat' dir='ltr'>qui</span> <span class='ocrx_word' id='word_1_327' title='bbox 1615 2034 1656 2063; x_wconf 94' lang='lat' dir='ltr'>ob</span> 
     </span>
     <span class='ocr_line' id='line_1_34' title="bbox 93 2077 1656 2118; baseline -0.001 -10"><span class='ocrx_word' id='word_1_328' title='bbox 93 2078 176 2108; x_wconf 70' lang='lat' dir='ltr'>iusim</span> <span class='ocrx_word' id='word_1_329' title='bbox 193 2078 420 2118; x_wconf 79' lang='lat' dir='ltr'>colligebantur</span> <span class='ocrx_word' id='word_1_330' title='bbox 436 2088 473 2107; x_wconf 83' lang='lat' dir='ltr'>ex</span> <span class='ocrx_word' id='word_1_331' title='bbox 487 2077 654 2116; x_wconf 84' lang='lat' dir='ltr'>frumento,</span> <span class='ocrx_word' id='word_1_332' title='bbox 671 2077 756 2113; x_wconf 86' lang='lat' dir='ltr'>vino,</span> <span class='ocrx_word' id='word_1_333' title='bbox 772 2078 854 2113; x_wconf 91' lang='lat' dir='ltr'>oleo,</span> <span class='ocrx_word' id='word_1_334' title='bbox 897 2077 930 2107; x_wconf 87' lang='lat' dir='ltr'>id</span> <span class='ocrx_word' id='word_1_335' title='bbox 959 2078 1113 2107; x_wconf 82' lang='lat' dir='ltr'>Salinator</span> <span class='ocrx_word' id='word_1_336' title='bbox 1136 2079 1238 2108; x_wconf 90' lang='lat' dir='ltr'>dictus</span> <span class='ocrx_word' id='word_1_337' title='bbox 1274 2083 1331 2109; x_wconf 83' lang='lat' dir='ltr'>est.</span> <span class='ocrx_word' id='word_1_338' title='bbox 1390 2077 1482 2108; x_wconf 73' lang='lat' dir='ltr'>Certe</span> <span class='ocrx_word' id='word_1_339' title='bbox 1504 2087 1656 2117; x_wconf 81' lang='lat' dir='ltr'>nusquam</span> 
     </span>
     <span class='ocr_line' id='line_1_35' title="bbox 94 2118 1657 2161; baseline -0.002 -9"><span class='ocrx_word' id='word_1_340' title='bbox 94 2127 126 2152; x_wconf 86' lang='lat' dir='ltr'>et</span> <span class='ocrx_word' id='word_1_341' title='bbox 141 2120 281 2161; x_wconf 81' lang='lat' dir='ltr'>frugibus</span> <span class='ocrx_word' id='word_1_342' title='bbox 297 2121 435 2151; x_wconf 88' lang='lat' dir='ltr'>minutis.</span> <span class='ocrx_word' id='word_1_343' title='bbox 898 2120 1010 2160; x_wconf 85' lang='lat' dir='ltr'>legitur</span> <span class='ocrx_word' id='word_1_344' title='bbox 1029 2120 1061 2150; x_wconf 91' lang='lat' dir='ltr'>in</span> <span class='ocrx_word' id='word_1_345' title='bbox 1077 2120 1155 2151; x_wconf 70' lang='lat' dir='ltr'>Asia</span> <span class='ocrx_word' id='word_1_346' title='bbox 1174 2127 1228 2151; x_wconf 88' lang='lat' dir='ltr'>aut</span> <span class='ocrx_word' id='word_1_347' title='bbox 1253 2120 1317 2151; x_wconf 74' lang='lat' dir='ltr'>ulla</span> <span class='ocrx_word' id='word_1_348' title='bbox 1332 2119 1393 2151; x_wconf 66' lang='lat' dir='ltr'>alia</span> <span class='ocrx_word' id='word_1_349' title='bbox 1419 2118 1579 2160; x_wconf 70' lang='lat' dir='ltr'>provincia</span> <span class='ocrx_word' id='word_1_350' title='bbox 1598 2119 1657 2149; x_wconf 91' lang='lat' dir='ltr'>im-</span> 
     </span>
    </p>

    <p class='ocr_par' dir='ltr' id='par_1_10' title="bbox 95 2162 1661 2418">
     <span class='ocr_line' id='line_1_36' title="bbox 139 2162 1658 2204; baseline -0.001 -10"><span class='ocrx_word' id='word_1_351' title='bbox 139 2164 327 2198; x_wconf 76' lang='lat' dir='ltr'>Secundum,</span> <span class='ocrx_word' id='word_1_352' title='bbox 352 2165 508 2203; x_wconf 67' lang='lat' dir='ltr'>scriptura,</span> <span class='ocrx_word' id='word_1_353' title='bbox 531 2168 564 2193; x_wconf 85' lang='lat' dir='ltr'>et</span> <span class='ocrx_word' id='word_1_354' title='bbox 588 2167 653 2193; x_wconf 88' lang='lat' dir='ltr'>erat</span> <span class='ocrx_word' id='word_1_355' title='bbox 668 2162 746 2192; x_wconf 89' lang='lat' dir='ltr'>illud</span> <span class='ocrx_word' id='word_1_356' title='bbox 761 2162 856 2193; x_wconf 83' lang='lat' dir='ltr'>vecti·</span> <span class='ocrx_word' id='word_1_357' title='bbox 899 2163 1035 2204; x_wconf 86' lang='lat' dir='ltr'>positum</span> <span class='ocrx_word' id='word_1_358' title='bbox 1054 2174 1143 2202; x_wconf 80' lang='lat' dir='ltr'>esse3</span> <span class='ocrx_word' id='word_1_359' title='bbox 1166 2164 1248 2194; x_wconf 82' lang='lat' dir='ltr'>adde</span> <span class='ocrx_word' id='word_1_360' title='bbox 1272 2163 1354 2204; x_wconf 70' lang='lat' dir='ltr'>quod</span> <span class='ocrx_word' id='word_1_361' title='bbox 1380 2163 1490 2194; x_wconf 86' lang='lat' dir='ltr'>Cicero</span> <span class='ocrx_word' id='word_1_362' title='bbox 1507 2163 1546 2193; x_wconf 89' lang='lat' dir='ltr'>de</span> <span class='ocrx_word' id='word_1_363' title='bbox 1564 2162 1658 2196; x_wconf 82' lang='lat' dir='ltr'>tribus</span> 
     </span>
     <span class='ocr_line' id='line_1_37' title="bbox 97 2205 1657 2248; baseline -0.001 -12"><span class='ocrx_word' id='word_1_364' title='bbox 97 2207 146 2248; x_wconf 84' lang='lat' dir='ltr'>gal</span> <span class='ocrx_word' id='word_1_365' title='bbox 181 2208 265 2247; x_wconf 84' lang='lat' dir='ltr'>quod</span> <span class='ocrx_word' id='word_1_366' title='bbox 299 2207 493 2246; x_wconf 80' lang='lat' dir='ltr'>pendebatur</span> <span class='ocrx_word' id='word_1_367' title='bbox 517 2207 554 2236; x_wconf 87' lang='lat' dir='ltr'>ab</span> <span class='ocrx_word' id='word_1_368' title='bbox 579 2205 616 2235; x_wconf 84' lang='lat' dir='ltr'>iis</span> <span class='ocrx_word' id='word_1_369' title='bbox 640 2206 693 2246; x_wconf 87' lang='lat' dir='ltr'>qui</span> <span class='ocrx_word' id='word_1_370' title='bbox 719 2206 801 2236; x_wconf 89' lang='lat' dir='ltr'>silvis</span> <span class='ocrx_word' id='word_1_371' title='bbox 825 2211 857 2235; x_wconf 90' lang='lat' dir='ltr'>et</span> <span class='ocrx_word' id='word_1_372' title='bbox 900 2206 1020 2237; x_wconf 72' lang='lat' dir='ltr'>tantum</span> <span class='ocrx_word' id='word_1_373' title='bbox 1052 2207 1232 2237; x_wconf 80' lang='lat' dir='ltr'>tributorum</span> <span class='ocrx_word' id='word_1_374' title='bbox 1263 2207 1426 2248; x_wconf 85' lang='lat' dir='ltr'>generibus</span> <span class='ocrx_word' id='word_1_375' title='bbox 1454 2205 1601 2246; x_wconf 85' lang='lat' dir='ltr'>loquitur,</span> <span class='ocrx_word' id='word_1_376' title='bbox 1616 2206 1657 2235; x_wconf 87' lang='lat' dir='ltr'>de</span> 
     </span>
     <span class='ocr_line' id='line_1_38' title="bbox 95 2248 1658 2291; baseline -0.002 -11"><span class='ocrx_word' id='word_1_377' title='bbox 95 2252 220 2290; x_wconf 85' lang='lat' dir='ltr'>pascuis</span> <span class='ocrx_word' id='word_1_378' title='bbox 259 2248 390 2290; x_wconf 87' lang='lat' dir='ltr'>publicis</span> <span class='ocrx_word' id='word_1_379' title='bbox 414 2250 613 2280; x_wconf 83' lang='lat' dir='ltr'>fruebantur:</span> <span class='ocrx_word' id='word_1_380' title='bbox 653 2249 727 2278; x_wconf 75' lang='lat' dir='ltr'>inde</span> <span class='ocrx_word' id='word_1_381' title='bbox 752 2254 854 2279; x_wconf 75' lang='lat' dir='ltr'>autem</span> <span class='ocrx_word' id='word_1_382' title='bbox 900 2250 1005 2280; x_wconf 83' lang='lat' dir='ltr'>salinis</span> <span class='ocrx_word' id='word_1_383' title='bbox 1027 2261 1202 2291; x_wconf 80' lang='lat' dir='ltr'>nusqua1n3</span> <span class='ocrx_word' id='word_1_384' title='bbox 1236 2251 1343 2291; x_wconf 86' lang='lat' dir='ltr'>itaque</span> <span class='ocrx_word' id='word_1_385' title='bbox 1367 2248 1501 2284; x_wconf 83' lang='lat' dir='ltr'>mallem,</span> <span class='ocrx_word' id='word_1_386' title='bbox 1526 2249 1604 2278; x_wconf 86' lang='lat' dir='ltr'>sicut</span> <span class='ocrx_word' id='word_1_387' title='bbox 1626 2248 1658 2277; x_wconf 92' lang='lat' dir='ltr'>in</span> 
     </span>
     <span class='ocr_line' id='line_1_39' title="bbox 97 2290 1660 2333; baseline -0.002 -10"><span class='ocrx_word' id='word_1_388' title='bbox 97 2293 247 2332; x_wconf 84' lang='lat' dir='ltr'>scriptura</span> <span class='ocrx_word' id='word_1_389' title='bbox 263 2291 397 2332; x_wconf 80' lang='lat' dir='ltr'>vectigal</span> <span class='ocrx_word' id='word_1_390' title='bbox 413 2292 487 2321; x_wconf 87' lang='lat' dir='ltr'>illud</span> <span class='ocrx_word' id='word_1_391' title='bbox 505 2292 622 2321; x_wconf 83' lang='lat' dir='ltr'>dictum</span> <span class='ocrx_word' id='word_1_392' title='bbox 639 2297 696 2327; x_wconf 85' lang='lat' dir='ltr'>est,</span> <span class='ocrx_word' id='word_1_393' title='bbox 715 2292 798 2332; x_wconf 69' lang='lat' dir='ltr'>quod</span> <span class='ocrx_word' id='word_1_394' title='bbox 815 2293 855 2322; x_wconf 91' lang='lat' dir='ltr'>de</span> <span class='ocrx_word' id='word_1_395' title='bbox 899 2293 1002 2322; x_wconf 87' lang='lat' dir='ltr'>multis</span> <span class='ocrx_word' id='word_1_396' title='bbox 1026 2293 1197 2329; x_wconf 87' lang='lat' dir='ltr'>codicibus,</span> <span class='ocrx_word' id='word_1_397' title='bbox 1222 2293 1284 2333; x_wconf 87' lang='lat' dir='ltr'>legi</span> <span class='ocrx_word' id='word_1_398' title='bbox 1307 2293 1434 2329; x_wconf 71' lang='lat' dir='ltr'>salictis;</span> <span class='ocrx_word' id='word_1_399' title='bbox 1457 2290 1526 2322; x_wconf 72' lang='lat' dir='ltr'>cuni</span> <span class='ocrx_word' id='word_1_400' title='bbox 1551 2291 1660 2321; x_wconf 86' lang='lat' dir='ltr'>salicta</span> 
     </span>
     <span class='ocr_line' id='line_1_40' title="bbox 98 2334 1660 2377; baseline -0.002 -11"><span class='ocrx_word' id='word_1_401' title='bbox 98 2341 183 2366; x_wconf 85' lang='lat' dir='ltr'>certo</span> <span class='ocrx_word' id='word_1_402' title='bbox 199 2345 257 2365; x_wconf 81' lang='lat' dir='ltr'>aere</span> <span class='ocrx_word' id='word_1_403' title='bbox 275 2334 459 2375; x_wconf 79' lang='lat' dir='ltr'>publicanus</span> <span class='ocrx_word' id='word_1_404' title='bbox 486 2334 666 2364; x_wconf 86' lang='lat' dir='ltr'>conveniret</span> <span class='ocrx_word' id='word_1_405' title='bbox 688 2344 759 2364; x_wconf 88' lang='lat' dir='ltr'>cum</span> <span class='ocrx_word' id='word_1_406' title='bbox 785 2346 857 2375; x_wconf 83' lang='lat' dir='ltr'>pas-</span> <span class='ocrx_word' id='word_1_407' title='bbox 901 2337 939 2365; x_wconf 91' lang='lat' dir='ltr'>ad</span> <span class='ocrx_word' id='word_1_408' title='bbox 954 2346 1069 2375; x_wconf 83' lang='lat' dir='ltr'>pascua</span> <span class='ocrx_word' id='word_1_409' title='bbox 1078 2336 1379 2377; x_wconf 76' lang='lat' dir='ltr'>possentpertineoe,</span> <span class='ocrx_word' id='word_1_410' title='bbox 1395 2345 1464 2374; x_wconf 85' lang='lat' dir='ltr'>quae</span> <span class='ocrx_word' id='word_1_411' title='bbox 1475 2335 1660 2375; x_wconf 87' lang='lat' dir='ltr'>plerumque</span> 
     </span>
     <span class='ocr_line' id='line_1_41' title="bbox 97 2377 1661 2418; baseline -0.001 -11"><span class='ocrx_word' id='word_1_412' title='bbox 97 2383 176 2414; x_wconf 88' lang='lat' dir='ltr'>tore,</span> <span class='ocrx_word' id='word_1_413' title='bbox 190 2378 331 2418; x_wconf 87' lang='lat' dir='ltr'>illudque</span> <span class='ocrx_word' id='word_1_414' title='bbox 350 2377 547 2408; x_wconf 82' lang='lat' dir='ltr'>describeret.</span> <span class='ocrx_word' id='word_1_415' title='bbox 901 2378 1045 2408; x_wconf 80' lang='lat' dir='ltr'>salicibus</span> <span class='ocrx_word' id='word_1_416' title='bbox 1079 2380 1197 2409; x_wconf 84' lang='lat' dir='ltr'>consita</span> <span class='ocrx_word' id='word_1_417' title='bbox 1218 2385 1300 2408; x_wconf 89' lang='lat' dir='ltr'>sunt.</span> <span class='ocrx_word' id='word_1_418' title='bbox 1357 2378 1481 2418; x_wconf 61' lang='lat' dir='ltr'>[Sabinis</span> <span class='ocrx_word' id='word_1_419' title='bbox 1514 2377 1661 2407; x_wconf 82' lang='lat' dir='ltr'>exhibent</span> 
     </span>
    </p>

    <p class='ocr_par' dir='ltr' id='par_1_11' title="bbox 99 2419 1663 2591">
     <span class='ocr_line' id='line_1_42' title="bbox 152 2419 1663 2460; baseline -0.001 -10"><span class='ocrx_word' id='word_1_420' title='bbox 152 2421 291 2451; x_wconf 89' lang='lat' dir='ltr'>Tertium</span> <span class='ocrx_word' id='word_1_421' title='bbox 326 2420 470 2460; x_wconf 81' lang='lat' dir='ltr'>vectigal,</span> <span class='ocrx_word' id='word_1_422' title='bbox 502 2421 643 2459; x_wconf 77' lang='lat' dir='ltr'>portoria.</span> <span class='ocrx_word' id='word_1_423' title='bbox 711 2419 858 2449; x_wconf 86' lang='lat' dir='ltr'>Pecuniae</span> <span class='ocrx_word' id='word_1_424' title='bbox 903 2431 1008 2451; x_wconf 86' lang='lat' dir='ltr'>omnes</span> <span class='ocrx_word' id='word_1_425' title='bbox 1021 2421 1090 2451; x_wconf 89' lang='lat' dir='ltr'>libri</span> <span class='ocrx_word' id='word_1_426' title='bbox 1105 2422 1200 2453; x_wconf 78' lang='lat' dir='ltr'><strong>MSS.</strong></span> <span class='ocrx_word' id='word_1_427' title='bbox 1215 2427 1318 2452; x_wconf 75' lang='lat' dir='ltr'>tuetur</span> <span class='ocrx_word' id='word_1_428' title='bbox 1331 2422 1423 2451; x_wconf 83' lang='lat' dir='ltr'>etiam</span> <span class='ocrx_word' id='word_1_429' title='bbox 1441 2421 1583 2450; x_wconf 82' lang='lat' dir='ltr'>eamdem</span> <span class='ocrx_word' id='word_1_430' title='bbox 1599 2420 1663 2450; x_wconf 85' lang='lat' dir='ltr'>lec—</span> 
     </span>
     <span class='ocr_line' id='line_1_43' title="bbox 99 2462 1661 2505; baseline -0.001 -10"><span class='ocrx_word' id='word_1_431' title='bbox 99 2469 198 2502; x_wconf 83' lang='lat' dir='ltr'>erant,</span> <span class='ocrx_word' id='word_1_432' title='bbox 214 2474 283 2504; x_wconf 78' lang='lat' dir='ltr'>quae</span> <span class='ocrx_word' id='word_1_433' title='bbox 297 2463 492 2502; x_wconf 82' lang='lat' dir='ltr'>portitoribus</span> <span class='ocrx_word' id='word_1_434' title='bbox 509 2463 735 2503; x_wconf 75' lang='lat' dir='ltr'>pendebantur,</span> <span class='ocrx_word' id='word_1_435' title='bbox 752 2462 782 2492; x_wconf 88' lang='lat' dir='ltr'>id</span> <span class='ocrx_word' id='word_1_436' title='bbox 801 2467 857 2498; x_wconf 88' lang='lat' dir='ltr'>est,</span> <span class='ocrx_word' id='word_1_437' title='bbox 902 2464 1019 2494; x_wconf 87' lang='lat' dir='ltr'>tionem</span> <span class='ocrx_word' id='word_1_438' title='bbox 1034 2464 1170 2505; x_wconf 78' lang='lat' dir='ltr'>Cujacz‘us</span> <span class='ocrx_word' id='word_1_439' title='bbox 1193 2466 1233 2495; x_wconf 86' lang='lat' dir='ltr'>ad</span> <span class='ocrx_word' id='word_1_440' title='bbox 1256 2465 1277 2495; x_wconf 91' lang='lat' dir='ltr'>l.</span> <span class='ocrx_word' id='word_1_441' title='bbox 1294 2467 1345 2494; x_wconf 83' lang='lat'>17.</span> <span class='ocrx_word' id='word_1_442' title='bbox 1364 2463 1406 2493; x_wconf 93' lang='lat' dir='ltr'>D.</span> <span class='ocrx_word' id='word_1_443' title='bbox 1425 2464 1465 2494; x_wconf 88' lang='lat' dir='ltr'>de</span> <span class='ocrx_word' id='word_1_444' title='bbox 1483 2463 1575 2494; x_wconf 86' lang='lat' dir='ltr'>Verb.</span> <span class='ocrx_word' id='word_1_445' title='bbox 1592 2462 1661 2504; x_wconf 85' lang='lat' dir='ltr'>Sig-</span> 
     </span>
     <span class='ocr_line' id='line_1_44' title="bbox 99 2505 1429 2548; baseline -0.002 -11"><span class='ocrx_word' id='word_1_446' title='bbox 99 2507 136 2537; x_wconf 88' lang='lat' dir='ltr'>iis</span> <span class='ocrx_word' id='word_1_447' title='bbox 151 2507 204 2548; x_wconf 92' lang='lat' dir='ltr'>qui</span> <span class='ocrx_word' id='word_1_448' title='bbox 222 2506 379 2536; x_wconf 84' lang='lat' dir='ltr'>mercedes</span> <span class='ocrx_word' id='word_1_449' title='bbox 396 2516 432 2535; x_wconf 83' lang='lat' dir='ltr'>ex</span> <span class='ocrx_word' id='word_1_450' title='bbox 450 2506 600 2537; x_wconf 80' lang='lat' dir='ltr'>mercibus</span> <span class='ocrx_word' id='word_1_451' title='bbox 616 2505 647 2535; x_wconf 90' lang='lat' dir='ltr'>in</span> <span class='ocrx_word' id='word_1_452' title='bbox 664 2511 786 2546; x_wconf 84' lang='lat' dir='ltr'>portum</span> <span class='ocrx_word' id='word_1_453' title='bbox 803 2506 859 2535; x_wconf 87' lang='lat' dir='ltr'>de·</span> <span class='ocrx_word' id='word_1_454' title='bbox 900 2506 958 2537; x_wconf 87' lang='lat' dir='ltr'>nif.</span> <span class='ocrx_word' id='word_1_455' title='bbox 974 2512 1006 2537; x_wconf 88' lang='lat' dir='ltr'>et</span> <span class='ocrx_word' id='word_1_456' title='bbox 1021 2507 1128 2538; x_wconf 65' lang='lat' dir='ltr'>merit&amp;</span> <span class='ocrx_word' id='word_1_457' title='bbox 1142 2508 1255 2538; x_wconf 85' lang='lat' dir='ltr'>retinet</span> <span class='ocrx_word' id='word_1_458' title='bbox 1270 2506 1429 2546; x_wconf 57' lang='lat' dir='ltr'>Gramina]</span> 
     </span>
     <span class='ocr_line' id='line_1_45' title="bbox 99 2548 1662 2591; baseline -0.001 -11"><span class='ocrx_word' id='word_1_459' title='bbox 99 2549 251 2580; x_wconf 83' lang='lat' dir='ltr'>vehendis</span> <span class='ocrx_word' id='word_1_460' title='bbox 267 2548 443 2588; x_wconf 85' lang='lat' dir='ltr'>exigebant.</span> <span class='ocrx_word' id='word_1_461' title='bbox 946 2552 998 2580; x_wconf 66' lang='lat'>23.</span> <span class='ocrx_word' id='word_1_462' title='bbox 1039 2551 1305 2591; x_wconf 54' lang='lat' dir='ltr'>conservaveritis]</span> <span class='ocrx_word' id='word_1_463' title='bbox 1373 2548 1662 2589; x_wconf 78' lang='lat' dir='ltr'>Argumentationis</span> 
     </span>
    </p>
   </div>
   <div class='ocr_carea' id='block_1_9' title="bbox 99 2590 1662 2676">
    <p class='ocr_par' dir='ltr' id='par_1_12' title="bbox 99 2590 1662 2676">
     <span class='ocr_line' id='line_1_46' title="bbox 146 2590 1662 2632; baseline -0.001 -9"><span class='ocrx_word' id='word_1_464' title='bbox 146 2596 195 2623; x_wconf 79' lang='lat'>14.</span> <span class='ocrx_word' id='word_1_465' title='bbox 221 2591 265 2621; x_wconf 74' lang='lat' dir='ltr'>Ex</span> <span class='ocrx_word' id='word_1_466' title='bbox 285 2591 459 2632; x_wconf 60' lang='lat' dir='ltr'>scriptura]</span> <span class='ocrx_word' id='word_1_467' title='bbox 507 2590 570 2627; x_wconf 85' lang='lat' dir='ltr'>Qui</span> <span class='ocrx_word' id='word_1_468' title='bbox 591 2601 704 2631; x_wconf 86' lang='lat' dir='ltr'>pascua</span> <span class='ocrx_word' id='word_1_469' title='bbox 733 2591 859 2631; x_wconf 85' lang='lat' dir='ltr'>publica</span> <span class='ocrx_word' id='word_1_470' title='bbox 901 2592 1002 2622; x_wconf 88' lang='lat' dir='ltr'>brevis</span> <span class='ocrx_word' id='word_1_471' title='bbox 1027 2594 1195 2632; x_wconf 85' lang='lat' dir='ltr'>conclusio,</span> <span class='ocrx_word' id='word_1_472' title='bbox 1210 2604 1279 2625; x_wconf 87' lang='lat' dir='ltr'>curn</span> <span class='ocrx_word' id='word_1_473' title='bbox 1304 2592 1519 2623; x_wconf 85' lang='lat' dir='ltr'>adhortatione</span> <span class='ocrx_word' id='word_1_474' title='bbox 1540 2593 1581 2623; x_wconf 86' lang='lat' dir='ltr'>ad</span> <span class='ocrx_word' id='word_1_475' title='bbox 1609 2603 1662 2623; x_wconf 86' lang='lat' dir='ltr'>eos</span> 
     </span>
     <span class='ocr_line' id='line_1_47' title="bbox 99 2634 1144 2676; baseline -0.001 -10"><span class='ocrx_word' id='word_1_476' title='bbox 99 2636 256 2672; x_wconf 83' lang='lat' dir='ltr'>locabant,</span> <span class='ocrx_word' id='word_1_477' title='bbox 269 2634 417 2676; x_wconf 84' lang='lat' dir='ltr'>pecuarii‚</span> <span class='ocrx_word' id='word_1_478' title='bbox 433 2644 601 2676; x_wconf 85' lang='lat' dir='ltr'>eorumque</span> <span class='ocrx_word' id='word_1_479' title='bbox 617 2635 751 2673; x_wconf 74' lang='lat' dir='ltr'>rationes</span> <span class='ocrx_word' id='word_1_480' title='bbox 764 2634 859 2676; x_wconf 87' lang='lat' dir='ltr'>scrip-</span> <span class='ocrx_word' id='word_1_481' title='bbox 903 2637 1144 2667; x_wconf 84' lang='lat' dir='ltr'>conservandos.</span> 
     </span>
    </p>
   </div>
  </div>
 </body>
</html>
