1868 3126
367 1287 390 1319 10

397 1390 418 1426 «l
394 1281 418 1319 C}

373 1699 395 1733 00
371 1596 394 1629 00
369 1492 392 1525 10
369 1391 391 1424 20

401 1597 417 1629 ..a
398 1491 419 1526 (Ὁ

374 1701 425 1837 3«.

376 1908 426 1994 &3¹3

913 409 1228 456 EPITOME

559 530 754 570 RERUM
784 530 1090 569 GESTARUM
1129 531 1199 568 ET
1231 525 1585 567 SCRIPTORUM

723 630 809 684 M.
848 630 915 683 T.
955 626 1408 683 CICERONIS.

454 766 508 805 M.
529 766 681 805 Tullius
700 766 829 803 Cicero
848 765 988 814 Arpini
1007 772 1118 802 natus
1136 763 1179 800 iii
1199 762 1300 800 Non.
1320 761 1479 799 Januar.

454 818 498 856 In
536 820 636 869 juris
677 819 797 856 civilis
847 818 971 855 studio
1017 829 1166 866 operam
1213 815 1316 852 dedit
1368 813 1417 860 Q.
1442 812 1571 849 Mucio
1605 809 1699 846 Scae-

502 871 591 908 volae
610 871 649 910 J.
670 870 713 907 C.

454 923 664 967 Philonem,
707 922 973 972 philosophum
1019 920 1304 963 Academicum,
1349 918 1426 967 qui,
1474 914 1701 953 Mithridate

503 988 547 1012 eo
580 983 749 1024 tempore
781 975 822 1010 in
857 973 1040 1011 Graeciam
1070 972 1278 1009 exercitum
1315 971 1506 1012 mittente,
1537 965 1701 1004 Athenis

506 1027 661 1064 Romam
682 1026 915 1077 profugerat,
935 1026 976 1062 in
995 1023 1230 1074 philosophia
1250 1022 1408 1060 audivit.

454 1079 659 1130 Apollonio
692 1078 839 1116 Moloni
879 1077 1026 1115 Rhodio
1071 1076 1213 1113 rhetori
1255 1075 1296 1111 in
1343 1072 1505 1110 oratoria
1552 1083 1702 1120 operam

505 1131 621 1170 dedit.

457 1182 497 1220 P.
518 1182 725 1228 Quintium
752 1182 921 1219 oratione
948 1180 1126 1230 privatim
1154 1178 1325 1216 defendit
1348 1190 1470 1214 coram
1498 1175 1554 1212 M.
1576 1174 1705 1212 Tullio

506 1242 544 1271 et
565 1235 635 1271 Cn.
657 1233 858 1270 Dolabella
879 1234 978 1269 Coss.

456 1285 558 1323 Sext.
581 1286 757 1322 Roscium
776 1284 1004 1322 Amerinum
1030 1283 1077 1320 ad
1104 1283 1150 1319 L.
1172 1281 1316 1330 Syllam
1339 1289 1377 1319 et
1397 1281 1447 1327 Q.
1469 1279 1581 1317 Pium
1601 1279 1702 1315 Coss.

507 1337 656 1385 publice
675 1336 858 1373 defendit.

457 1387 651 1437 Suscepta,
698 1386 1001 1437 peregrinatione
1041 1385 1223 1428 Asiatica,
1271 1384 1436 1422 Athenis
1473 1382 1706 1419 Antiochum

509 1438 779 1477 Academicum
797 1439 838 1475 in
856 1436 1092 1487 philosophia
1111 1436 1136 1474 6
1155 1450 1299 1474 menses
1319 1435 1479 1473 audivit.

459 1491 551 1528 Asia
571 1499 608 1528 et
628 1491 761 1528 Rhodo
778 1489 993 1540 peragrata,
1015 1489 1171 1526 Romam
1191 1488 1316 1533 rediit,
1336 1488 1359 1524 a
1388 1486 1543 1523 Molonc
1563 1485 1709 1522 Rhodio

509 1543 699 1581 laudatus.

459 1596 698 1642 Quaesturam
735 1594 855 1643 petit;
901 1607 988 1631 mox
1036 1592 1123 1631 Sex.
1162 1591 1333 1629 Pcducaei
1370 1590 1537 1641 praetoris
1575 1589 1711 1626 Sieiliae

511 1655 679 1696 quaestor.

461 1699 596 1736 AEdilis
632 1698 773 1736 curulis
801 1698 960 1736 Verrem
997 1699 1194 1735 accusavit.
1265 1696 1338 1733 Pro
1375 1694 1536 1732 Fonteio
1573 1702 1610 1731 et
1647 1706 1713 1742 pro

512 1750 659 1789 Caecinfi
677 1750 786 1788 dixit.

465 1804 604 1841 Praetor
623 1802 717 1839 Urb.
736 1803 837 1840 inter
866 1807 887 1839 8
917 1802 1071 1852 primus,
1093 1800 1294 1838 Orationes
1320 1812 1388 1849 pro
1417 1799 1522 1849 Lege
1551 1796 1714 1834 Manilia

514 1863 552 1892 et
570 1868 638 1904 pro
657 1855 835 1891 Cluentio
853 1855 999 1891 habuit.

465 1907 608 1944 Filium
627 1906 802 1944 Marcum
821 1920 868 1943 ex
888 1906 1069 1943 Terentia
1089 1918 1203 1943 uxore
1222 1903 1394 1952 suscepit.

465 1959 608 1996 Consul
643 1958 778 2003 sactus,
818 1958 1020 1995 Orationes
1062 1963 1106 1994 12
1142 1957 1352 1993 consulares
1383 1953 1540 1992 habuit:
1585 1953 1631 1990 de
1669 1951 1714 1987 L.

519 2010 682 2061 Agraria
703 2014 739 2053 3,
753 2018 882 2047 contra
908 2010 950 2046 P.
973 2010 1178 2047 Servilium
1200 2008 1380 2044 Rullum:
1411 2019 1477 2055 pro
1497 2006 1540 2042 C.
1564 2004 1716 2041 Rabirio

520 2062 786 2112 perduellionis
823 2075 906 2099 reo:
947 2075 1013 2110 pro
1051 2060 1236 2098 Murena:
1278 2064 1302 2095 4
1337 2059 1379 2095 in
1416 2058 1464 2096 L.
1498 2057 1716 2097 Catilinam,

519 2117 625 2164 cujus
670 2114 967 2163 conjurationem
1017 2113 1058 2150 in
1109 2119 1240 2149 senatu
1290 2110 1446 2153 detexit,
1493 2108 1718 2156 fortiterque

521 2166 692 2213 repressit
705 2180 717 2209 ;
760 2173 798 2201 et
839 2173 914 2201 tres
952 2164 1055 2208 alias,
1084 2177 1163 2212 quae
1201 2162 1406 2211 perierunt.
1477 2159 1531 2197 Et
1567 2160 1613 2196 ab
1649 2160 1718 2194 hoc

521 2224 701 2265 tempore,
729 2229 846 2265 usque
875 2216 923 2252 ad
951 2224 1163 2253 extremum
1187 2214 1285 2260 vitae,
1313 2213 1361 2250 16
1388 2213 1503 2250 libros
1533 2210 1719 2260 Epistola-

522 2282 606 2306 rum
625 2269 673 2305 ad
691 2268 865 2304 Atticum
883 2267 1039 2315 scripsit.

383 2323 435 2355 44
471 2321 680 2358 Consulatu
726 2320 865 2363 abiens,
917 2327 1050 2368 praeter
1103 2331 1257 2361 morem,
1303 2317 1453 2366 publico
1501 2315 1721 2366 jtiramento

524 2372 736 2415 affirmavit,
770 2371 837 2408 sua
867 2371 981 2408 unius
1010 2371 1122 2420 opera
1150 2370 1283 2418 Remp.
1308 2377 1346 2405 et
1375 2368 1521 2405 Urbem
1549 2380 1625 2404 esse
1651 2365 1721 2403 sal-

525 2438 620 2462 vam.
677 2424 811 2460 Frater
829 2426 910 2473 ejus
929 2422 978 2468 Q.
1000 2422 1154 2460 Tullius
1170 2429 1305 2471 praetor
1323 2421 1501 2458 urbanus.

386 2478 434 2511 45
476 2477 580 2514 Idem
599 2476 650 2522 Q.
671 2475 825 2512 Tullius
843 2475 942 2512 Asiae
960 2482 1095 2523 praetor
1112 2488 1179 2523 per
1197 2473 1416 2510 triennium.

386 2531 436 2568 47
477 2529 671 2566 Valerium
691 2527 869 2565 Flaccum
888 2527 1055 2564 oratione
1075 2526 1254 2563 defendit.

387 2583 436 2616 48
475 2580 599 2618 Clodii
629 2579 821 2617 furoribus
850 2580 994 2622 cedens,
1027 2578 1068 2614 in
1105 2577 1368 2614 Macedoniam
1400 2575 1509 2614 exsul
1540 2575 1654 2613 abiit:
1685 2581 1723 2611 et

526 2632 729 2670 maximam
747 2632 803 2668 rei
821 2631 1015 2668 familiaris
1029 2632 1218 2680 jacturam
1236 2629 1337 2665 fecit.

390 2689 440 2729 49
479 2685 637 2722 Romam
667 2684 872 2721 honorifice
904 2684 950 2720 ab
981 2682 1112 2719 exsilio
1144 2682 1321 2718 reductus
1359 2681 1461 2718 Prid.
1497 2679 1597 2716 Non.
1633 2678 1725 2727 Sep-

531 2737 703 2780 tembres,
722 2735 908 2773 orationes
924 2734 1013 2771 Post
1029 2733 1207 2771 Reditum
1227 2734 1267 2769 in
1286 2741 1418 2770 senatu
1432 2746 1443 2776 3
1473 2739 1512 2769 et
1531 2731 1578 2769 ad
1593 2730 1728 2779 Quiri-

531 2796 598 2833 tes,
626 2802 693 2838 pro
713 2788 837 2827 Domo
851 2802 864 2834 ,-
893 2786 939 2826 de
959 2785 1128 2835 Harusp.
1149 2785 1358 2835 Responsis,
1378 2784 1525 2824 habuit.
