1811 3116
821 190 941 226 vm.
1644 199 1689 242 fii

88 263 244 306 Statim
267 265 518 308 Saturninus
534 272 577 308 et
598 265 780 309 Glaucia
795 265 1008 309 interfecti
1025 275 1139 311 sunt.
1174 269 1389 312 Saturnini
1413 277 1541 327 caput
1554 272 1683 314 Rabi-

84 321 170 363 rius
207 329 378 364 senator
410 338 484 378 per
523 323 719 364 convivia
740 323 1012 365 circumtulit.
1079 325 1237 368 Verum
1272 326 1438 383 postea,
1472 327 1681 370 Cicerone

85 377 288 430 Consule,
322 379 522 421 Rabirius
560 380 861 436 perduellionis
884 388 1112 423 accusatus
1155 383 1236 424 fuit
1267 384 1292 423 ῖι
1320 384 1526 436 Labieno,
1558 386 1681 440 cujus

83 443 258 491 patruus
280 436 334 485 Q.
357 435 570 478 Labienus
601 452 699 479 curn
731 436 960 478 Saturnino
999 439 1170 480 occisus
1198 440 1348 481 fuerat.
1410 440 1507 482 Hoc
1528 441 1679 483 eodem

83 507 194 534 anno
214 499 340 535 natus
361 499 428 534 est
441 493 579 536 Julius
594 494 753 546 Caesar,
773 509 918 536 mense
939 494 1070 548 Julio,
1093 496 1162 538 die
1179 496 1451 539 duodecim-51.

503 614 671 642 ANNUS
707 612 854 641 URBIS
892 614 1124 642 CONDITAE
1161 601 1261 643 654.

137 672 253 714 Coss.
292 673 361 713 M.
396 673 599 723 Antonio,
631 674 684 714 A.
706 675 926 715 Postumio
960 675 1129 723 Albino,
1161 681 1262 716 ante
1297 677 1517 717 Christum
1550 675 1622 718 98.

666 731 883 772 Ciceronis
904 736 1089 772 octavus.

134 798 314 843 Summa
334 801 468 843 totius
488 802 633 859 populi
655 802 940 844 consensione
961 802 1278 859 perhonorifice
1300 803 1505 845 Metellus
1529 803 1679 845 Numi-

75 856 199 899 dicus
215 864 438 900 revocatus
460 866 554 910 est;
585 865 628 901 et
641 859 806 911 Furius,
828 859 901 916 qui
921 859 1197 916 pertinaciter
1217 861 1345 916 hujus
1367 861 1520 902 reditui
1539 861 1677 902 obsis-

78 914 212 966 tebat,
234 929 287 957 ne
316 922 564 972 exspectato
597 916 772 973 quidem
796 916 981 973 judicio,
1013 916 1057 957 in
1078 917 1195 973 quod
1215 919 1241 958 ἐι
1262 917 1469 959 Canuleio
1490 917 1677 959 Tribuno

73 971 211 1026 plebis
223 981 402 1014 vocatus
418 979 521 1024 erat,
543 972 570 1014 a
584 973 750 1015 furente
768 973 1043 1015 multitudine
1061 974 1303 1031 discerptus
1324 980 1404 1017 est.
1466 974 1546 1017 His
1562 974 1677 1016 Con-

74 1028 240 1071 sulibus
256 1027 283 1070 a
304 1029 536 1072 Dolabella
558 1030 752 1072 Lusitani
768 1030 937 1073 subacti
959 1037 1074 1073 sunt.

494 1149 664 1178 ANNUS
700 1150 844 1179 unms
880 1149 1114 1178 CONDITAE
1149 1136 1244 1178 655.

132 1217 247 1258 Coss.
271 1219 323 1266 Q.
346 1219 519 1260 Caeeilio
538 1219 713 1260 Metello
734 1220 914 1272 Nepote,
942 1219 994 1259 T.
1017 1219 1166 1269 Didio,
1187 1223 1290 1260 ante
1313 1218 1534 1260 Christum
1549 1218 1618 1260 97.

687 1277 905 1317 Ciceronis
923 1289 1082 1317 nonus.

133 1346 203 1388 Ab
219 1346 287 1387 his
310 1346 570 1388 Consulibus
587 1347 675 1387 lata
694 1348 762 1388 lex
780 1354 848 1388 est
868 1346 1034 1387 Cecilia
1056 1346 1202 1397 Didia,
1238 1354 1282 1388 et
1302 1349 1355 1388 ab
1377 1347 1445 1388 his
1482 1347 1546 1388 sic
1566 1362 1674 1389 nun-

75 1409 250 1459 cupata,
280 1401 368 1459 qu'a
403 1403 616 1445 sancitum
637 1409 718 1455 est,
748 1419 801 1445 ne
823 1404 876 1444 de
895 1402 1077 1444 diversis
1098 1404 1226 1444 rebus
1247 1404 1316 1445 lex
1332 1404 1525 1455 ferretur,
1559 1410 1603 1445 et
1629 1410 1677 1445 ut

72 1460 192 1515 leges
212 1459 462 1502 trinundino
483 1460 866 1517 promulgarentur.
927 1459 1012 1500 Hic
1039 1458 1164 1515 porro
1185 1459 1390 1501 Metellus
1418 1466 1538 1516 pater
1558 1460 1674 1501 illius

75 1516 247 1558 Metelli
279 1516 375 1569 fuit,
402 1516 476 1573 qui
509 1531 607 1558 cum
637 1516 846 1559 Cicerone
867 1515 1114 1558 inimicitias
1144 1516 1311 1570 habuit,
1344 1523 1388 1559 et
1414 1516 1488 1573 qui
1511 1517 1676 1559 Consul

74 1588 174 1615 cum
194 1588 244 1616 eo
266 1573 392 1616 rediit
410 1573 455 1615 in
471 1573 668 1631 gratiam.
977 1612 1090 1636 βίῃ
1107 1616 1110 1617 ⁷
1205 1619 1228 1633 .,

880 1626 1013 1664 aad«
1086 1623 1183 1645 ,ήκω
1196 1640 1199 1642 ,
1213 1638 1221 1643 ,

492 1692 662 1721 ANNUS
699 1693 847 1721 URms
883 1691 1115 1720 conTAE
1149 1670 1249 1722 656.

79 1752 194 1794 Coss.
217 1753 301 1795 Cn.
325 1750 520 1795 Cornelio
542 1753 742 1803 Lentulo,
773 1755 826 1794 P.
844 1754 1011 1794 Licinio
1035 1754 1205 1803 Crasso,
1239 1758 1341 1795 ante
1365 1751 1587 1796 Christum
1606 1755 1676 1796 96.

655 1810 874 1852 Ciceronis
893 1810 1096 1851 decimus.

132 1882 230 1924 Hoc
248 1896 359 1924 anno
374 1881 590 1924 Antonius
612 1896 765 1924 censor
785 1881 1069 1937 imperatoriis
1086 1884 1298 1926 manubiis
1314 1885 1473 1926 Rostra
1495 1884 1672 1934 ornavit,

77 1945 123 1981 ut
138 1939 289 1981 scribit
305 1939 458 1980 Cicero
480 1939 554 1980 lib.
581 1939 622 1983 3,.
644 1939 696 1980 de
711 1938 891 1982 Oratore
907 1957 918 1991 3
953 1948 996 1983 et
1016 1941 1326 1998 superstitiosae
1345 1942 1429 1982 illae
1446 1941 1673 1998 religiones

77 1996 180 2040 S.C.
193 1996 374 2038 sublatae
391 2002 506 2049 sunt,
524 2010 624 2038 cum
641 1995 881 2050 sacrifieiis,
895 1997 939 2039 in
949 1998 1106 2055 quibus
1121 1998 1318 2041 homines
1330 1998 1676 2040 immolabantur.

496 2114 663 2143 ANNUS
697 2115 845 2143 URBls
881 2117 1114 2145 conTAE
1152 2104 1251 2146 657.

76 2193 188 2234 Coss.
214 2189 298 2233 Cn.
318 2192 507 2233 Domitio
527 2192 786 2242 AEnobarbo,
819 2191 964 2234 Cassio
996 2194 1206 2246 Longino,
1247 2197 1348 2234 cmte
1371 2192 1591 2234 Clo-istum
1605 2192 1675 2234 95.

629 2247 847 2290 Ciceronis
866 2251 1135 2291 uit-decimus.

131 2321 299 2373 Cicero,
334 2335 409 2377 pro
438 2320 597 2372 Domo,
628 2320 690 2362 ait
711 2320 789 2362 Cn.
815 2320 1054 2362 Domitium
1075 2321 1324 2373 Consulem,
1349 2322 1598 2374 Censorem,
1631 2329 1676 2364 et

18 2388 21 2390 ’
76 2378 337 2421 Pontificem
377 2377 624 2430 maximum,
657 2392 703 2419 se
731 2393 910 2434 puerum
925 2378 1102 2420 vidisse.
1162 2378 1243 2420 His
1264 2378 1388 2420 Coss.
1411 2380 1672 2421 Ptolemaeus

75 2436 340 2491 Cyrenarum
359 2449 449 2487 rex,
486 2443 776 2493 cognomento
816 2434 944 2491 Apio,
979 2434 1166 2477 moriens
1201 2436 1408 2493 populum
1428 2436 1673 2479 Romanum

72 2492 285 2534 haeredem
300 2491 486 2549 reliquit.

504 2611 673 2639 ANNUS
709 2611 852 2639 URBIS
886 2612 1121 2640 conTAE
1151 2597 1249 2640 658.

81 2686 196 2730 Coss.
217 2689 269 2730 L.
294 2686 464 2731 Licinio
494 2688 661 2739 Crasso,
694 2691 743 2738 Q.
772 2690 923 2730 Mucio
961 2691 1170 2739 Scaevola,
1210 2692 1312 2730 ante
1348 2686 1567 2730 Christum
1602 2687 1673 2731 94.

609 2746 826 2788 Ciceronis
841 2747 1129 2788 duodecimus.

135 2818 236 2863 Duo
256 2817 321 2863 illi
335 2817 546 2864 Consules
562 2819 706 2876 legem
719 2818 913 2916 Mucia2m
928 2816 1136 2862 Liciniam
1152 2816 1338 2861 tulerunt
1356 2814 1410 2858 de
1426 2815 1673 2873 redigendis

805 2889 833 2917 B
