1790 3090
122 147 215 192 294
848 153 898 186 IN
926 153 1143 188 PrsoNEM.

213 222 428 276 decedens
461 223 656 264 miseram
691 224 932 279 perdidisti.
993 225 1221 278 Arsinoen,
1253 226 1456 278 Stratum,
1478 225 1764 283 Naupactum,

134 275 194 317 25
214 286 262 321 ut
301 282 429 322 modo
460 287 551 321 tute
583 280 799 332 indicasti,
830 284 997 325 nobiles
1031 285 1155 324 urbes
1193 291 1320 341 atque
1352 285 1515 340 plenas,
1535 284 1680 326 fateris
1710 285 1764 326 ab

215 337 413 378 hostibus
431 351 525 377 esse
543 344 711 392 captas3
743 339 898 393 quibus
915 348 1058 381 autem
1074 340 1294 382 hostibus?
1325 339 1478 395 nempe
1495 340 1559 388 iis,
1576 354 1686 396 quos
1706 347 1766 390 tu,

216 394 457 434 Ambraciae
479 393 647 443 sedens,
664 394 800 448 primo
820 401 894 437 tuo
915 397 1116 447 adventu,
1133 411 1185 437 ex
1201 397 1371 453 oppidis
1392 396 1682 452 [Agrinarum]
1707 404 1769 437 at-

217 464 299 504 que
332 449 550 504 Dolopum
582 450 829 505 demigrare,
863 458 906 492 et
935 467 1028 493 aras
1059 459 1102 493 et
1131 453 1251 494 focos
1290 454 1540 509 relinquere,
1571 452 1770 508 coiigisti.

219 505 316 545 Hoc
337 512 382 545 tu
405 505 448 545 in
470 505 601 557 exitu,
625 508 823 559 praeclare
845 507 1088 564 imperator,
1109 508 1205 549 cum
1227 510 1302 550 tibi
1327 511 1379 550 ad
1400 509 1600 565 pristinas
1623 510 1767 550 clades

139 559 199 600 30
218 562 410 602 accessio
431 562 585 603 fuisset
603 561 777 604 AEtoliae
796 565 1042 620 repentinus
1064 565 1273 617 interitus,
1291 567 1524 607 exercitum
1543 565 1741 606 dimisisti
1758 580 1769 615 3

217 632 355 673 neque
375 619 506 659 ullam
538 634 722 674 poenam,
744 636 839 676 quae
870 629 989 662 tanto
1013 622 1187 663 facinori
1209 623 1446 673 deberetur,
1466 637 1552 663 non
1582 620 1771 662 maluisti

217 674 376 726 subire,
407 674 536 731 quam
576 691 796 717 numerum
836 684 1005 718 tuorum
1043 679 1223 719 militurn
1261 679 1547 735 reliquiasque
1588 692 1771 733 cognos-

219 745 330 771 cere.
360 732 520 787 Atque,
535 739 580 772 ut
593 733 773 774 duorum
795 734 1105 789 Epicureorum
1128 735 1452 777 similitudinem
1474 735 1517 775 in
1539 749 1583 775 re
1600 733 1768 774 militari

218 786 482 843 imperioque
512 788 720 840 videatis3
753 790 963 831 Albucius
995 790 1092 832 cum
1132 792 1176 832 in
1218 791 1416 833 Sardinia
1448 791 1771 846 triumphasset,

141 843 199 884 35
219 843 369 884 Romae
391 845 616 885 damnatus
633 854 719 896 est;
751 846 835 896 hic,
855 846 951 888 cum
972 847 1153 889 similem
1174 849 1335 889 exitum
1350 854 1552 905 speraret,
1567 847 1612 887 in
1626 847 1773 887 Mace-

219 899 351 939 donia
370 906 532 955 tropaea
552 902 718 955 posuit:
750 917 901 958 eaque,
923 919 1016 959 quae
1037 905 1205 945 bellicae
1226 905 1365 946 laudis
1388 904 1661 959 victoriaeque
1684 918 1772 944 om-

217 970 295 996 nes
317 963 467 1011 gentes
490 956 676 1012 insignia
696 965 739 998 et
760 959 1020 1000 monimenta
1042 975 1135 1001 esse
1156 962 1393 1012 voluerunt,
1414 967 1560 1002 noster
1579 960 1650 1001 hic
1668 974 1772 1015 prae-

217 1018 414 1067 posterus
439 1011 686 1067 imperator,
716 1014 971 1055 amissorum
1002 1016 1270 1071 oppidorum,
1303 1032 1508 1058 caesarum
1537 1017 1771 1073 legionum,

217 1069 449 1123 provinciae
479 1069 676 1125 praesidio
700 1077 743 1111 et
765 1070 937 1126 reliquis
968 1072 1175 1113 militibus
1198 1074 1369 1124 orbatae,
1391 1074 1443 1113 ad
1467 1073 1772 1128 sempiternum

143 1125 200 1167 40
220 1125 407 1166 dedecus
422 1126 487 1166 sui
503 1126 667 1181 generis
678 1133 720 1167 et
733 1127 1111 1178 nominis,funesta
1125 1129 1284 1170 indicia
1294 1129 1539 1180 constituit3
1557 1129 1773 1184 idemque,

218 1188 267 1222 ut
286 1188 413 1232 esset,
436 1183 552 1237 quod
572 1182 614 1222 in
636 1183 729 1223 basi
751 1191 1002 1238 tropaeorum
1035 1185 1168 1226 incidi
1198 1186 1460 1242 inscribique
1481 1192 1642 1241 posset,
1664 1185 1773 1240 Dyr-

217 1238 441 1279 rhachium
464 1246 511 1279 ut
530 1239 662 1289 venit,
685 1240 916 1292 decedens,
939 1242 1142 1283 obsessus
1164 1250 1230 1283 est
1259 1243 1313 1283 ab
1334 1243 1387 1283 iis
1417 1243 1519 1299 ipsis
1551 1241 1774 1292 militibus,

218 1309 328 1351 quos
350 1295 478 1350 paulo
500 1296 599 1336 ante
621 1296 837 1352 Torquato
869 1299 1091 1354 respondit
1120 1299 1319 1340 beneficii
1351 1299 1484 1341 causa
1515 1300 1590 1340 abs
1613 1313 1658 1339 se
1680 1313 1775 1339 esse

219 1351 444 1403 dimissos3
476 1352 630 1407 quibus
673 1352 770 1393 cum
805 1355 972 1409 juratus
1018 1356 1284 1406 affirmasset,
1324 1371 1384 1407 se,
1432 1371 1526 1412 quae
1570 1356 1776 1396 deberen-

143 1410 199 1452 45
220 1414 298 1459 tur,
332 1415 503 1464 postero
540 1408 608 1450 die
645 1410 973 1465 persoluturum,
1001 1412 1175 1452 domum
1211 1427 1255 1452 se
1288 1413 1477 1454 abdidit:
1511 1411 1612 1453 inde
1646 1418 1773 1453 nocte

217 1465 494 1520 intempesta,
517 1465 775 1522 crepidatus,
797 1474 914 1508 veste
945 1468 1101 1519 servili,
1123 1484 1274 1510 navem
1304 1469 1572 1519 conscendit,
1593 1468 1774 1509 Brundi-

218 1522 414 1577 sitimque
447 1522 610 1573 vitavit,
642 1530 685 1564 et
726 1523 899 1564 ultimas
943 1525 1121 1566 Adriani
1166 1528 1291 1566 maris
1333 1540 1426 1566 oras
1467 1525 1643 1581 petivit:
1675 1524 1773 1565 curn

217 1578 387 1619 interim
421 1578 675 1634 Dyrrhachii
718 1580 873 1621 milites
906 1581 1094 1630 domum,
1125 1581 1169 1622 in
1200 1582 1285 1638 qua
1315 1582 1447 1623 istum
1476 1596 1569 1623 esse
1600 1581 1774 1623 arbitra-

217 1635 385 1685 bantur,
419 1635 614 1676 obsidere
646 1644 882 1691 coeperunt,
913 1645 971 1689 et,
1002 1638 1100 1680 cuni
1140 1640 1270 1680 latere
1306 1639 1523 1681 hominem
1562 1644 1775 1701 putarent,

143 1696 200 1736 50
218 1691 339 1748 ignes
371 1691 769 1743 circumdederunt3
810 1708 895 1750 quo
932 1702 1049 1736 metu
1085 1694 1290 1737 commoti
1337 1695 1641 1753 Dyrrhachini,
1679 1709 1776 1751 pro-

262 1922 314 1950 2¹4.
339 1921 506 1962 Arsinoen]
547 1920 672 1951 AEioliae
688 1922 838 1962 oppidum
858 1927 904 1952 est
919 1922 978 1951 Ar-

217 1973 316 1994 snioe.

264 2005 312 2035 lb.
335 2006 495 2048 Stratum]
527 2006 608 2036 Urbs
623 2005 822 2044 Acarnaniae,
838 2018 929 2049 quam
948 2013 979 2039 et

221 2048 418 2088 Stratopolim
437 2049 592 2079 Diodorus
608 2050 756 2081 nominat.

262 2090 312 2122 ΙΙ),
336 2091 551 2133 Naupactum]
591 2091 804 2133 Naupactum,
819 2104 873 2123 seu
888 2092 977 2124 Nau-

218 2139 340 2174 pactus,
357 2135 425 2164 urbs
451 2135 590 2170 AEtoliae,
605 2140 635 2165 et
657 2136 791 2177 regionis
814 2142 921 2177 caput,
946 2138 976 2166 in

220 2176 273 2206 orii
292 2176 373 2206 sinus
388 2176 587 2208 Corinthiaci.

256 2221 309 2251 97.
345 2220 526 2259 Ambraciae]
575 2219 742 2252 Ambracia
758 2222 865 2252 civitas
880 2222 977 2252 Thes-

218 2262 338 2302 protiae,
349 2273 443 2303 quam
456 2262 615 2302 Augustus
627 2263 807 2304 Nicopolim
820 2265 837 2294 ’ἂ
850 2265 978 2296 victoria

217 2306 401 2343 nominavit,
419 2307 544 2345 quando
559 2306 636 2336 vicit
650 2306 833 2337 Antonium.

260 2347 309 2379 Ib.
352 2348 560 2389 :igi-inurunt]
618 2348 778 2380 Turnebus
812 2351 978 2392 Agrianum

216 2389 307 2429 legit3
340 2391 461 2431 populi,
490 2390 541 2431 qui
577 2397 610 2421 et
635 2391 740 2432 Agraei
764 2393 919 2429 dicuntur,
946 2394 978 2423 in

217 2432 357 2462 Paeonia.

260 2478 312 2508 28.
337 2475 507 2517 Dolopum]
554 2476 695 2517 Dolopes
722 2477 889 2508 Thessaliae
916 2489 972 2518 po-

215 2518 292 2557 puli,
309 2524 342 2548 ut
356 2519 422 2548 vult
445 2519 642 2558 Stephanus:
670 2519 788 2550 Plinius
812 2532 864 2551 eos
881 2521 973 2551 AEto-

214 2561 264 2590 liae
280 2566 471 2596 annumerat,
488 2567 520 2591 et
533 2562 630 2601 Epiro
647 2562 842 2593 Ptolemceus.

257 2606 311 2634 33.
345 2603 482 2633 Duorum
519 2603 755 2643 Epicureorum]
819 2605 972 2646 Intelligit

212 2644 381 2677 Albucium
408 2653 439 2676 et
464 2646 621 2678 Pisonem.
666 2648 716 2677 De
743 2647 876 2678 Albucio
899 2649 970 2679 vide

214 2688 303 2720 Orat.
320 2690 359 2720 dc
376 2689 548 2720 Provinciis
564 2689 691 2720 Consul.

255 2734 308 2762 36.
343 2731 459 2771 Τνυριῑιι
484 2733 605 2773 posuit]
663 2733 795 2774 Tropina
825 2735 968 2775 quiedam

211 2781 298 2805 erant
321 2774 437 2806 vii-tuiis
461 2775 579 2806 bellicae
604 2776 803 2812 monimenta,
821 2788 902 2818 qua‘,
919 2778 967 2809 vel

1022 1923 1095 1953 fusis
1112 1924 1159 1953 vel
1175 1923 1288 1963 sugatis
1311 1924 1462 1958 hostibus,
1477 1924 1516 1953 ad
1534 1923 1662 1964 gloriam
1677 1922 1776 1953 victo-

1021 1977 1087 1996 rum
1105 1967 1311 2006 erigebantur.
1334 1966 1445 1996 Primis
1455 1967 1644 2007 temporibus
1653 1966 1779 1996 fuerunt

1022 2009 1162 2038 arborum
1197 2011 1294 2039 trunci
1333 2009 1494 2039 hostilibus
1531 2010 1622 2039 armis
1651 2009 1751 2038 vestiti
1766 2021 1773 2039 :

1022 2052 1137 2081 deinde
1166 2051 1182 2081 ὲ
1212 2051 1368 2092 lapidibus
1393 2052 1528 2082 excitata
1550 2056 1641 2089 sunt3
1664 2050 1778 2081 ultimis

1019 2094 1090 2125 vero
1104 2094 1316 2125 Romanorum
1341 2095 1540 2135 temporibus,
1551 2095 1662 2136 quibus
1673 2094 1777 2124 floruit

1020 2139 1236 2178 imperatorum
1253 2148 1366 2168 nomen
1390 2144 1422 2167 et
1443 2138 1551 2177 gloria,
1568 2148 1622 2178 pro
1637 2136 1774 2177 tropaeis,

1020 2191 1107 2210 arcus
1122 2181 1289 2220 magnifici,
1304 2181 1467 2221 insculptis
1492 2181 1701 2221 undequaque
1725 2190 1779 2210 eo·

1019 2234 1084 2253 rum
1102 2223 1247 2258 victoriis,
1263 2224 1356 2254 erecti
1372 2229 1452 2255 sunt.

1064 2269 1116 2297 43.
1147 2265 1284 2308 Beaniciz'
1305 2267 1392 2296 cansa
1419 2267 1466 2296 abs
1490 2276 1518 2296 se
1540 2275 1594 2295 esse
1617 2264 1771 2304 dimissos]

1023 2308 1225 2348 Quadruplex
1242 2310 1300 2339 fuit
1323 2310 1438 2351 missio,
1453 2310 1594 2344 honesta,
1609 2307 1775 2348 ignomini-

1023 2363 1088 2387 osa,
1105 2347 1248 2392 giai'iosa,
1263 2353 1421 2383 causaria:
1446 2353 1585 2386 honesta,
1599 2362 1668 2392 quae
1691 2360 1775 2380 eme-

1021 2394 1084 2425 ritis
1099 2395 1263 2435 stipendiis
1275 2396 1385 2431 datur3
1410 2394 1624 2435 ignominiosa.
1636 2403 1705 2434 quae
1719 2393 1775 2422 da-

1017 2438 1109 2468 turin
1123 2448 1267 2478 poenam;
1287 2439 1430 2478 gratiosa,
1445 2447 1516 2478 quae
1529 2437 1670 2470 beneficii
1685 2436 1771 2472 loco;

1015 2481 1165 2515 causaria,
1181 2491 1251 2520 quae
1266 2482 1306 2510 ob
1323 2481 1471 2510 morbum.

1059 2524 1109 2552 46.
1135 2523 1336 2563 Crepidatus.]
1375 2523 1476 2553 Graeci
1492 2523 1626 2563 crepidis
1640 2522 1774 2552 uteban-

1017 2569 1075 2596 tur.

1059 2609 1112 2638 47.
1151 2608 1278 2639 Adriani
1314 2608 1431 2650 maris]
1498 2608 1672 2639 Adrianmn
1710 2607 1773 2638 sive

1013 2649 1207 2681 Adriaticum
1235 2661 1317 2681 mare
1341 2652 1380 2683 ad
1407 2652 1661 2691 septemtrionem
1685 2650 1773 2682 Itali-

1013 2703 1062 2723 am
1077 2693 1181 2724 alluit:
1197 2694 1348 2732 Inferum,
1362 2694 1428 2725 sive
1438 2695 1644 2736 Tyrrhenum,
1657 2694 1697 2725 ad
1709 2705 1773 2726 me.

1014 2736 1135 2768 ridiem.
