1790 3090
24 125 108 169 352

704 123 798 157 PRO
822 123 1086 158 MARCELLO.

746 408 1032 436 EXORDIUM.

152 512 187 554 Ι.
221 509 521 553 DIUTURNI
556 509 730 561 silentii,
754 509 805 551 P.
824 509 874 550 C.

896 524 981 566 quo
1004 524 1118 551 eiam
1148 508 1215 550 his
1248 508 1514 572 temporibus
1550 524 1672 562 usus,

91 584 179 611 non
230 570 383 611 timore
428 568 596 632 aliquo,
644 568 721 609 sed
769 566 926 622 partim
973 567 1135 617 dolore,
1181 565 1340 630 partim
1389 567 1668 618 verecundia,

92 628 223 669 finem
264 626 496 667 hodiernus
537 625 630 666 dies
667 624 840 675 attulit3

91 699 274 741 quaeque
315 683 535 734 sentirem,
567 697 662 724 meo
704 681 885 737 pristino
926 697 1042 723 more
1085 681 1271 723 dicendi.

893 623 1095 681 idemque
1132 623 1314 674 initium,
1349 631 1469 680 aquae
1501 625 1672 677 vellem,

1332 680 1518 723 Tantam
1555 681 1672 724 enim

46 744 74 785 5
94 741 482 791 mansuetudinem,
506 748 594 782 tam
625 739 877 780 inusitatam
908 738 1235 820 inauditamque
1268 739 1559 787 clementiam,
1581 746 1673 780 tan-

91 805 183 840 tum
213 798 257 839 in
291 813 430 839 summ
436 813 460 838 a

493 804 709 861 potestate
741 811 881 837 rerum
913 811 1105 838 omnium
1125 796 1340 847 bmodum,
1363 803 1451 837 tam
1483 795 1669 852 denique

89 855 383 897 incredibilem
418 854 675 910 sapientiam
706 868 757 894 ac
776 853 912 915 paene
946 854 1147 904 divinam,
1178 860 1338 894 tacrtus
1379 854 1499 894 nullo
1536 854 1667 895 modo

89 911 303 974 praeterire
345 926 538 966 possum.
618 910 685 950 M.
717 909 832 951 enim

883 910 1090 952 Marcello
1128 910 1268 962 vobis,
1319 909 1371 952 P.
1415 910 1466 952 C.

1520 910 1668 967 Tfilque

88 968 274 1031 publicae
306 967 489 1016 reddito,
521 982 608 1008 non
642 966 783 1009 solum
820 966 952 1017 illius,
982 968 1058 1008 sed
1098 982 1236 1009 meam
1270 967 1400 1008 etiam
1433 981 1586 1009 vocem
1624 975 1668 1010 et

20 1027 72 1072 10
88 1025 402 1076 auctoritatem,
444 1032 488 1066 et
526 1023 650 1065 vobis
692 1031 736 1065 et
785 1023 1035 1079 reipublicae
1076 1031 1374 1065 conservatam
1405 1039 1457 1066 ao
1489 1024 1662 1067 restitu-

86 1090 176 1125 tam
224 1090 343 1138 puto.
420 1081 634 1124 Dolebam
685 1080 812 1131 enim,

863 1080 911 1122 P.

955 1081 1006 1123 C.
1048 1096 1099 1123 ao
1138 1080 1412 1122 vehementer
1460 1082 1662 1137 angebar,

88 1141 186 1185 cum
208 1139 399 1182 viderem
426 1139 563 1182 virum
594 1139 741 1190 talem,
773 1137 868 1196 [qui
903 1138 948 1180 in
978 1137 1128 1181 eadem
1161 1153 1293 1181 causa
1323 1140 1475 1191 esset‚]
1508 1153 1552 1179 m
1581 1139 1665 1196 qua

656 1324 1096 1354 INTERPRETATIO.

136 1450 359 1508 ‘loquendi
378 1463 466 1492 meo
481 1451 673 1506 pristino
694 1462 806 1490 more
827 1463 877 1490 ea
897 1462 1000 1503 qzcae
1022 1450 1182 1498 vellem,
1203 1453 1245 1490 et
1263 1461 1366 1503 qzcae
1384 1449 1600 1491 sentirem.

684 1508 702 1530 b
713 1508 1058 1550 moderationem.

798 1644 947 1679 NOTAE.

127 1747 157 1777 1.
177 1745 274 1777 Dium
293 1742 404 1777 ›zisz'lm
421 1743 482 1783 tii.]
518 1743 584 1775 Diu
599 1745 725 1777 siluerat
740 1747 851 1780 Cicero

81 1796 208 1831 propter
222 1789 289 1819 llul
306 1788 355 1819 lul
376 1789 439 1820 lum
455 1788 546 1819 civile
562 1790 644 1829 quod
664 1789 851 1831 Pompeium

79 1834 162 1864 inter
183 1832 392 1865 etCesarem
416 1837 580 1862 exarserat.
624 1832 688 1863 Alii
713 1836 794 1865 enim
817 1836 851 1866 in

41 1881 59 1897 ’²
80 1877 158 1907 alias
173 1878 266 1907 urbes
282 1887 315 1907 se
331 1881 487 1906 senatores
505 1882 708 1916 receperant3
732 1878 782 1908 alii
802 1889 850 1909 se-

81 1921 144 1951 cuti
160 1920 283 1950 fuerant
300 1920 499 1960 Pompeium,
513 1925 545 1948 ut
560 1919 627 1958 ipse
640 1919 762 1955 Cicero,
778 1933 848 1952 curu

81 1964 187 1993 multis
211 1963 227 1993 ὲ
255 1963 456 2003 primoribus:
491 1963 585 2002 quare
612 1962 722 1993 Roman
747 1965 848 1996 nullus

81 2012 155 2036 tunc
171 2013 295 2036 senatus
311 2006 493 2036 habebatur.
532 2004 674 2044 Deinde,
690 2006 760 2036 curn
779 2008 847 2048 ipse

81 2049 100 2079 ἐ,
118 2049 241 2080 Caesare
267 2050 424 2079 restitutus
448 2053 505 2083 est,
528 2048 627 2084 latuit,
650 2059 752 2090 neque
777 2061 847 2081 sen-

80 2093 210 2123 tentiam
226 2093 306 2122 dixit
320 2093 350 2122 in
368 2097 490 2123 senatu.

125 2136 174 2166 Ib.
201 2135 304 2166 Patres
319 2135 500 2175 conscripti]
547 2134 700 2165 Ordinum
717 2136 847 2167 varicta-

80 2184 143 2210 tem
174 2179 281 2209 intulit
311 2179 464 2209 Romulus
495 2178 525 2207 in
561 2189 648 2208 suam
676 2179 847 2212 civitatem.

80 2222 173 2253 Idem
190 2223 271 2253 enim
289 2228 442 2257 senatum,
457 2222 542 2252 idem
559 2221 679 2262 equites
695 2222 844 2254 instituit.

80 2267 148 2304 sed,
163 2267 217 2307 qui
240 2277 342 2306 neque
358 2271 516 2296 senatores
539 2275 642 2305 neque
658 2266 780 2306 equites
795 2277 844 2298 es·

81 2315 162 2344 sent,
178 2320 231 2339 eos
246 2309 277 2340 in
291 2310 382 2339 tertio
395 2308 495 2350 plebis
509 2308 616 2338 ordine
630 2308 764 2349 reliquit.
790 2311 845 2341 Sc-

80 2358 204 2382 natores
219 2359 323 2382 autem
340 2351 522 2387 nominavit,
538 2361 616 2392 quos
631 2352 670 2382 ad
688 2353 845 2384 consulta-

80 2395 182 2425 tiones
207 2396 246 2425 de
278 2395 406 2435 Repub.
438 2394 614 2430 advocavit,
641 2395 726 2435 qued
757 2407 844 2428 senes

81 2438 146 2469 sere
170 2443 202 2468 et
231 2437 362 2478 majores
391 2444 466 2469 natu
497 2443 594 2472 erant,
625 2439 665 2467 ad
691 2449 769 2479 quos
801 2441 840 2471 de

81 2481 202 2512 summa
227 2480 357 2522 Repub.
382 2482 519 2517 referret,
547 2486 640 2521 atque
669 2491 707 2511 ex
737 2493 841 2513 eorum

81 2525 265 2556 auctoritate
281 2524 385 2554 omnia
408 2530 525 2565 ageret,
542 2534 611 2565 quae
634 2524 760 2564 publice
784 2526 842 2556 sibi

80 2568 282 2608 suscipienda
296 2568 495 2598 existimaret.
524 2566 658 2597 Eosdem
671 2568 764 2598 etiam
782 2569 844 2599 Pa-

80 2617 142 2642 tres
158 2611 339 2652 appellavit,
356 2610 468 2651 nempe
492 2610 511 2640 a
531 2620 611 2640 curae
627 2611 842 2648 similitudine,

79 2660 115 2685 ut
137 2655 259 2694 scripsit
280 2655 311 2684 in
328 2653 471 2685 Catilinae
488 2653 701 2694 conjuratione
723 2655 841 2686 Sallus-

80 2699 150 2728 tius.
176 2698 282 2733 Unde,
299 2697 541 2738 procedentibus
557 2698 761 2737 temporibus,
778 2697 840 2729 Pa-

77 2746 140 2772 tres
156 2741 332 2782 Conscripti
348 2741 499 2771 nominati
511 2748 594 2776 sunt,
610 2740 663 2781 qui
677 2741 707 2772 in
724 2752 838 2773 novum

77 2790 218 2817 uenatum
232 2790 318 2817 eraut
333 2784 423 2824 lecti;
439 2783 579 2826 quamvis
594 2784 750 2826 postrem&
768 2796 839 2818 usus

896 1743 1076 1780 obtinuerit,
1091 1746 1126 1773 ut
1149 1752 1256 1773 omnes
1279 1746 1436 1774 senatores
1451 1753 1514 1774 uno
1533 1742 1659 1787 Patrum

897 1788 1149 1827 Conscriptorum
1165 1785 1290 1816 nomine
1307 1798 1334 1815 v
1329 1793 1501 1818 ›carentur.

939 1835 971 1864 2,
1012 1830 1077 1860 Non
1092 1831 1192 1859 timore
1206 1830 1312 1869 aliquo.
1317 1829 1331 1869 ]
1382 1830 1419 1861 Id
1437 1831 1516 1861 dicit
1529 1831 1569 1861 ad
1583 1841 1659 1862 con-

894 1875 1062 1906 ciliandam
1078 1872 1209 1903 Caesaris
1224 1873 1280 1903 sibi
1298 1874 1563 1904 benevolentiam:
1582 1875 1658 1916 quid

892 1919 973 1949 enim
1004 1917 1041 1947 ab
1066 1927 1103 1946 eo
1128 1916 1236 1946 timere
1261 1922 1395 1957 poterat,
1412 1917 1429 1946 a
1446 1923 1585 1958 quotam
1602 1919 1659 1949 liu-

892 1962 1023 1992 maniter
1036 1965 1184 2000 exceptus
1201 1964 1258 1995 est,
1273 1960 1429 2000 praecipue
1445 1959 1515 1990 cum
1541 1961 1584 1990 illi
1601 1962 1658 1992 ob.

891 2005 973 2035 viam
989 2003 1074 2034 venit
1089 2002 1232 2032 redeunti
1248 2013 1284 2032 ex
1297 2002 1375 2032 Asia
1388 2003 1419 2033 in
1437 2001 1572 2033 Italiam.
1612 2004 1657 2036 Ut

893 2049 976 2078 enim
1007 2047 1191 2078 Plutarchus
1216 2045 1321 2075 scribit
1344 2046 1375 2076 in
1403 2045 1567 2083 Cicerone,
1593 2057 1658 2079 non

893 2091 977 2133 prius
995 2090 1100 2122 Cesar
1114 2089 1249 2119 Tullium
1274 2095 1346 2119 ante
1370 2089 1446 2120 alios
1469 2090 1527 2120 sibi
1549 2101 1657 2123 occur-

893 2142 1010 2166 rentem
1026 2133 1113 2170 vidit,
1129 2143 1222 2173 quam
1240 2133 1449 2170 descenderit,
1463 2133 1658 2173 salutaverit,

892 2188 1026 2220 cumque
1056 2187 1094 2207 eo
1124 2175 1190 2206 solo
1219 2175 1402 2216 colloquens
1431 2176 1528 2207 multa.
1556 2178 1657 2209 stadia.

893 2221 1087 2263 processerit.
1114 2218 1206 2249 Adde
1223 2218 1306 2260 qued
1323 2219 1471 2260 singulari
1490 2219 1656 2252 clementia

891 2271 922 2297 et
939 2265 1032 2296 animi
1049 2264 1178 2294 lenitate
1194 2263 1340 2303 praeditus
1356 2270 1422 2294 erat
1437 2263 1550 2295 Caesar.

933 2308 983 2339 Ib.
1009 2308 1125 2338 Partim
1140 2306 1263 2347 dolonn]
1310 2305 1414 2338 Prima
1429 2317 1521 2338 causa
1533 2310 1600 2347 ejus
1612 2308 1654 2338 si-

889 2352 978 2382 lentii
994 2351 1083 2381 dolor
1098 2350 1167 2386 fuit,
1183 2360 1276 2390 quem
1299 2360 1338 2380 ex
1360 2350 1501 2380 absentia
1522 2356 1556 2381 et
1577 2362 1652 2382 casu

891 2394 1037 2426 Marcelli
1061 2393 1266 2434 percipiebat,
1279 2393 1376 2434 quod,
1391 2392 1460 2423 cum
1483 2393 1515 2424 in
1538 2393 1650 2429 eadem

886 2438 978 2469 causa
990 2438 1109 2472 suisset,
1123 2436 1185 2478 qua
1201 2436 1323 2472 Cicero,
1338 2446 1400 2466 non
1416 2437 1448 2466 in
1465 2435 1576 2467 eadem
1590 2438 1651 2468 for-

887 2481 962 2511 tuna
985 2481 1051 2521 jam
1080 2486 1180 2510 esset:
1208 2479 1318 2510 Cicero
1347 2479 1482 2521 pristinae
1505 2480 1650 2520 dignitati

885 2524 1025 2555 redditus
1040 2528 1097 2558 est,
1112 2529 1144 2553 et
1159 2521 1329 2553 Marcellus
1344 2522 1478 2553 relictus.

933 2567 982 2597 Ib.
1008 2566 1124 2596 Partim
1140 2565 1337 2607 verecundia]
1369 2565 1571 2597 Verecundia
1585 2578 1651 2600 me.

889 2615 936 2640 tus
954 2615 1000 2640 est
1015 2609 1171 2645 infamiae,
1163 2619 1169 2625 ·
1196 2609 1336 2649 pudebat
1359 2608 1440 2639 enirn
1466 2609 1649 2642 Ciceronem

887 2652 953 2684 sine
971 2652 1124 2683 Marcello
1140 2652 1326 2682 sententiam
1338 2652 1465 2682 dicere'
1457 2663 1487 2682 1n
1505 2659 1628 2685 senatu.

931 2698 982 2727 12.
1019 2695 1057 2726 In
1086 2695 1182 2726 effidem
1210 2695 1308 2726 causa.
1313 2695 1327 2737 ]
1387 2696 1518 2727 Secutus
1548 2697 1650 2729 fuerat:

883 2739 1053 2772 Marcellus
1076 2738 1263 2782 Pompeium
1278 2750 1347 2771 cum
1365 2738 1519 2773 Cicerone
1540 2747 1648 2774 contra

885 2785 1052 2817 Caesarem.
