1790 3090
32 159 109 201 viii
674 159 724 191 M.
747 155 898 193 TULLII
924 158 1171 190 CICERONIS

36 233 186 274 urbem
199 232 735 289 ingreditur,et,advocata
745 237 890 278 statim
904 235 1270 285 concione‚multa
1281 231 1334 276 de
1349 249 1394 276 se
1409 232 1635 290 magnifice

39 289 162 341 dixit,
184 304 234 331 ac
267 291 415 346 populi
446 298 604 332 statum
624 292 668 333 in
687 293 838 334 melius
866 309 912 335 se
944 300 1219 334 mutaturum.
1278 292 1460 333 Tantam
1490 298 1635 332 autem

40 346 200 387 civium
221 347 510 389 carnificinam
531 348 681 400 edidit,
703 356 752 390 ut
768 351 883 391 nulla
902 365 1092 405 unquam
1112 350 1245 405 major
1266 348 1492 391 exstiterit.
1554 347 1635 388 Cn.

43 402 295 459 Pompeius,
316 420 414 446 cum
444 405 622 461 imperio
654 405 809 447 missus
833 407 876 447 in
897 407 1102 455 Siciliam,
1131 407 1372 447 Carbonem
1407 404 1638 446 interfecit.

45 459 128 501 His
150 461 348 515 peractiS,
371 461 491 517 Sylla
523 462 723 503 Dictator
757 470 925 504 creatus
958 471 1022 504 est
1054 465 1108 504 ab
1137 462 1348 518 interrege
1369 461 1542 513 Flacco,
1565 459 1640 516 qui

47 517 162 566 tulit,
184 523 243 565 ut,
276 533 557 574 quaecumque
593 519 663 559 ille
695 519 886 571 fecisset,
921 526 1067 560 essent
1099 526 1219 570 rata3
1250 526 1310 570 ut,
1348 533 1477 574 quem
1511 518 1641 560 vellet

50 571 222 626 civium,
243 573 409 615 indic-ta
431 574 576 626 causa,
598 575 771 632 impune
791 583 939 632 posset
959 576 1169 618 occidere.

478 677 647 705 ANNUS
682 678 828 706 unius
865 680 1100 707 CONDrrAE
1133 667 1230 707 672.

59 733 176 777 Coss.
188 737 258 777 M.
280 738 426 778 Tullio
442 738 625 788 Decula,
645 740 728 780 Cn.
748 740 944 781 Cornelio
956 742 1192 790 Dolabella,
1208 745 1309 781 ante
1334 741 1558 781 Christum
1576 737 1644 779 80.

530 795 748 836 Ciceronis
767 798 995 849 vigesimus
1014 803 1176 839 seoetus.

114 883 239 925 Licet
268 899 479 926 summum
515 885 785 942 Reipublicae
815 893 978 928 teneret
1008 887 1232 944 imperium
1260 887 1392 944 Sylla,
1413 893 1570 936 tamen,
1594 884 1649 925 ad

57 939 248 996 speciem
280 941 467 997 aliquam
498 941 771 998 Reipublicae
807 943 1087 995 retinendam,
1110 944 1303 1000 permisit
1323 944 1415 984 illos
1437 941 1650 983 Consules

59 996 216 1038 creari:
264 997 318 1048 ei,
354 1005 398 1038 ut
430 999 662 1049 Dictatori,
690 999 843 1055 viginti
882 1007 1065 1055 quatuor
1100 1016 1272 1042 secures
1304 999 1652 1056 praeferebantur,

57 1053 228 1109 legibus
249 1054 345 1094 aliis
367 1069 442 1109 pro
459 1055 634 1095 arbitrio
654 1055 767 1104 latis,
781 1055 876 1095 aliis
898 1057 1156 1111 antiquatis:
1189 1057 1390 1112 denique,
1409 1056 1460 1096 de
1479 1053 1653 1095 Mithri-

60 1110 160 1149 date
183 1111 442 1164 jamdudum
463 1111 595 1162 victo,
628 1111 754 1152 tertio
777 1111 962 1153 Kalend.
985 1113 1109 1153 Febr.
1132 1120 1175 1154 et
1197 1112 1445 1167 Pompeius,
1476 1111 1590 1152 bello
1610 1110 1654 1149 in

60 1165 210 1206 Afric-st
232 1166 419 1207 maximo
442 1167 656 1218 confecto,
677 1167 729 1207 de
760 1168 952 1208 Domitio
975 1175 1018 1208 et
1038 1168 1201 1209 Hierba
1231 1175 1385 1223 praeter
1416 1166 1655 1222 legitimam

61 1228 233 1262 aetatem
253 1222 545 1278 triumphavit.
577 1223 674 1264 Hoc
697 1238 808 1264 anno
823 1223 1056 1265 Sertoriani
1073 1225 1175 1265 belli
1196 1224 1241 1265 in
1258 1223 1472 1280 Hispania
1486 1222 1656 1263 initium

60 1277 169 1319 fuit:
203 1293 354 1319 causas
378 1279 507 1320 etiam
529 1279 682 1321 Cicero
703 1294 827 1336 agere
845 1280 1004 1336 coepit:
1036 1296 1136 1322 nam
1156 1296 1232 1336 pro
1256 1280 1462 1328 Quinctio
1485 1293 1659 1321 causam

60 1335 271 1389 privatam
294 1335 407 1390 apud
429 1335 653 1391 Aquilium
674 1336 847 1377 Gallum
863 1337 1058 1392 judicem
1078 1337 1215 1386 dixit;
1247 1344 1290 1378 et
1320 1336 1470 1378 iterum
1492 1350 1537 1377 se
1558 1335 1659 1376 Μο-

61 1391 165 1441 loni,
177 1391 249 1447 qui
265 1391 433 1447 legatus
448 1394 501 1432 ad
516 1392 722 1434 Senatum
740 1394 792 1435 de
810 1393 1079 1435 Rhodiorum
1092 1394 1276 1450 praemiis
1294 1400 1661 1449 venerat,operam

63 1447 251 1499 dedisse,
271 1448 315 1488 in
334 1448 467 1490 Bruto
489 1448 562 1490 ait.

491 1552 660 1580 ANNUS
697 1553 845 1580 URBIS
882 1555 1115 1582 CONDITAE
1146 1539 1244 1581 673.

70 1627 183 1668 Coss.
199 1628 247 1667 L.
261 1628 456 1669 Cornelio
470 1629 590 1680 Sylla
605 1630 670 1668 II.
703 1630 750 1676 Q.
763 1630 936 1670 Cceeilio
952 1631 1126 1670 Metello
1139 1630 1234 1679 Pio,
1245 1634 1347 1670 ante
1363 1628 1581 1670 Christum
1593 1625 1662 1669 79.

514 1685 730 1726 Ciceronis
750 1689 980 1738 vigesimus
997 1689 1215 1739 septimus.

128 1771 306 1813 Sextum
322 1772 533 1814 Roscium
546 1773 796 1815 Amerinum
818 1774 1033 1829 parricidii
1051 1789 1167 1816 reum
1184 1774 1378 1816 defendit
1391 1774 1560 1826 Cicero,
1579 1774 1663 1830 qua

67 1829 113 1869 in
134 1830 266 1869 causa
287 1828 632 1885 Chrysogonum,
657 1830 787 1888 Syllae
807 1832 1007 1872 libertum
1028 1838 1351 1888 praepotentem,
1365 1830 1580 1873 invidiose
1601 1833 1664 1872 in-

70 1892 258 1927 sectatus
291 1893 368 1927 est.
430 1886 536 1927 Haec
571 1887 684 1928 actio
722 1888 858 1943 prima
888 1888 999 1928 illius
1030 1888 1206 1944 publica
1236 1888 1331 1939 fuit,
1352 1888 1395 1928 in
1416 1888 1502 1944 qua
1528 1888 1666 1929 victor

69 1949 237 1983 tantum
260 1943 647 1984 commendationis
679 1944 843 1996 habuit,
865 1952 913 1985 ut
933 1945 1154 2001 nullajam
1174 1945 1378 2000 deinceps
1406 1945 1547 1995 fuerit,
1570 1959 1665 2000 quae

70 2014 158 2040 non
173 2000 264 2054 ejus
279 2000 408 2055 digna
425 2000 661 2056 patrocinio
678 2000 905 2042 videretur.
945 2002 1098 2042 Statim
1114 2008 1215 2058 post
1227 2002 1340 2042 hanc
1357 2001 1668 2052 defensionem,

71 2062 189 2096 metu
225 2056 371 2111 Syllae,
393 2071 520 2112 quem
551 2057 869 2112 perstrinxerat,
902 2058 1094 2099 Athenas
1129 2058 1323 2109 secessit,
1351 2059 1465 2098 unde
1499 2056 1666 2098 tantum

72 2119 174 2167 post
192 2112 423 2153 triennium
444 2113 628 2154 Romam
643 2114 810 2155 redivit.
872 2115 970 2155 Hoc
992 2129 1103 2156 anno
1121 2114 1185 2157 Μ.
1199 2115 1407 2156 Thermus
1431 2114 1668 2170 Mitylenas

74 2169 350 2225 expugnavit,
373 2175 416 2210 et
448 2169 626 2225 imperio
659 2170 856 2212 Romano
877 2171 1059 2213 addidit.
1121 2171 1337 2228 Deposuit
1357 2186 1528 2228 quoque
1550 2170 1668 2226 Sylla

77 2224 363 2278 Dictaturam,
384 2233 427 2267 et
446 2226 490 2267 in
512 2226 753 2269 Cumanum
774 2227 968 2269 secessit.

496 2344 665 2372 ANNUS
701 2345 849 2372 uanis
886 2346 1118 2374 CONDITAE
1153 2333 1249 2373 674.

110 2405 223 2445 Coss.
247 2405 297 2445 P.
321 2405 503 2446 Servilio
543 2406 663 2445 Vatia
695 2406 906 2455 Isaurico,
934 2407 1074 2460 Appio
1107 2407 1291 2447 Claudio
1317 2407 1520 2456 Pulchro,
1543 2402 1644 2447 mite

357 2463 576 2502 Christum
598 2462 667 2502 78.
731 2460 948 2504 Ciceronis
972 2466 1198 2516 vigesimus
1213 2469 1402 2504 octavus.

128 2548 296 2599 Cicero,
307 2556 508 2590 causatus
520 2548 825 2600 valetudinem,
835 2550 907 2606 huj
917 2565 964 2592 us
978 2551 1076 2591 anui
1092 2558 1240 2592 aestate
1249 2551 1443 2592 Athenas
1456 2550 1675 2606 profectus

82 2614 162 2646 est.
194 2606 298 2646 Erat
311 2605 426 2646 certe
441 2621 491 2646 eo
508 2612 696 2661 tempore
711 2605 755 2645 in
765 2605 974 2649 Cicerone
989 2623 1154 2649 summa
1167 2608 1382 2664 gracilitas
1393 2618 1436 2649 et
1447 2607 1672 2648 infirmitas

82 2662 288 2718 corporis,
304 2677 528 2718 procerum
551 2670 593 2706 et
605 2670 733 2703 tenue
752 2664 909 2704 collum
928 2681 938 2715 3
971 2664 1043 2720 qui
1061 2664 1234 2706 habitus
1252 2679 1339 2706 non
1355 2664 1503 2720 procul
1522 2664 1674 2705 abesse

81 2725 256 2775 putatur
269 2718 400 2760 avitae
414 2718 662 2775 periculo,si
677 2719 847 2761 accedit
858 2721 989 2773 labor,
1001 2729 1042 2762 et
1055 2721 1233 2762 laterum
1242 2721 1478 2763 contentio.
1510 2720 1675 2776 Itaque,

83 2774 180 2818 cum
194 2790 290 2818 eum
304 2776 430 2819 amici
446 2782 489 2818 et
504 2775 660 2818 medici
676 2775 959 2830 hortarentur,
972 2785 1020 2820 ut
1035 2777 1058 2820 Ξι
1077 2779 1218 2821 causis
1236 2777 1415 2835 agendis
1429 2777 1675 2828 abstineret,
