1838 3017
663 148 927 184 PHILIPPICA
953 152 999 186 11.

72 284 200 327 citius
222 291 323 329 sunt
355 284 486 335 faeta,
516 281 648 340 quirin
669 284 772 327 dixi.
832 284 1074 327 sconfecto
1109 284 1298 340 negoti0‚
1330 283 1469 326 bonus
1502 299 1636 347 augur

73 342 271 392 (Laelium
304 341 489 392 diceres)
520 345 548 366 ‘⁶
576 342 676 383 Alio
710 342 817 393 dief'
850 341 1002 397 inquit.

1079 341 1117 382 O
1150 341 1462 397 impudentiam
1492 356 1637 397 smgu-

76 398 235 440 larem!
267 398 369 454 quid
399 398 565 439 videras
580 398 596 438 ’ἰ
629 399 733 454 quid
765 400 990 440 senseras?
1021 398 1127 454 quid
1158 397 1388 439 audieras?
1421 412 1502 440 nec
1525 399 1638 441 enim

78 462 122 499 te
143 455 197 500 de
217 455 329 496 coelo
351 455 545 497 servasse
568 454 733 506 dixisti,
755 470 894 510 neque
917 455 1045 497 hodie
1068 454 1191 497 dicis.
1240 454 1289 495 Id
1314 454 1444 510 igitur
1465 454 1641 496 obvenit
1657 451 1712 492 45

77 511 244 563 vitium,
262 512 379 567 quod
401 519 447 553 tu
462 513 553 567 jam
576 512 780 553 Calendis
805 512 1020 553 Januariis
1041 511 1231 554 futurum
1252 525 1348 552 esse
1370 511 1640 566 praevideras,

81 574 126 611 et
144 574 264 610 tanto
285 568 384 611 ante
405 568 676 625 praedixeras.
737 568 854 624 Ergo
888 569 1097 624 (hercule)
1119 567 1288 623 magna,
1321 574 1369 609 ut
1394 581 1534 623 spero,
1565 569 1642 609 tua

112 623 226 667 otius
256 624 390 681 quam
421 625 669 681 reipublicae
702 625 961 675 calamitate,
994 624 1224 666 ementitus
1253 638 1298 664 es
1320 623 1537 679 auspicia:
1569 625 1643 665 ob-

0 638 295 748 &tinxisti
327 683 533 738 populum
564 681 807 723 Romanum
846 681 1078 737 religione:
1125 694 1260 736 augur
1296 681 1460 736 auguri,
1493 682 1643 722 consul

85 737 268 790 consuli,
299 738 618 780 obnuntiavisti.

702 737 814 779 Nolo
850 739 982 793 plura,
1014 751 1068 778 ne
1099 743 1198 777 acta
1230 736 1471 778 Dolabellae
1501 737 1645 780 videar
1663 733 1719 775 50

84 794 103 818 ¹¹
118 795 379 844 convellere;
401 810 495 851 quae
517 808 695 835 necesse
710 801 775 835 est
792 793 1023 856 aliquando
1042 793 1096 834 ad
1113 800 1308 835 nostrum
1324 794 1556 850 collegium
1572 795 1647 836 de-

86 850 288 893 serantur.

347 852 432 892 Sed
461 849 748 906 arrogantiam
775 850 960 892 hominis
989 850 1350 905 insolentiamque
1379 851 1655 907 cognoscite..
1771 875 1838 918 ,γα

87 906 306 955 Quamdiu
333 913 381 949 tu
401 907 536 958 voles,
568 907 748 949 vitiosus
771 908 921 948 consul
944 907 1198 956 Dolabella3
1231 921 1374 949 rursus
1396 910 1495 949 cum
1514 909 1646 960 voles,
1660 908 1809 951 ,statut-,J

89 963 220 1009 salvis
241 963 447 1020 auspiciis
470 971 651 1006 creatus.
675 963 720 1004 Si
743 963 850 1005 nihil
866 972 947 1016 est,
969 965 1067 1006 cum
1085 978 1221 1019 augur
1242 963 1294 1005 iis
1308 964 1446 1006 verbis
1465 965 1648 1014 nuntiat,

90 1019 249 1076 quibus
279 1027 327 1062 tu
356 1020 566 1062 nuntiasti
581 1037 595 1071 3»
620 1021 828 1066 confitere
863 1028 920 1070 te,
952 1020 1051 1063 cum
1083 1026 1111 1045 ‘⁶
1129 1021 1229 1062 Alio
1256 1022 1352 1062 diff
1375 1021 1549 1073 dixeris,
1581 1037 1650 1064 so·
1667 1017 1724 1058 55

90 1076 230 1118 brium
263 1091 351 1119 non
380 1077 539 1119 fuisse:
572 1076 737 1119 sin'fest
766 1077 911 1133 aliqua
937 1077 1002 1120 vis
1024 1077 1069 1118 in
1094 1077 1189 1119 istis
1209 1077 1367 1130 verbis,
1390 1093 1440 1120 ea
1460 1093 1557 1135 quae
1579 1079 1649 1131 sit,

93 1146 229 1175 auoeur
250 1132 276 1175 a
295 1134 466 1181 ,collega
485 1134 670 1190 requiro.

198 1189 274 1232 IV.
294 1190 382 1237 Sed
400 1181 454 1233 ri‘e
470 1191 595 1243 forte,
615 1205 667 1233 ex
680 1191 824 1234 multis
839 1192 966 1235 rebus
982 1191 1116 1249 gestis
1131 1192 1194 1234 M.
1211 1192 1408 1246 Antonii,
1420 1207 1506 1236 rem
1522 1208 1653 1236 unam

379 1398 397 1424 8
409 1393 496 1438 lato
515 1394 741 1451 saffo-agio.

143 1595 196 1624 41.
222 1591 296 1624 Tum
308 1594 435 1624 secunda
448 1594 571 1635 classis]
603 1593 655 1626 Ad
669 1594 800 1626 ferenda
817 1595 858 1626 de

101 1646 186 1668 more
201 1635 360 1677 suffragia,
376 1638 514 1668 secunda
534 1637 640 1668 classis
655 1643 794 1670 vocatur.

143 1681 199 1711 42.
229 1678 328 1712 Bonus
354 1681 484 1721 augutu]
530 1680 705 1712 Antonium
743 1681 858 1712 ironice

102 1729 263 1764 comparat
292 1732 362 1753 cum
394 1723 491 1754 Laelio
525 1733 640 1764 augure
668 1724 859 1765 sapientissi-

103 1775 174 1803 mo;
196 1765 284 1806 cujus
299 1766 490 1807 summafifuit
506 1767 641 1797 nominis
651 1768 816 1798 auctoritas
829 1768 861 1797 in

104 1806 233 1848 Repub.
278 1807 330 1840 De
357 1810 417 1841 hoc
441 1809 510 1841 Cic.
535 1810 568 1841 in
595 1809 692 1841 Claris
708 1810 796 1842 Orat.
816 1810 862 1841 lo·

104 1858 218 1892 quitur.

147 1896 202 1925 43.
225 1895 293 1926 Alio
305 1894 380 1936 die-J
426 1894 508 1927 Cfun
523 1895 604 1927 vidit
623 1895 779 1926 Antonius
795 1895 863 1926 Do-

105 1935 252 1969 labellam
281 1937 442 1970 consulem
469 1939 615 1975 electum,
643 1944 717 1969 tunc
744 1939 863 1980 eligen-

108 1979 182 2010 dum
195 1979 258 2011 alio
270 1981 324 2012 die
335 1980 415 2011 dixit
427 1991 508 2018 esse,
521 1981 609 2023 quasi
621 1981 728 2012 vitiose
742 1988 863 2013 creatus

109 2026 204 2054 esset.

152 2067 207 2096 44.
233 2064 313 2099 Quid
341 2065 451 2096 videras
464 2066 490 2107 .']
544 2066 615 2097 Jam
637 2066 864 2106 impudentiam

109 2107 241 2141 Antonii
250 2109 418 2148 vituperat,
427 2109 493 2150 qui,
502 2108 571 2140 cum
582 2119 640 2140 uec
650 2120 722 2140 aves
730 2109 867 2145 vidisset,

112 2161 174 2183 nec
190 2151 337 2183 sensisset
349 2151 481 2192 pluvias,
498 2157 551 2182 aut
567 2157 653 2182 terrae
666 2157 796 2188 motum,
808 2163 867 2183 nec

114 2194 284 2226 audivisset
309 2194 432 2230 tonitru,
448 2205 540 2226 ausus
557 2201 605 2226 est
624 2201 727 2226 tamen
743 2196 868 2226 comitia

110 2236 164 2268 illa
180 2237 364 2273 consularia,
385 2243 542 2279 tamquam
558 2239 678 2274 vitiosa,
701 2239 869 2279 reprehen-

106 2280 200 2314 Aere.

159 2324 212 2354 45.
236 2322 356 2354 obvenit
379 2324 509 2364 vitium]
569 2322 651 2354 Cum
681 2323 785 2354 Caesar
812 2324 872 2355 sibi

115 2365 267 2408 collegam
293 2366 466 2399 Antonium
494 2366 718 2407 assumpsisset,
749 2367 872 2397 statuis-

118 2414 227 2450 setque
241 2409 343 2441 statim
358 2410 552 2441 consulatum
579 2410 738 2446 abdicare,
760 2420 874 2441 renun-

110 2451 186 2487 ‚finti
210 2451 368 2485 consulem
392 2451 590 2484 Dolabellam
615 2452 729 2490 voluit;
756 2458 788 2484 at
806 2452 875 2483 An-

118 2494 220 2534 tonius
235 2495 353 2537 obJecit
365 2496 507 2536 auguria,
529 2495 638 2536 utpote
653 2495 788 2526 offensus
805 2495 874 2526 Do-

115 2535 252 2574 khellae,
282 2549 376 2579 quem
403 2549 465 2569 nou
494 2549 584 2580 posse
613 2539 771 2570 consulem
793 2539 873 2578 fieri,

120 2579 189 2613 sine
214 2581 329 2622 magn&
356 2581 535 2623 reipublicae
565 2581 752 2618 calamitate,
784 2582 874 2618 dixit,

111 2622 266 2663 <neglecta
291 2625 459 2665 prasertim
495 2625 688 2665 auguriorum
711 2625 872 2665 religione.

122 2664 179 2696 Ait
193 2671 297 2697 autem
312 2664 435 2704 Cicero,
459 2667 542 2708 quod
570 2668 728 2708 praevisum
757 2669 796 2698 ab
813 2668 879 2698 An-

123 2708 210 2740 tonio
236 2709 345 2746 vitium
363 2711 513 2748 evenerit,
539 2712 593 2743 sed
620 2710 705 2752 quod
731 2710 879 2752 praedicta

123 2743 286 2826 calamitas
302 2752 341 2787 in
356 2763 434 2787 eum
455 2753 560 2796 potiris
582 2754 677 2797 quim
704 2754 739 2786 iu
761 2753 880 2795 Remp.

125 2804 188 2826 recl
213 2799 257 2829 et.

1083 1394 1103 1419 1¹
1116 1386 1366 1454 rescindere.

945 1598 999 1627 48.
1037 1594 1200 1627 Ementitus
1224 1607 1252 1628 es
1277 1598 1433 1640 auspicia]
1482 1596 1586 1630 Finxit
1607 1610 1661 1631 au-

902 1638 1003 1678 spicIa
1025 1638 1192 1676 Antonius,
1216 1639 1287 1671 cum
1309 1642 1415 1671 reverti
1437 1642 1523 1672 nulla
1545 1649 1661 1680 essent,

903 1682 1015 1722 quibus
1031 1682 1049 1712 zi
1065 1682 1228 1713 consulatu
1243 1683 1412 1714 Dolabella
1427 1685 1652 1724 prohiberetur.

947 1724 996 1757 Ib.
1022 1725 1206 1756 obstrinxisti
1242 1727 1382 1766 populum
1411 1727 1512 1767 Rom.]
1574 1727 1663 1760 Deo-

903 1779 971 1799 rum
996 1773 1080 1798 metu
1108 1773 1140 1799 et
1163 1768 1210 1799 ira
1232 1770 1383 1810 populum
1398 1770 1577 1802 Romanum
1593 1782 1662 1812 per-

904 1811 1012 1842 celluit
1034 1811 1202 1848 Antonius,
1226 1811 1297 1843 cum
1325 1813 1403 1843 dixit
1429 1813 1468 1843 ab
1492 1824 1529 1844 eo
1555 1821 1664 1846 contra

905 1854 1112 1895 auspiciorum
1131 1855 1312 1896 religionem
1336 1856 1535 1888 Dolabellam
1550 1868 1664 1890 renun-

907 1898 1016 1928 tiatum
1033 1907 1101 1928 esse
1117 1898 1287 1929 consulem.

949 1942 1003 1972 49.
1038 1940 1149 1981 Augur
1175 1941 1316 1982 augur-L]
1375 1941 1532 1974 Antonius
1568 1953 1665 1984 augur

906 1988 973 2014 erat
997 1987 1030 2014 et
1056 1983 1184 2020 consul;
1206 1990 1239 2015 et
1264 1984 1369 2015 Caesar
1394 1996 1491 2026 augur
1515 1986 1607 2017 etiam
1633 1992 1666 2017 et

907 2025 1026 2056 consul.
1070 2025 1222 2057 Consules
1237 2032 1340 2057 autem
1365 2027 1447 2059 inter
1461 2039 1495 2059 se
1511 2034 1543 2059 et
1557 2029 1664 2060 vitiare

910 2073 943 2098 et
965 2068 1097 2098 retinere
1117 2069 1257 2109 auspicia
1279 2076 1432 2110 poterant.
1477 2070 1541 2102 Alii
1561 2077 1666 2103 autern

911 2110 1103 2151 magistratus
1119 2111 1278 2143 inferiores
1293 2114 1476 2145 obnuntiare
1488 2114 1665 2146 consulibus

911 2164 973 2184 non
990 2158 1143 2194 poterant.

955 2197 1008 2226 51.
1042 2197 1090 2227 Ad
1116 2203 1246 2230 nostrum
1271 2199 1453 2241 collegium]
1504 2200 1666 2242 Augurum

912 2239 1078 2279 collegium
1093 2240 1258 2281 intelligit3
1283 2242 1322 2271 ad
1339 2252 1416 2283 quos
1430 2243 1578 2275 videlicet
1598 2255 1668 2285 per-

912 2282 1034 2313 tinebat
1048 2287 1182 2314 statuere
1196 2284 1237 2313 de
1253 2284 1335 2315 vitiis
1355 2286 1577 2326 auspiciorum.

955 2327 1009 2356 53.
1050 2325 1171 2357 Vitiosus
1200 2326 1324 2366 consul]
1386 2329 1524 2361 Vitiosus
1560 2331 1669 2361 consul

913 2368 1037 2404 dicitur,
1066 2369 1098 2399 in
1124 2369 1210 2410 cujus
1233 2371 1389 2402 creatione
1412 2372 1519 2403 vitium
1542 2373 1669 2414 aliquod

917 2411 1055 2447 obvenit,
1085 2411 1156 2443 cum
1189 2412 1307 2453 aliquid
1341 2414 1588 2447 animadversum
1612 2422 1670 2452 est,

918 2461 953 2485 ut
984 2453 1054 2486 curu
1089 2454 1179 2495 pluit,
1210 2456 1259 2486 vel
1291 2456 1395 2497 fulgur
1414 2458 1513 2489 visum
1535 2464 1595 2497 est,
1622 2460 1672 2490 vel

916 2497 1035 2538 aliquid
1051 2497 1203 2538 ejusmodi
1219 2499 1333 2530 evenit.
1350 2525 1353 2527 .
1379 2501 1472 2532 Salva
1494 2508 1597 2532 autem
1618 2511 1673 2532 au·

917 2541 1014 2581 spicia
1036 2541 1190 2578 dicuntur,
1210 2542 1242 2572 in
1257 2543 1368 2584 quibus
1385 2545 1458 2574 nihil
1472 2544 1533 2574 tale
1549 2544 1676 2576 accidit.

960 2586 1013 2614 54.
1035 2583 1066 2613 Si
1081 2585 1156 2615 nihil
1168 2584 1235 2626 est.]
1281 2585 1314 2616 Si
1329 2586 1404 2617 nihil
1420 2590 1458 2617 ab
1474 2597 1591 2627 augure
1612 2598 1675 2618 ser-

917 2631 1024 2656 vatum
1039 2633 1099 2658 est.
1180 2657 1187 2665 ,

965 2671 1019 2700 56.
1043 2669 1097 2701 Sin
1109 2677 1148 2702 est
1163 2671 1291 2714 aliqum]
1317 2671 1348 2702 Si
1363 2672 1437 2712 quid
1450 2679 1498 2704 est
1509 2678 1678 2717 servatum,

921 2713 1006 2754 quod
1022 2715 1228 2746 nuntiandum
1245 2720 1338 2745 esset.

964 2757 1020 2789 5⁷.
1041 2757 1180 2799 Augaia]
1224 2757 1304 2799 Ego,
1318 2758 1374 2801 qui
1388 2768 1458 2791 sum
1472 2769 1585 2803 augur.

1620 152 1705 196 445

72 227 171 277 inde
201 205 272 280 (ul‘
300 202 740 289 assoletjusnfl'ingia:
786 234 878 270 tum
913 227 1108 270 secunda
1139 225 1318 271 classis:
1362 240 1459 283 quae
1489 229 1636 271 omnia

1680 621 1819 706 50²3ss
