1838 3017
669 182 929 217 vammum
957 184 1003 216 11.
1601 179 1684 224 437

50 257 205 316 rybdiu
225 258 354 300 dico?
384 271 495 315 quae,
516 257 551 299 si
573 257 667 311 fuit,
687 259 770 301 fuit
788 258 945 300 animal
969 271 1116 299 unum.
1176 254 1379 298 Oceanus
1400 254 1607 308 (medius-

48 315 199 367 fidius)
217 315 288 356 vix
309 314 473 356 videtur
494 322 560 356 tot
580 330 662 365 res,
692 323 780 357 tam
802 315 1047 372 dissipatas,
1079 321 1167 355 tam
1188 312 1447 355 distantibus
1478 312 1522 353 in
1543 313 1608 353 lo·

49 371 116 413 cis
137 372 317 428 positas,
334 379 421 413 tam
437 371 525 413 cito
545 373 771 414 absorbere
793 373 995 428 potuisse.
1058 370 1175 413 Nihil
1195 377 1285 412 erat
1305 371 1513 420 clausum,
1543 368 1608 409 ni·

2 453 9 457 ·
47 426 110 469 hil
144 429 434 485 obsignatum,
467 428 572 469 nihil
603 429 833 485 scriptum3
865 429 1086 484 apothecae
1114 433 1216 468 totae
1237 425 1510 482 nequissimis
1531 425 1608 467 ho-

48 484 237 526 minibus
268 484 659 526 ‘condonabantun
698 486 782 527 alia
808 486 926 526 mimi
959 482 1197 541 rapiebant,
1229 483 1311 524 alia
1339 483 1499 524 mimae:
1532 482 1607 523 do·
1623 484 1680 524 55

0 552 11 564 ”
34 555 144 583 ,ωας
180 548 270 583 erat
300 541 557 583 aleatoribus
589 542 756 593 referta,
787 543 916 598 plena
948 542 1186 590 ebriorum3
1217 547 1335 580 totos
1364 540 1456 580 dies
1488 546 1607 594 pota·
1634 551 1640 559 ¹
1691 547 1697 555 ’

48 596 189 649 batur,
219 604 350 654 atque
379 597 423 639 id
454 599 559 640 locis
581 599 791 654 pluribus:
827 598 1192 654 &suggerebantur
1214 595 1345 637 etiarn
1365 595 1480 651 saepe
1503 599 1608 649 (uon

50 653 163 695 enim
183 669 351 710 semper
371 655 451 697 iste
472 655 592 704 felix)
624 658 779 696 damna
799 655 1029 695 aleatoria:
1062 652 1349 710 conchyliatis
1381 651 1461 692 Cn.
1483 651 1608 692 Pom-

0 709 135 770 &Peli
156 711 465 767 peristromatis
485 726 702 753 servorum
717 712 760 752 in
777 710 897 752 cellis
913 711 1050 751 lectos
1067 715 1222 750 stratos
1239 708 1416 750 videres.
1449 708 1608 756 Quam-

42 766 196 809 ‘obrem
217 768 403 809 desinite
425 768 580 819 mirari,
611 768 703 809 haec
725 775 812 808 tam
834 766 1027 808 celeriter
1054 780 1148 807 esse
1175 772 1445 821 consumpta.
1509 764 1608 806 Non
1626 766 1681 807 60

48 822 179 864 modo
195 824 319 866 unius
331 825 647 880 patrimonium,
664 825 859 881 quamvis
876 823 1076 879 amplum,
1094 821 1260 863 utillud
1277 821 1373 872 fuit,
1391 822 1468 864 sed
1481 821 1607 862 urbes

49 886 93 920 et
108 894 251 936 regna,
271 880 463 922 celeriter
479 881 625 922 “tanta
637 881 828 937 nequitia
845 880 1048 921 devorare
1062 878 1286 934 potuisset.
1338 878 1610 936 Atjejusdem
1669 904 1672 908 ·

50 935 164 977 aedes
188 936 316 978 etiam
339 943 383 978 et
402 937 562 978 hortos.
625 936 664 978 Ο
687 936 911 978 audaciam
933 934 1180 976 immanem!
1215 942 1260 975 tu
1290 935 1426 976 etians
1439 934 1609 991 ingredi

49 992 165 1033 illam
186 993 363 1034 domum
377 1007 506 1035 ausus
524 993 596 1034 es?
626 1000 673 1034 tu
691 994 795 1034 illud
810 992 1131 1034 sanctissimum
1147 991 1279 1032 limen
1295 991 1476 1033 intrare?
1497 1000 1545 1032 tu
1560 991 1608 1031 il-

48 1049 184 1090 larum
198 1049 355 1091 aedium
367 1049 450 1091 diis
464 1050 692 1105 penatibus
707 1064 756 1091 os
770 1048 1183 1106 importunissimum
1196 1048 1444 1089 ostendere?
1467 1048 1608 1096 Quam
1626 1048 1682 1090 65

50 1105 227 1147 domum
247 1106 512 1162 aliquamdiu
534 1121 659 1148 nemo
683 1107 905 1162 adspicere
926 1112 1110 1162 poterat,
1143 1119 1267 1146 nemo
1295 1103 1387 1146 sine
1409 1104 1608 1161 lacrymis

46 1162 275 1217 praeterirc,
311 1163 394 1204 hac
417 1170 458 1204 te
481 1163 524 1203 in
546 1163 674 1205 domo
696 1163 862 1205 tamdiu
895 1162 1097 1203 diversari
1128 1176 1215 1202 non
1248 1161 1409 1217 pudet?
1440 1161 1484 1201 in
1505 1160 1610 1217 qua,

50 1219 245 1274 quamvis
261 1219 368 1260 nihil
389 1219 546 1275 sapias,
568 1227 712 1261 tamen
731 1219 839 1260 nihil
856 1218 935 1260 tibi
953 1224 1097 1274 potest
1118 1232 1211 1258 esse
1225 1217 1480 1273 jucundum.
1539 1191 1838 1290 ΑΒΜ

48 1282 97 1316 tu
117 1275 188 1316 illa
208 1275 253 1316 in
266 1276 480 1317 vestibulo
498 1282 649 1326 rostra,
671 1276 825 1332 spolia,
849 1274 946 1317 cum
963 1273 1218 1330 adspexisti,
1238 1274 1415 1315 domum
1435 1282 1553 1315 tuam
1569 1281 1611 1314 te
1795 1291 1798 1294 ·

48 1330 222 1373 introire
243 1332 394 1388 putas?
440 1331 552 1373 Fieri
566 1346 652 1373 non
669 1338 833 1389 potest:
868 1332 1062 1388 quamvis
1085 1331 1201 1371 enim
1222 1330 1314 1372 sine
1335 1338 1493 1381 mente,
1517 1329 1611 1372 sine
1629 1332 1684 1373 70

52 1402 181 1429 sensu
203 1387 276 1440 sis,
298 1395 346 1430 ut
362 1403 423 1440 eS,
443 1395 587 1430 tamen
605 1395 648 1430 et
661 1397 717 1441 te,
739 1396 783 1430 et
802 1395 890 1440 tua,
910 1395 954 1430 et
971 1395 1084 1439 tuos,
1099 1386 1240 1438 nbsti;
1271 1402 1351 1429 nec
1365 1387 1464 1430 vero
1481 1394 1523 1429 te
1538 1388 1613 1428 un'-

51 1458 193 1500 quam,
225 1459 365 1502 neque
395 1445 661 1502 vigilantem,
692 1461 830 1503 neque
856 1445 900 1486 in
929 1444 1108 1496 somnis,
1142 1444 1272 1486 credo
1305 1444 1462 1486 imente
1484 1459 1613 1501 posse

49 1502 297 1544 consistere.
357 1501 548 1544 Necesse
569 1507 648 1556 est,
680 1503 892 1560 (quamvis
924 1502 1000 1554 sis,
1030 1508 1078 1542 ut
1110 1515 1171 1554 es,
1203 1500 1456 1558 [violentus]
1488 1508 1531 1543 et
1550 1501 1615 1543 fu-

162 1658 467 1702 sdmzabantur.
560 1661 937 1712 gsubjiciebantur.
1027 1660 1042 1683 ¹¹
1053 1665 1181 1702 tanta
1197 1661 1498 1715 prodigalitas.
1639 1621 1661 1643 ι

621 1716 926 1771 Ὗναηφιὶἰίτιήι
946 1731 1044 1759 esse.

53 1882 113 1914 isse
127 1883 286 1924 quoddam
300 1882 442 1916 immane'
454 1883 585 1916 fabulati
603 1889 684 1916 sunt.
730 1883 814 1915 Vide
858 1894 946 1914 suum
961 1884 1077 1915 habere
1097 1883 1192 1914 deum
1211 1882 1432 1919 Limentinum,
1454 1881 1506 1913 cui
1529 1891 1615 1913 sacra

56 1926 170 1966 virgil.
185 1926 319 1958 AEne'id.
331 1930 363 1959 3.
431 1920 444 1935 '
858 1933 954 1958 erant.

95 1971 148 2000 51.
173 1968 420 2011 Medius-fidius]
465 1971 551 2002 Vide
565 1970 652 2001 Orat.
669 1980 725 2011 pro
741 1969 812 2000 Mil.
901 1971 954 2001 65.
989 1971 1056 2001 Diis
1066 1969 1244 2010 penatibus]
1290 1968 1348 1998 Dii
1364 1973 1494 2009 penates
1507 1969 1615 1998 dome-

55 2021 177 2053 paragr.
192 2012 251 2042 xvi.
265 2018 330 2043 not.
345 2015 385 2043 ad
400 2013 455 2044 lin.
475 2016 506 2045 9.
858 2012 926 2043 suci
942 2013 1077 2048 suerunt,
1103 2019 1138 2042 ut
1154 2013 1196 2042 ait
1217 2012 1284 2042 Cic.
1302 2011 1374 2051 (lib.
1392 2015 1424 2042 2.
1440 2012 1479 2041 de
1493 2010 1617 2040 Natura

97 2056 150 2086 54.
186 2054 357 2095 Apamam]
404 2055 577 2097 Apothecae
591 2055 661 2085 loca
675 2060 757 2090 sunt,
780 2054 813 2084 in
857 2053 1015 2095 Deorum)
1029 2056 1070 2086 ita
1086 2055 1161 2085 dicti
1176 2053 1260 2095 quod
1273 2053 1371 2093 penes
1386 2064 1443 2084 nos
1460 2054 1528 2083 nati
1543 2053 1615 2088 sint,

53 2097 167 2139 quibus
179 2097 296 2134 vinum,
309 2097 423 2135 oleum,
436 2104 468 2130 et
479 2098 540 2129 alia
553 2099 584 2129 id
599 2108 710 2138 genus,
723 2107 814 2138 repo·
856 2097 906 2128 vel
923 2097 1007 2138 qaod
1023 2108 1086 2128 non
1100 2096 1192 2137 longe
1208 2096 1310 2127 absint
1323 2097 1363 2126 ab
1377 2097 1435 2127 hac
1453 2095 1528 2132 vita,
1550 2095 1616 2126 sive

55 2146 179 2173 liuntur.
857 2139 939 2181 quod
956 2140 1080 2182 penitus
1092 2140 1256 2170 insideant.

98 2186 153 2216 58.
198 2183 317 2215 Damna
339 2184 507 2224 aleatorio]
554 2183 709 2214 Antonius
732 2183 814 2224 saepe
900 2183 950 2214 Ib.
977 2183 1014 2213 Os
1028 2181 1329 2224 importunissimum]
1376 2181 1434 2221 Os,
1457 2192 1513 2223 pro
1528 2180 1616 2212 vultu

55 2237 200 2299 ffatgnam
217 2227 357 2268 pecuniae
366 2226 520 2268 jacturam
531 2226 608 2257 aleae
622 2227 701 2257 ludis
718 2227 815 2258 facie·
858 2226 905 2256 vel
922 2226 1069 2298 ?{”3¹¹¹‘³¹³
1084 2225 1219 2267 quadam
1235 2224 1368 2256 audacia
1383 2230 1416 2255 et
1430 2224 1617 2261 temeritate,

80 2280 97 2300 a
113 2293 122 2302 .
856 2279 929 2310 pom
948 2280 991 2300 ur.

97 2312 148 2344 lb.
173 2312 397 2355 Conchyliatis]
441 2312 499 2343 Ait
510 2312 619 2344 Cicero
635 2311 816 2354 conchylia-
900 2313 953 2344 69.
981 2310 1151 2352 Vestibula]
1197 2310 1394 2342 Vestibulum
1417 2310 1500 2352 saepe
1523 2309 1618 2341 sumi-

55 2356 96 2387 tis
111 2356 334 2398 peristromatis
351 2356 411 2388 Cn.
428 2356 574 2396 Pompeii
590 2356 685 2386 lectos
700 2356 732 2386 in
755 2366 817 2386 ser·
861 2360 909 2385 tur
932 2366 987 2397 pro
1010 2355 1080 2386 loco
1102 2360 1174 2386 ante
1189 2354 1273 2385 aedes
1288 2364 1397 2390 vacuo,
1420 2364 1476 2395 per
1489 2364 1580 2395 quern
1596 2353 1617 2383 5.

59 2409 166 2430 vorum
188 2397 274 2429 cellis
294 2405 404 2430 stratos
419 2399 524 2429 fuisse.
571 2398 747 2440 Conchylia
763 2409 818 2428 au·
859 2397 910 2428 via
937 2398 1040 2429 aditus
1063 2407 1267 2438 accessusque
1293 2398 1333 2427 ad
1358 2397 1442 2427 aedes
1466 2403 1536 2434 est3
1560 2394 1617 2427 ali-

57 2446 121 2473 tem
144 2445 214 2473 sunt
229 2443 355 2473 conchae
379 2442 502 2472 marinae
525 2451 640 2482 genera
661 2442 816 2482 quaedam,
860 2442 986 2482 quando
1003 2452 1058 2481 pro
1072 2442 1149 2471 atrio
1165 2441 1258 2470 etiam
1279 2445 1452 2480 usurpatur.

60 2495 190 2524 quornm
221 2495 261 2516 ex
289 2485 440 2526 sanguine
473 2494 608 2526 purpura
631 2484 816 2525 tingebatur.
902 2483 952 2514 Ib.
975 2483 1110 2525 Rostra]
1134 2483 1250 2514 Rostra
1264 2493 1368 2513 earum
1381 2482 1518 2519 navium,
1539 2492 1616 2523 quas

63 2526 148 2558 Vide
162 2525 244 2558 Plin.
259 2525 312 2558 lib.
329 2530 359 2558 9.
860 2526 944 2557 bello
966 2527 1097 2568 piratico
1115 2532 1254 2567 ceperat,
1275 2530 1363 2557 erant
1374 2523 1464 2556 'affixa
1478 2526 1510 2555 in
1523 2525 1619 2555 vesti-

105 2570 159 2601 59.
181 2569 424 2612 Pen'strmnatir]
471 2569 693 2600 Peristromata
720 2570 819 2601 aulaea
861 2569 937 2600 bulo
958 2569 1087 2608 domun
1109 2579 1179 2611 quae
1202 2574 1264 2599 tam
1285 2569 1427 2609 religiose
1450 2567 1499 2598 htc
1521 2577 1619 2598 assen-

63 2618 146 2649 nunt,
168 2619 201 2643 ct
210 2615 345 2654 stragula
359 2613 554 2644 vestimenta.
863 2613 1027 2649 vabantur,
1042 2618 1076 2643 ut
1091 2622 1150 2643 nec
1165 2611 1297 2653 emptori
1312 2621 1364 2642 eas
1378 2611 1486 2641 tollere
1499 2609 1618 2640 liceret.

108 2657 161 2686 63.
196 2654 283 2686 AEdes
307 2663 334 2687 et
362 2656 485 2697 hortos]
531 2655 685 2687 Antonius
708 2655 821 2696 nempe
865 2654 1014 2686 Plin.1ib.
1029 2656 1079 2686 35.
1093 2664 1164 2696 cap.
1179 2658 1209 2686 2.

61 2698 185 2740 ingredi
209 2708 302 2730 ausus
330 2704 391 2738 eut,
432 2704 465 2730 et
489 2709 591 2730 emere
621 2698 738 2740 positos
763 2698 819 2728 sub
907 2700 961 2729 71.
1006 2697 1056 2734 Te,
1076 2703 1104 2728 et
1124 2704 1189 2734 tua,
1211 2703 1238 2727 et
1268 2695 1358 2736 tuom]
1411 2695 1448 2726 Id
1476 2699 1534 2732 est,
1562 2694 1620 2727 ud-

63 2741 165 2772 hasta.
865 2741 905 2771 sti
919 2741 1014 2771 vitam
1037 2746 1133 2777 tuam,
1157 2751 1205 2771 res
1227 2745 1307 2777 tuas,
1331 2743 1365 2768 et
1384 2743 1454 2769 tuos
1477 2748 1622 2770 necessa.

103 2786 160 2815 64.
203 2783 421 2816 sanctissimum
451 2783 568 2824 larsem]
616 2783 764 2816 sanctum
786 2783 824 2813 li·
867 2783 950 2814 rios:
973 2783 1004 2815 in
1025 2785 1137 2826 quibus
1161 2783 1304 2814 omnibus
1325 2781 1448 2813 infamis
1462 2786 1509 2813 est
1521 2781 1623 2814 Auto-

62 2837 135 2860 men
150 2826 304 2870 appellat,
321 2827 396 2870 quin
410 2827 516 2859 limina
534 2827 694 2869 fingebant
707 2826 827 2868 antiqui
869 2826 948 2860 nius.

1148 2866 1277 2909 2112
