<?xml version="1.0" encoding="UTF-8"?>
<!DOCTYPE html PUBLIC "-//W3C//DTD XHTML 1.0 Transitional//EN"
    "http://www.w3.org/TR/xhtml1/DTD/xhtml1-transitional.dtd">
<html xmlns="http://www.w3.org/1999/xhtml" xml:lang="en" lang="en">
 <head>
  <title>
</title>
<meta http-equiv="Content-Type" content="text/html;charset=utf-8" />
  <meta name='ocr-system' content='tesseract 3.04.00' />
  <meta name='ocr-capabilities' content='ocr_page ocr_carea ocr_par ocr_line ocrx_word'/>
</head>
<body>
  <div class='ocr_page' id='page_1' title='image "./selectaeoratione00ciceuoft_0086.png"; bbox 0 0 1790 3090; ppageno 0'>
   <div class='ocr_carea' id='block_1_1' title="bbox 656 152 1126 190">
    <p class='ocr_par' dir='ltr' id='par_1_1' title="bbox 656 152 1126 190">
     <span class='ocr_line' id='line_1_1' title="bbox 656 152 1126 190; baseline -0.004 0"><span class='ocrx_word' id='word_1_1' title='bbox 656 158 747 190; x_wconf 84' lang='lat' dir='ltr'>PRO</span> <span class='ocrx_word' id='word_1_2' title='bbox 772 155 889 189; x_wconf 89' lang='lat' dir='ltr'>LEGE</span> <span class='ocrx_word' id='word_1_3' title='bbox 913 152 1126 188; x_wconf 56' lang='lat' dir='ltr'>MANI&#39;LLt,</span> 
     </span>
    </p>
   </div>
   <div class='ocr_carea' id='block_1_2' title="bbox 27 224 1676 1419">
    <p class='ocr_par' dir='ltr' id='par_1_2' title="bbox 27 224 1676 1419">
     <span class='ocr_line' id='line_1_2' title="bbox 105 224 1668 285; baseline -0.003 -15"><span class='ocrx_word' id='word_1_4' title='bbox 105 242 181 285; x_wconf 88' lang='lat' dir='ltr'>per</span> <span class='ocrx_word' id='word_1_5' title='bbox 199 229 333 272; x_wconf 89' lang='lat' dir='ltr'>hosce</span> <span class='ocrx_word' id='word_1_6' title='bbox 364 243 499 270; x_wconf 83' lang='lat' dir='ltr'>annos</span> <span class='ocrx_word' id='word_1_7' title='bbox 523 227 663 268; x_wconf 84' lang='lat' dir='ltr'>dicam</span> <span class='ocrx_word' id='word_1_8' title='bbox 694 228 842 280; x_wconf 85' lang='lat' dir='ltr'>fuisse,</span> <span class='ocrx_word' id='word_1_9' title='bbox 875 227 971 270; x_wconf 71' lang='lat' dir='ltr'>cum</span> <span class='ocrx_word' id='word_1_10' title='bbox 1002 224 1214 269; x_wconf 83' lang='lat' dir='ltr'>exercitus</span> <span class='ocrx_word' id='word_1_11' title='bbox 1235 225 1369 267; x_wconf 84' lang='lat' dir='ltr'>nostri</span> <span class='ocrx_word' id='word_1_12' title='bbox 1389 225 1411 266; x_wconf 71' lang='grc' dir='ltr'>ξι</span> <span class='ocrx_word' id='word_1_13' title='bbox 1436 224 1668 267; x_wconf 85' lang='lat' dir='ltr'>Brundisio</span> 
     </span>
     <span class='ocr_line' id='line_1_3' title="bbox 103 281 1669 342; baseline -0.003 -16"><span class='ocrx_word' id='word_1_14' title='bbox 103 300 338 342; x_wconf 88' lang='lat' dir='ltr'>nunquam,</span> <span class='ocrx_word' id='word_1_15' title='bbox 361 286 442 326; x_wconf 88' lang='lat' dir='ltr'>nisi</span> <span class='ocrx_word' id='word_1_16' title='bbox 464 284 631 325; x_wconf 57' lang='lat' dir='ltr'>summa</span> <span class='ocrx_word' id='word_1_17' title='bbox 651 285 806 337; x_wconf 84' lang='lat' dir='ltr'>hieme,</span> <span class='ocrx_word' id='word_1_18' title='bbox 827 292 842 308; x_wconf 80' lang='lat'>‘³</span> <span class='ocrx_word' id='word_1_19' title='bbox 857 284 1200 326; x_wconf 77' lang='lat' dir='ltr'><strong>transmiserint?</strong></span> <span class='ocrx_word' id='word_1_20' title='bbox 1260 282 1375 332; x_wconf 85' lang='lat' dir='ltr'>Quid</span> <span class='ocrx_word' id='word_1_21' title='bbox 1395 283 1450 323; x_wconf 84' lang='lat' dir='ltr'>ad</span> <span class='ocrx_word' id='word_1_22' title='bbox 1471 297 1549 323; x_wconf 90' lang='lat' dir='ltr'>nos</span> <span class='ocrx_word' id='word_1_23' title='bbox 1570 281 1669 321; x_wconf 67' lang='lat' dir='ltr'>cnm</span> 
     </span>
     <span class='ocr_line' id='line_1_4' title="bbox 104 337 1668 397; baseline -0.003 -14"><span class='ocrx_word' id='word_1_24' title='bbox 104 343 157 384; x_wconf 84' lang='lat' dir='ltr'>ab</span> <span class='ocrx_word' id='word_1_25' title='bbox 179 345 336 384; x_wconf 85' lang='lat' dir='ltr'>exteris</span> <span class='ocrx_word' id='word_1_26' title='bbox 357 342 602 383; x_wconf 83' lang='lat' dir='ltr'>nationibus</span> <span class='ocrx_word' id='word_1_27' title='bbox 623 344 830 393; x_wconf 82' lang='lat' dir='ltr'>venirent,</span> <span class='ocrx_word' id='word_1_28' title='bbox 863 348 1013 397; x_wconf 82' lang='lat' dir='ltr'>captos</span> <span class='ocrx_word' id='word_1_29' title='bbox 1040 355 1204 397; x_wconf 82' lang='lat' dir='ltr'>querar,</span> <span class='ocrx_word' id='word_1_30' title='bbox 1236 340 1332 381; x_wconf 73' lang='lat' dir='ltr'>cum</span> <span class='ocrx_word' id='word_1_31' title='bbox 1359 339 1489 395; x_wconf 78' lang='lat' dir='ltr'>legati</span> <span class='ocrx_word' id='word_1_32' title='bbox 1521 337 1668 394; x_wconf 89' lang='lat' dir='ltr'>populi</span> 
     </span>
     <span class='ocr_line' id='line_1_5' title="bbox 29 395 1670 454; baseline -0.005 -13"><span class='ocrx_word' id='word_1_33' title='bbox 29 404 85 446; x_wconf 77' lang='lat'>40</span> <span class='ocrx_word' id='word_1_34' title='bbox 103 398 287 441; x_wconf 84' lang='lat' dir='ltr'>Romani</span> <span class='ocrx_word' id='word_1_35' title='bbox 319 399 529 454; x_wconf 82' lang='lat' dir='ltr'>redempti</span> <span class='ocrx_word' id='word_1_36' title='bbox 551 398 665 439; x_wconf 71' lang='lat' dir='ltr'>sint?</span> <span class='ocrx_word' id='word_1_37' title='bbox 714 398 1023 439; x_wconf 75' lang='lat' dir='ltr'>mercatoribus</span> <span class='ocrx_word' id='word_1_38' title='bbox 1045 406 1185 438; x_wconf 89' lang='lat' dir='ltr'>tutum</span> <span class='ocrx_word' id='word_1_39' title='bbox 1206 412 1319 437; x_wconf 86' lang='lat' dir='ltr'>mare</span> <span class='ocrx_word' id='word_1_40' title='bbox 1343 411 1429 438; x_wconf 87' lang='lat' dir='ltr'>non</span> <span class='ocrx_word' id='word_1_41' title='bbox 1451 395 1583 436; x_wconf 86' lang='lat' dir='ltr'>fuisse</span> <span class='ocrx_word' id='word_1_42' title='bbox 1605 395 1670 434; x_wconf 88' lang='lat' dir='ltr'>di-</span> 
     </span>
     <span class='ocr_line' id='line_1_6' title="bbox 103 454 1672 510; baseline -0.004 -12"><span class='ocrx_word' id='word_1_43' title='bbox 103 472 212 505; x_wconf 84' lang='lat' dir='ltr'>cam,</span> <span class='ocrx_word' id='word_1_44' title='bbox 245 457 341 498; x_wconf 74' lang='lat' dir='ltr'>cum</span> <span class='ocrx_word' id='word_1_45' title='bbox 363 455 592 497; x_wconf 82' lang='lat' dir='ltr'>duodecim</span> <span class='ocrx_word' id='word_1_46' title='bbox 624 454 815 496; x_wconf 82' lang='lat' dir='ltr'>fsecures</span> <span class='ocrx_word' id='word_1_47' title='bbox 844 455 887 495; x_wconf 92' lang='lat' dir='ltr'>in</span> <span class='ocrx_word' id='word_1_48' title='bbox 917 455 1167 510; x_wconf 76' lang='lat' dir='ltr'>praedonum</span> <span class='ocrx_word' id='word_1_49' title='bbox 1187 460 1448 509; x_wconf 88' lang='lat' dir='ltr'>potestatem</span> <span class='ocrx_word' id='word_1_50' title='bbox 1470 466 1672 508; x_wconf 90' lang='lat' dir='ltr'>pervene-</span> 
     </span>
     <span class='ocr_line' id='line_1_7' title="bbox 102 509 1669 567; baseline -0.003 -14"><span class='ocrx_word' id='word_1_51' title='bbox 102 513 216 554; x_wconf 76' lang='lat' dir='ltr'>rint?</span> <span class='ocrx_word' id='word_1_52' title='bbox 289 514 406 561; x_wconf 86' lang='lat' dir='ltr'><strong>Quid</strong></span> <span class='ocrx_word' id='word_1_53' title='bbox 438 519 512 553; x_wconf 89' lang='lat' dir='ltr'>aut</span> <span class='ocrx_word' id='word_1_54' title='bbox 544 511 841 567; x_wconf 83' lang='lat' dir='ltr'>Colophonem</span> <span class='ocrx_word' id='word_1_55' title='bbox 873 517 948 550; x_wconf 79' lang='lat' dir='ltr'>aut</span> <span class='ocrx_word' id='word_1_56' title='bbox 980 511 1172 560; x_wconf 82' lang='lat' dir='ltr'>Samum,</span> <span class='ocrx_word' id='word_1_57' title='bbox 1203 510 1496 551; x_wconf 84' lang='lat' dir='ltr'>nobilissimas</span> <span class='ocrx_word' id='word_1_58' title='bbox 1529 509 1669 556; x_wconf 84' lang='lat' dir='ltr'>urbes,</span> 
     </span>
     <span class='ocr_line' id='line_1_8' title="bbox 100 566 1670 624; baseline -0.004 -15"><span class='ocrx_word' id='word_1_59' title='bbox 100 569 521 624; x_wconf 78' lang='lat' dir='ltr'><strong>innumerabilesque</strong></span> <span class='ocrx_word' id='word_1_60' title='bbox 541 568 661 616; x_wconf 83' lang='lat' dir='ltr'>alias,</span> <span class='ocrx_word' id='word_1_61' title='bbox 692 574 840 623; x_wconf 84' lang='lat' dir='ltr'>captas</span> <span class='ocrx_word' id='word_1_62' title='bbox 873 581 967 608; x_wconf 84' lang='lat' dir='ltr'>esse</span> <span class='ocrx_word' id='word_1_63' title='bbox 998 580 1345 617; x_wconf 83' lang='lat' dir='ltr'>commemorem,</span> <span class='ocrx_word' id='word_1_64' title='bbox 1377 566 1474 607; x_wconf 68' lang='lat' dir='ltr'>curn</span> <span class='ocrx_word' id='word_1_65' title='bbox 1505 575 1670 607; x_wconf 83' lang='lat' dir='ltr'>vestros</span> 
     </span>
     <span class='ocr_line' id='line_1_9' title="bbox 101 622 1672 682; baseline -0.004 -15"><span class='ocrx_word' id='word_1_66' title='bbox 101 633 266 681; x_wconf 88' lang='lat' dir='ltr'>portus,</span> <span class='ocrx_word' id='word_1_67' title='bbox 287 633 355 682; x_wconf 83' lang='lat' dir='ltr'>atq</span> <span class='ocrx_word' id='word_1_68' title='bbox 364 641 415 666; x_wconf 89' lang='lat' dir='ltr'>ue</span> <span class='ocrx_word' id='word_1_69' title='bbox 431 640 504 666; x_wconf 92' lang='lat' dir='ltr'>eos</span> <span class='ocrx_word' id='word_1_70' title='bbox 522 631 670 680; x_wconf 84' lang='lat' dir='ltr'>portus</span> <span class='ocrx_word' id='word_1_71' title='bbox 693 624 874 680; x_wconf 71' lang='lat' dir='ltr'>gquibus</span> <span class='ocrx_word' id='word_1_72' title='bbox 891 623 1023 664; x_wconf 81' lang='lat' dir='ltr'>vitam</span> <span class='ocrx_word' id='word_1_73' title='bbox 1041 630 1085 664; x_wconf 89' lang='lat' dir='ltr'>et</span> <span class='ocrx_word' id='word_1_74' title='bbox 1100 622 1297 678; x_wconf 83' lang='lat' dir='ltr'>spiritum</span> <span class='ocrx_word' id='word_1_75' title='bbox 1313 623 1485 673; x_wconf 88' lang='lat' dir='ltr'>ducitis,</span> <span class='ocrx_word' id='word_1_76' title='bbox 1507 622 1548 662; x_wconf 88' lang='lat' dir='ltr'>in</span> <span class='ocrx_word' id='word_1_77' title='bbox 1567 635 1672 677; x_wconf 77' lang='lat' dir='ltr'>prae-</span> 
     </span>
     <span class='ocr_line' id='line_1_10' title="bbox 28 678 1671 735; baseline -0.004 -10"><span class='ocrx_word' id='word_1_78' title='bbox 28 685 83 727; x_wconf 87' lang='grc'>45</span> <span class='ocrx_word' id='word_1_79' title='bbox 102 683 263 724; x_wconf 88' lang='lat' dir='ltr'>donum</span> <span class='ocrx_word' id='word_1_80' title='bbox 282 683 416 723; x_wconf 88' lang='lat' dir='ltr'>fuisse</span> <span class='ocrx_word' id='word_1_81' title='bbox 433 688 648 735; x_wconf 79' lang='lat' dir='ltr'>potestate</span> <span class='ocrx_word' id='word_1_82' title='bbox 666 680 843 722; x_wconf 72' lang='lat' dir='ltr'>sciatis?</span> <span class='ocrx_word' id='word_1_83' title='bbox 876 680 946 720; x_wconf 92' lang='lat' dir='ltr'>An</span> <span class='ocrx_word' id='word_1_84' title='bbox 961 678 1060 721; x_wconf 73' lang='lat' dir='ltr'>verb</span> <span class='ocrx_word' id='word_1_85' title='bbox 1081 679 1303 735; x_wconf 79' lang='lat' dir='ltr'>ignoratis,</span> <span class='ocrx_word' id='word_1_86' title='bbox 1325 686 1495 734; x_wconf 86' lang='lat' dir='ltr'>portum</span> <span class='ocrx_word' id='word_1_87' title='bbox 1510 678 1671 719; x_wconf 82' lang='lat' dir='ltr'>Caietae</span> 
     </span>
     <span class='ocr_line' id='line_1_11' title="bbox 102 733 1671 794; baseline -0.004 -13"><span class='ocrx_word' id='word_1_88' title='bbox 102 740 440 790; x_wconf 84' lang='lat' dir='ltr'>celeberrimum,</span> <span class='ocrx_word' id='word_1_89' title='bbox 462 746 591 794; x_wconf 86' lang='lat' dir='ltr'>atque</span> <span class='ocrx_word' id='word_1_90' title='bbox 613 737 909 794; x_wconf 86' lang='lat' dir='ltr'>plenissimum</span> <span class='ocrx_word' id='word_1_91' title='bbox 931 736 1117 787; x_wconf 82' lang='lat' dir='ltr'>navium,</span> <span class='ocrx_word' id='word_1_92' title='bbox 1140 736 1409 791; x_wconf 82' lang='lat' dir='ltr'>inspectante</span> <span class='ocrx_word' id='word_1_93' title='bbox 1430 741 1626 790; x_wconf 79' lang='lat' dir='ltr'>praetore,</span> <span class='ocrx_word' id='word_1_94' title='bbox 1645 733 1671 774; x_wconf 70' lang='grc' dir='ltr'>ἐι</span> 
     </span>
     <span class='ocr_line' id='line_1_12' title="bbox 101 790 1672 852; baseline -0.005 -14"><span class='ocrx_word' id='word_1_95' title='bbox 101 796 378 852; x_wconf 86' lang='lat' dir='ltr'>praedonibus</span> <span class='ocrx_word' id='word_1_96' title='bbox 404 811 497 837; x_wconf 91' lang='lat' dir='ltr'>esse</span> <span class='ocrx_word' id='word_1_97' title='bbox 524 794 771 851; x_wconf 70' lang='lat' dir='ltr'>direptum?</span> <span class='ocrx_word' id='word_1_98' title='bbox 803 809 855 835; x_wconf 83' lang='lat' dir='ltr'>ex</span> <span class='ocrx_word' id='word_1_99' title='bbox 881 793 1054 834; x_wconf 85' lang='lat' dir='ltr'>Miseno</span> <span class='ocrx_word' id='word_1_100' title='bbox 1084 799 1244 843; x_wconf 84' lang='lat' dir='ltr'>autem,</span> <span class='ocrx_word' id='word_1_101' title='bbox 1282 792 1373 847; x_wconf 87' lang='lat' dir='ltr'>ejus</span> <span class='ocrx_word' id='word_1_102' title='bbox 1402 790 1537 847; x_wconf 87' lang='lat' dir='ltr'>ipsius</span> <span class='ocrx_word' id='word_1_103' title='bbox 1563 791 1672 831; x_wconf 89' lang='lat' dir='ltr'>libe-</span> 
     </span>
     <span class='ocr_line' id='line_1_13' title="bbox 101 847 1672 909; baseline -0.004 -15"><span class='ocrx_word' id='word_1_104' title='bbox 101 867 170 894; x_wconf 86' lang='lat' dir='ltr'>ros</span> <span class='ocrx_word' id='word_1_105' title='bbox 192 853 265 909; x_wconf 91' lang='lat' dir='ltr'>qui</span> <span class='ocrx_word' id='word_1_106' title='bbox 286 868 384 894; x_wconf 87' lang='lat' dir='ltr'>cum</span> <span class='ocrx_word' id='word_1_107' title='bbox 406 852 675 908; x_wconf 76' lang='lat' dir='ltr'>praedonibus</span> <span class='ocrx_word' id='word_1_108' title='bbox 697 851 826 892; x_wconf 70' lang='lat' dir='ltr'>antea</span> <span class='ocrx_word' id='word_1_109' title='bbox 846 850 906 891; x_wconf 93' lang='lat' dir='ltr'>ibi</span> <span class='ocrx_word' id='word_1_110' title='bbox 927 850 1088 890; x_wconf 90' lang='lat' dir='ltr'>bellum</span> <span class='ocrx_word' id='word_1_111' title='bbox 1109 856 1316 905; x_wconf 79' lang='lat' dir='ltr'>gesserat,</span> <span class='ocrx_word' id='word_1_112' title='bbox 1350 848 1375 889; x_wconf 68' lang='lat' dir='ltr'>a</span> <span class='ocrx_word' id='word_1_113' title='bbox 1396 847 1672 904; x_wconf 73' lang='lat' dir='ltr'>praedonibus</span> 
     </span>
     <span class='ocr_line' id='line_1_14' title="bbox 102 903 1674 964; baseline -0.004 -13"><span class='ocrx_word' id='word_1_114' title='bbox 102 924 196 950; x_wconf 83' lang='lat' dir='ltr'>esse</span> <span class='ocrx_word' id='word_1_115' title='bbox 211 911 404 951; x_wconf 87' lang='lat' dir='ltr'>sublatos</span> <span class='ocrx_word' id='word_1_116' title='bbox 419 909 435 949; x_wconf 65' lang='lat'>”3</span> <span class='ocrx_word' id='word_1_117' title='bbox 466 909 578 950; x_wconf 86' lang='lat' dir='ltr'>Nam</span> <span class='ocrx_word' id='word_1_118' title='bbox 594 908 698 964; x_wconf 89' lang='lat' dir='ltr'>quid</span> <span class='ocrx_word' id='word_1_119' title='bbox 716 921 797 964; x_wconf 78' lang='lat' dir='ltr'>ego</span> <span class='ocrx_word' id='word_1_120' title='bbox 814 906 1016 948; x_wconf 87' lang='lat' dir='ltr'>Ostiense</span> <span class='ocrx_word' id='word_1_121' title='bbox 1033 906 1396 956; x_wconf 80' lang='lat' dir='ltr'>¹¹incommodum,</span> <span class='ocrx_word' id='word_1_122' title='bbox 1409 911 1539 960; x_wconf 84' lang='lat' dir='ltr'>atque</span> <span class='ocrx_word' id='word_1_123' title='bbox 1555 903 1674 944; x_wconf 88' lang='lat' dir='ltr'>illam</span> 
     </span>
     <span class='ocr_line' id='line_1_15' title="bbox 27 961 1673 1022; baseline -0.003 -16"><span class='ocrx_word' id='word_1_124' title='bbox 27 971 83 1011; x_wconf 87' lang='grc'>50</span> <span class='ocrx_word' id='word_1_125' title='bbox 101 966 242 1008; x_wconf 83' lang='lat' dir='ltr'>labem</span> <span class='ocrx_word' id='word_1_126' title='bbox 263 973 393 1022; x_wconf 87' lang='lat' dir='ltr'>atque</span> <span class='ocrx_word' id='word_1_127' title='bbox 414 965 694 1021; x_wconf 77' lang='lat' dir='ltr'>ignominiam</span> <span class='ocrx_word' id='word_1_128' title='bbox 725 964 974 1019; x_wconf 73' lang='lat' dir='ltr'>reipublicae</span> <span class='ocrx_word' id='word_1_129' title='bbox 1005 978 1171 1019; x_wconf 81' lang='lat' dir='ltr'>querar,</span> <span class='ocrx_word' id='word_1_130' title='bbox 1207 962 1316 1011; x_wconf 76' lang='lat' dir='ltr'>cum,</span> <span class='ocrx_word' id='word_1_131' title='bbox 1349 961 1482 1018; x_wconf 71' lang='lat' dir='ltr'>prope</span> <span class='ocrx_word' id='word_1_132' title='bbox 1504 963 1673 1016; x_wconf 78' lang='lat' dir='ltr'>inspec-</span> 
     </span>
     <span class='ocr_line' id='line_1_16' title="bbox 100 1018 1672 1076; baseline -0.004 -13"><span class='ocrx_word' id='word_1_133' title='bbox 100 1022 292 1063; x_wconf 87' lang='lat' dir='ltr'>tantibus</span> <span class='ocrx_word' id='word_1_134' title='bbox 312 1022 451 1070; x_wconf 87' lang='lat' dir='ltr'>vobis,</span> <span class='ocrx_word' id='word_1_135' title='bbox 489 1021 640 1062; x_wconf 85' lang='lat' dir='ltr'>classis</span> <span class='ocrx_word' id='word_1_136' title='bbox 663 1036 726 1069; x_wconf 81' lang='lat' dir='ltr'>ea,</span> <span class='ocrx_word' id='word_1_137' title='bbox 759 1020 828 1061; x_wconf 87' lang='lat' dir='ltr'>cui</span> <span class='ocrx_word' id='word_1_138' title='bbox 849 1021 1002 1061; x_wconf 87' lang='lat' dir='ltr'>consul</span> <span class='ocrx_word' id='word_1_139' title='bbox 1023 1019 1170 1076; x_wconf 88' lang='lat' dir='ltr'>populi</span> <span class='ocrx_word' id='word_1_140' title='bbox 1201 1019 1384 1060; x_wconf 82' lang='lat' dir='ltr'>Romani</span> <span class='ocrx_word' id='word_1_141' title='bbox 1415 1018 1672 1074; x_wconf 76' lang='lat' dir='ltr'>praepositus</span> 
     </span>
     <span class='ocr_line' id='line_1_17' title="bbox 99 1074 1671 1135; baseline -0.004 -15"><span class='ocrx_word' id='word_1_142' title='bbox 99 1086 231 1131; x_wconf 82' lang='lat' dir='ltr'>esset,</span> <span class='ocrx_word' id='word_1_143' title='bbox 247 1079 272 1119; x_wconf 68' lang='lat' dir='ltr'>a</span> <span class='ocrx_word' id='word_1_144' title='bbox 285 1079 556 1135; x_wconf 83' lang='lat' dir='ltr'>praedonibus</span> <span class='ocrx_word' id='word_1_145' title='bbox 573 1085 701 1133; x_wconf 84' lang='lat' dir='ltr'>capta</span> <span class='ocrx_word' id='word_1_146' title='bbox 716 1084 846 1132; x_wconf 83' lang='lat' dir='ltr'>atque</span> <span class='ocrx_word' id='word_1_147' title='bbox 864 1091 1070 1132; x_wconf 84' lang='lat' dir='ltr'>oppressa</span> <span class='ocrx_word' id='word_1_148' title='bbox 1087 1076 1177 1117; x_wconf 79' lang='lat' dir='ltr'>est?</span> <span class='ocrx_word' id='word_1_149' title='bbox 1209 1075 1295 1116; x_wconf 89' lang='lat' dir='ltr'>Pro</span> <span class='ocrx_word' id='word_1_150' title='bbox 1312 1075 1371 1116; x_wconf 90' lang='lat' dir='ltr'>dii</span> <span class='ocrx_word' id='word_1_151' title='bbox 1388 1074 1671 1115; x_wconf 83' lang='lat' dir='ltr'>immortales!</span> 
     </span>
     <span class='ocr_line' id='line_1_18' title="bbox 99 1130 1674 1177; baseline -0.003 -1"><span class='ocrx_word' id='word_1_152' title='bbox 99 1142 341 1177; x_wconf 83' lang='lat' dir='ltr'>tantam-ne</span> <span class='ocrx_word' id='word_1_153' title='bbox 374 1135 499 1176; x_wconf 88' lang='lat' dir='ltr'>unius</span> <span class='ocrx_word' id='word_1_154' title='bbox 531 1134 717 1175; x_wconf 84' lang='lat' dir='ltr'>hominis</span> <span class='ocrx_word' id='word_1_155' title='bbox 749 1132 1014 1173; x_wconf 87' lang='lat' dir='ltr'>incredibilis</span> <span class='ocrx_word' id='word_1_156' title='bbox 1041 1147 1092 1173; x_wconf 85' lang='lat' dir='ltr'>ac</span> <span class='ocrx_word' id='word_1_157' title='bbox 1120 1130 1264 1172; x_wconf 83' lang='lat' dir='ltr'>divina</span> <span class='ocrx_word' id='word_1_158' title='bbox 1297 1131 1432 1172; x_wconf 84' lang='lat' dir='ltr'>virtus</span> <span class='ocrx_word' id='word_1_159' title='bbox 1464 1136 1552 1171; x_wconf 83' lang='lat' dir='ltr'>tam</span> <span class='ocrx_word' id='word_1_160' title='bbox 1580 1130 1674 1171; x_wconf 82' lang='lat' dir='ltr'>bre-</span> 
     </span>
     <span class='ocr_line' id='line_1_19' title="bbox 100 1186 1674 1247; baseline -0.003 -14"><span class='ocrx_word' id='word_1_161' title='bbox 100 1191 142 1233; x_wconf 91' lang='lat' dir='ltr'>vi</span> <span class='ocrx_word' id='word_1_162' title='bbox 172 1199 364 1247; x_wconf 87' lang='lat' dir='ltr'>tempore</span> <span class='ocrx_word' id='word_1_163' title='bbox 396 1192 537 1232; x_wconf 89' lang='lat' dir='ltr'>lucem</span> <span class='ocrx_word' id='word_1_164' title='bbox 567 1189 717 1231; x_wconf 80' lang='lat' dir='ltr'>afferre</span> <span class='ocrx_word' id='word_1_165' title='bbox 749 1188 998 1244; x_wconf 75' lang='lat' dir='ltr'>reipublicae</span> <span class='ocrx_word' id='word_1_166' title='bbox 1032 1187 1189 1244; x_wconf 89' lang='lat' dir='ltr'>potuit,</span> <span class='ocrx_word' id='word_1_167' title='bbox 1229 1193 1279 1228; x_wconf 88' lang='lat' dir='ltr'>ut</span> <span class='ocrx_word' id='word_1_168' title='bbox 1307 1201 1397 1236; x_wconf 84' lang='lat' dir='ltr'>vos,</span> <span class='ocrx_word' id='word_1_169' title='bbox 1429 1187 1504 1243; x_wconf 92' lang='lat' dir='ltr'>qui</span> <span class='ocrx_word' id='word_1_170' title='bbox 1543 1186 1674 1228; x_wconf 72' lang='lat' dir='ltr'>modo</span> 
     </span>
     <span class='ocr_line' id='line_1_20' title="bbox 27 1243 1674 1296; baseline -0.004 -6"><span class='ocrx_word' id='word_1_171' title='bbox 27 1256 82 1296; x_wconf 85' lang='lat'>55</span> <span class='ocrx_word' id='word_1_172' title='bbox 101 1254 199 1290; x_wconf 82' lang='lat' dir='ltr'>ante</span> <span class='ocrx_word' id='word_1_173' title='bbox 221 1248 397 1289; x_wconf 80' lang='lat' dir='ltr'>iostium</span> <span class='ocrx_word' id='word_1_174' title='bbox 424 1246 671 1288; x_wconf 85' lang='lat' dir='ltr'>Tiberinum</span> <span class='ocrx_word' id='word_1_175' title='bbox 693 1246 877 1288; x_wconf 78' lang='lat' dir='ltr'>classem</span> <span class='ocrx_word' id='word_1_176' title='bbox 904 1244 1098 1286; x_wconf 89' lang='lat' dir='ltr'>hostium</span> <span class='ocrx_word' id='word_1_177' title='bbox 1118 1244 1346 1296; x_wconf 84' lang='lat' dir='ltr'>videbatis,</span> <span class='ocrx_word' id='word_1_178' title='bbox 1370 1243 1413 1284; x_wconf 74' lang='lat' dir='ltr'>vii</span> <span class='ocrx_word' id='word_1_179' title='bbox 1443 1259 1560 1285; x_wconf 89' lang='lat' dir='ltr'>nunc</span> <span class='ocrx_word' id='word_1_180' title='bbox 1581 1245 1674 1285; x_wconf 89' lang='lat' dir='ltr'>nul·</span> 
     </span>
     <span class='ocr_line' id='line_1_21' title="bbox 100 1300 1676 1359; baseline -0.004 -12"><span class='ocrx_word' id='word_1_181' title='bbox 100 1307 186 1347; x_wconf 81' lang='lat' dir='ltr'>lam</span> <span class='ocrx_word' id='word_1_182' title='bbox 216 1306 328 1346; x_wconf 85' lang='lat' dir='ltr'>intra</span> <span class='ocrx_word' id='word_1_183' title='bbox 364 1303 531 1346; x_wconf 79' lang='lat' dir='ltr'>Oceani</span> <span class='ocrx_word' id='word_1_184' title='bbox 562 1303 721 1345; x_wconf 85' lang='lat' dir='ltr'>ostium</span> <span class='ocrx_word' id='word_1_185' title='bbox 749 1302 1000 1359; x_wconf 76' lang='lat' dir='ltr'>praedonum</span> <span class='ocrx_word' id='word_1_186' title='bbox 1023 1316 1176 1343; x_wconf 78' lang='lat' dir='ltr'>navem</span> <span class='ocrx_word' id='word_1_187' title='bbox 1196 1316 1290 1342; x_wconf 91' lang='lat' dir='ltr'>esse</span> <span class='ocrx_word' id='word_1_188' title='bbox 1322 1300 1535 1342; x_wconf 74' lang='lat' dir='ltr'>audiatis?</span> <span class='ocrx_word' id='word_1_189' title='bbox 1595 1301 1676 1341; x_wconf 88' lang='lat' dir='ltr'>At-</span> 
     </span>
     <span class='ocr_line' id='line_1_22' title="bbox 101 1356 1674 1419; baseline -0.004 -14"><span class='ocrx_word' id='word_1_190' title='bbox 101 1378 184 1419; x_wconf 90' lang='lat' dir='ltr'>que</span> <span class='ocrx_word' id='word_1_191' title='bbox 205 1362 299 1404; x_wconf 87' lang='lat' dir='ltr'>haec</span> <span class='ocrx_word' id='word_1_192' title='bbox 319 1360 403 1418; x_wconf 63' lang='lat' dir='ltr'>qua</span> <span class='ocrx_word' id='word_1_193' title='bbox 424 1361 640 1403; x_wconf 85' lang='lat' dir='ltr'>celeritate</span> <span class='ocrx_word' id='word_1_194' title='bbox 663 1369 787 1417; x_wconf 80' lang='lat' dir='ltr'>gesta</span> <span class='ocrx_word' id='word_1_195' title='bbox 806 1359 894 1402; x_wconf 88' lang='lat' dir='ltr'>sint</span> <span class='ocrx_word' id='word_1_196' title='bbox 914 1373 1173 1416; x_wconf 84' lang='lat' dir='ltr'>quamquam</span> <span class='ocrx_word' id='word_1_197' title='bbox 1192 1357 1363 1410; x_wconf 85' lang='lat' dir='ltr'>videtis,</span> <span class='ocrx_word' id='word_1_198' title='bbox 1393 1364 1538 1399; x_wconf 81' lang='lat' dir='ltr'>tamen</span> <span class='ocrx_word' id='word_1_199' title='bbox 1560 1356 1586 1398; x_wconf 66' lang='lat' dir='ltr'>a</span> <span class='ocrx_word' id='word_1_200' title='bbox 1605 1372 1674 1398; x_wconf 89' lang='lat' dir='ltr'>me</span> 
     </span>
    </p>
   </div>
   <div class='ocr_carea' id='block_1_3' title="bbox 33 162 89 204">
    <p class='ocr_par' dir='ltr' id='par_1_3' title="bbox 33 162 89 204">
     <span class='ocr_line' id='line_1_23' title="bbox 33 162 89 204; baseline 0 0"><span class='ocrx_word' id='word_1_201' title='bbox 33 162 89 204; x_wconf 86' lang='lat'>46</span> 
     </span>
    </p>
   </div>
   <div class='ocr_carea' id='block_1_4' title="bbox 664 1499 1676 1608">
    <p class='ocr_par' dir='ltr' id='par_1_4' title="bbox 664 1499 1676 1608">
     <span class='ocr_line' id='line_1_24' title="bbox 664 1499 1676 1554; baseline -0.003 -13"><span class='ocrx_word' id='word_1_202' title='bbox 664 1499 764 1541; x_wconf 64' lang='lat' dir='ltr'>sclua</span> <span class='ocrx_word' id='word_1_203' title='bbox 781 1505 991 1554; x_wconf 70' lang='lat' dir='ltr'>praetores</span> <span class='ocrx_word' id='word_1_204' title='bbox 1012 1513 1109 1540; x_wconf 79' lang='lat' dir='ltr'>eum</span> <span class='ocrx_word' id='word_1_205' title='bbox 1124 1500 1370 1551; x_wconf 73' lang='lat' dir='ltr'>insignibus</span> <span class='ocrx_word' id='word_1_206' title='bbox 1389 1500 1492 1538; x_wconf 73' lang='lat' dir='ltr'>suis.</span> <span class='ocrx_word' id='word_1_207' title='bbox 1583 1503 1676 1538; x_wconf 74' lang='lat' dir='ltr'>geas</span> 
     </span>
     <span class='ocr_line' id='line_1_25' title="bbox 1063 1553 1674 1608; baseline -0.003 -12"><span class='ocrx_word' id='word_1_208' title='bbox 1063 1556 1379 1608; x_wconf 64' lang='lat' dir='ltr'>”direptionem</span> <span class='ocrx_word' id='word_1_209' title='bbox 1442 1553 1560 1595; x_wconf 56' lang='lat' dir='ltr'>fiante</span> <span class='ocrx_word' id='word_1_210' title='bbox 1575 1569 1674 1608; x_wconf 79' lang='lat' dir='ltr'>pm·-</span> 
     </span>
    </p>
   </div>
   <div class='ocr_carea' id='block_1_5' title="bbox 101 1505 989 1671">
    <p class='ocr_par' dir='ltr' id='par_1_5' title="bbox 101 1505 989 1671">
     <span class='ocr_line' id='line_1_26' title="bbox 157 1505 586 1545; baseline -0.007 0"><span class='ocrx_word' id='word_1_211' title='bbox 157 1505 436 1545; x_wconf 66' lang='lat' dir='ltr'>‘transierint</span> <span class='ocrx_word' id='word_1_212' title='bbox 456 1517 586 1543; x_wconf 76' lang='lat' dir='ltr'>mare.</span> 
     </span>
     <span class='ocr_line' id='line_1_27' title="bbox 101 1560 989 1614; baseline -0.007 -12"><span class='ocrx_word' id='word_1_213' title='bbox 101 1575 168 1602; x_wconf 73' lang='lat' dir='ltr'>‘res</span> <span class='ocrx_word' id='word_1_214' title='bbox 189 1563 344 1614; x_wconf 69' lang='lat' dir='ltr'>quibus</span> <span class='ocrx_word' id='word_1_215' title='bbox 363 1563 453 1602; x_wconf 74' lang='lat' dir='ltr'>vita</span> <span class='ocrx_word' id='word_1_216' title='bbox 470 1565 511 1600; x_wconf 78' lang='lat' dir='ltr'>et</span> <span class='ocrx_word' id='word_1_217' title='bbox 526 1561 708 1612; x_wconf 70' lang='lat' dir='ltr'>spiritus</span> <span class='ocrx_word' id='word_1_218' title='bbox 729 1560 989 1598; x_wconf 74' lang='lat' dir='ltr'>continetur.</span> 
     </span>
     <span class='ocr_line' id='line_1_28' title="bbox 102 1614 931 1671; baseline -0.007 -12"><span class='ocrx_word' id='word_1_219' title='bbox 102 1624 195 1659; x_wconf 81' lang='lat' dir='ltr'>tum</span> <span class='ocrx_word' id='word_1_220' title='bbox 219 1619 367 1667; x_wconf 63' lang='lat' dir='ltr'>Ostiae,</span> <span class='ocrx_word' id='word_1_221' title='bbox 399 1619 476 1671; x_wconf 72' lang='lat' dir='ltr'>qui</span> <span class='ocrx_word' id='word_1_222' title='bbox 496 1621 559 1657; x_wconf 73' lang='lat' dir='ltr'>est</span> <span class='ocrx_word' id='word_1_223' title='bbox 579 1618 626 1657; x_wconf 77' lang='lat' dir='ltr'>in</span> <span class='ocrx_word' id='word_1_224' title='bbox 644 1616 747 1656; x_wconf 71' lang='lat' dir='ltr'>ostio</span> <span class='ocrx_word' id='word_1_225' title='bbox 772 1614 931 1655; x_wconf 60' lang='lat' dir='ltr'>Tibris.</span> 
     </span>
    </p>
   </div>
   <div class='ocr_carea' id='block_1_6' title="bbox 957 1759 1638 1802">
    <p class='ocr_par' dir='ltr' id='par_1_6' title="bbox 957 1759 1638 1802">
     <span class='ocr_line' id='line_1_29' title="bbox 957 1759 1638 1802; baseline -0.006 -10"><span class='ocrx_word' id='word_1_226' title='bbox 957 1761 1001 1792; x_wconf 74' lang='lat' dir='ltr'>Tu</span> <span class='ocrx_word' id='word_1_227' title='bbox 1015 1772 1122 1802; x_wconf 79' lang='lat' dir='ltr'>quoque</span> <span class='ocrx_word' id='word_1_228' title='bbox 1137 1762 1268 1791; x_wconf 76' lang='lat' dir='ltr'>litoribus</span> <span class='ocrx_word' id='word_1_229' title='bbox 1280 1761 1391 1796; x_wconf 81' lang='lat' dir='ltr'>nostris,</span> <span class='ocrx_word' id='word_1_230' title='bbox 1405 1759 1513 1790; x_wconf 81' lang='lat' dir='ltr'>AEne&#39;ia</span> <span class='ocrx_word' id='word_1_231' title='bbox 1528 1760 1638 1794; x_wconf 71' lang='lat' dir='ltr'>‘nun-ir,</span> 
     </span>
    </p>
   </div>
   <div class='ocr_carea' id='block_1_7' title="bbox 146 1762 1635 1845">
    <p class='ocr_par' dir='ltr' id='par_1_7' title="bbox 146 1762 1635 1845">
     <span class='ocr_line' id='line_1_30' title="bbox 146 1762 867 1806; baseline -0.007 -9"><span class='ocrx_word' id='word_1_232' title='bbox 146 1768 200 1797; x_wconf 82' lang='lat'>37.</span> <span class='ocrx_word' id='word_1_233' title='bbox 237 1766 424 1806; x_wconf 80' lang='lat' dir='ltr'>Brundisio.]</span> <span class='ocrx_word' id='word_1_234' title='bbox 461 1763 660 1795; x_wconf 82' lang='lat' dir='ltr'>Brundisium</span> <span class='ocrx_word' id='word_1_235' title='bbox 677 1762 785 1793; x_wconf 81' lang='lat' dir='ltr'>civitas</span> <span class='ocrx_word' id='word_1_236' title='bbox 801 1762 867 1792; x_wconf 87' lang='lat' dir='ltr'>Ita-</span> 
     </span>
     <span class='ocr_line' id='line_1_31' title="bbox 955 1802 1635 1845; baseline -0.004 -10"><span class='ocrx_word' id='word_1_237' title='bbox 955 1805 1107 1835; x_wconf 71' lang='lat' dir='ltr'>AEternam</span> <span class='ocrx_word' id='word_1_238' title='bbox 1123 1806 1243 1835; x_wconf 78' lang='lat' dir='ltr'>moriens</span> <span class='ocrx_word' id='word_1_239' title='bbox 1247 1803 1378 1845; x_wconf 65' lang='lat' dir='ltr'>firmam,</span> <span class='ocrx_word' id='word_1_240' title='bbox 1396 1802 1508 1838; x_wconf 83' lang='lat' dir='ltr'>Caieta,</span> <span class='ocrx_word' id='word_1_241' title='bbox 1523 1803 1635 1833; x_wconf 74' lang='lat' dir='ltr'>dedisti.</span> 
     </span>
    </p>
   </div>
   <div class='ocr_carea' id='block_1_8' title="bbox 102 1806 867 1892">
    <p class='ocr_par' dir='ltr' id='par_1_8' title="bbox 102 1806 867 1892">
     <span class='ocr_line' id='line_1_32' title="bbox 102 1806 866 1849; baseline -0.007 -10"><span class='ocrx_word' id='word_1_242' title='bbox 102 1809 151 1839; x_wconf 85' lang='lat' dir='ltr'>liae</span> <span class='ocrx_word' id='word_1_243' title='bbox 185 1810 217 1839; x_wconf 86' lang='lat' dir='ltr'>in</span> <span class='ocrx_word' id='word_1_244' title='bbox 241 1808 399 1844; x_wconf 72' lang='lat' dir='ltr'>Calabria,</span> <span class='ocrx_word' id='word_1_245' title='bbox 431 1813 522 1849; x_wconf 87' lang='lat' dir='ltr'>portu</span> <span class='ocrx_word' id='word_1_246' title='bbox 559 1806 684 1844; x_wconf 77' lang='lat' dir='ltr'>nobilis,</span> <span class='ocrx_word' id='word_1_247' title='bbox 716 1807 799 1835; x_wconf 87' lang='lat' dir='ltr'>unde</span> <span class='ocrx_word' id='word_1_248' title='bbox 835 1806 866 1835; x_wconf 88' lang='lat' dir='ltr'>in</span> 
     </span>
     <span class='ocr_line' id='line_1_33' title="bbox 105 1848 867 1892; baseline -0.005 -10"><span class='ocrx_word' id='word_1_249' title='bbox 105 1852 259 1883; x_wconf 78' lang='lat' dir='ltr'>Graeciam</span> <span class='ocrx_word' id='word_1_250' title='bbox 282 1852 445 1892; x_wconf 81' lang='lat' dir='ltr'>trajicitur,</span> <span class='ocrx_word' id='word_1_251' title='bbox 476 1856 508 1881; x_wconf 84' lang='lat' dir='ltr'>et</span> <span class='ocrx_word' id='word_1_252' title='bbox 538 1850 622 1880; x_wconf 81' lang='lat' dir='ltr'>unde</span> <span class='ocrx_word' id='word_1_253' title='bbox 652 1848 745 1879; x_wconf 88' lang='lat' dir='ltr'>solvit</span> <span class='ocrx_word' id='word_1_254' title='bbox 773 1848 867 1878; x_wconf 86' lang='lat' dir='ltr'>Pom-</span> 
     </span>
    </p>
   </div>
   <div class='ocr_carea' id='block_1_9' title="bbox 104 1892 871 2841">
    <p class='ocr_par' dir='ltr' id='par_1_9' title="bbox 104 1892 867 2022">
     <span class='ocr_line' id='line_1_34' title="bbox 104 1892 866 1935; baseline -0.004 -11"><span class='ocrx_word' id='word_1_255' title='bbox 104 1895 206 1935; x_wconf 88' lang='lat' dir='ltr'>peius,</span> <span class='ocrx_word' id='word_1_256' title='bbox 229 1901 337 1926; x_wconf 80' lang='lat' dir='ltr'>contra</span> <span class='ocrx_word' id='word_1_257' title='bbox 366 1895 481 1935; x_wconf 76' lang='lat' dir='ltr'>piratas</span> <span class='ocrx_word' id='word_1_258' title='bbox 513 1894 661 1924; x_wconf 81' lang='lat' dir='ltr'>ducturus</span> <span class='ocrx_word' id='word_1_259' title='bbox 686 1892 866 1922; x_wconf 81' lang='lat' dir='ltr'>exercitum.</span> 
     </span>
     <span class='ocr_line' id='line_1_35' title="bbox 104 1935 867 1969; baseline -0.005 -1"><span class='ocrx_word' id='word_1_260' title='bbox 104 1938 196 1968; x_wconf 79' lang='lat' dir='ltr'>nane</span> <span class='ocrx_word' id='word_1_261' title='bbox 231 1949 316 1969; x_wconf 83' lang='lat' dir='ltr'>oram</span> <span class='ocrx_word' id='word_1_262' title='bbox 350 1939 432 1968; x_wconf 83' lang='lat' dir='ltr'>circa</span> <span class='ocrx_word' id='word_1_263' title='bbox 464 1937 666 1967; x_wconf 83' lang='lat' dir='ltr'>Brundisium</span> <span class='ocrx_word' id='word_1_264' title='bbox 689 1935 867 1965; x_wconf 83' lang='lat' dir='ltr'>invaserant</span> 
     </span>
     <span class='ocr_line' id='line_1_36' title="bbox 104 1983 225 2022; baseline 0.017 -12"><span class='ocrx_word' id='word_1_265' title='bbox 104 1983 225 2022; x_wconf 61' lang='lat' dir='ltr'>piratae.</span> 
     </span>
    </p>

    <p class='ocr_par' dir='ltr' id='par_1_10' title="bbox 105 2020 871 2355">
     <span class='ocr_line' id='line_1_37' title="bbox 148 2020 867 2063; baseline -0.004 -9"><span class='ocrx_word' id='word_1_266' title='bbox 148 2027 203 2056; x_wconf 78' lang='lat'>41.</span> <span class='ocrx_word' id='word_1_267' title='bbox 226 2024 382 2054; x_wconf 77' lang='lat' dir='ltr'>Duodecim</span> <span class='ocrx_word' id='word_1_268' title='bbox 407 2022 539 2063; x_wconf 79' lang='lat' dir='ltr'>secures]</span> <span class='ocrx_word' id='word_1_269' title='bbox 572 2022 713 2062; x_wconf 71' lang='lat' dir='ltr'>insignia</span> <span class='ocrx_word' id='word_1_270' title='bbox 731 2020 867 2061; x_wconf 80' lang='lat' dir='ltr'>dignita·</span> 
     </span>
     <span class='ocr_line' id='line_1_38' title="bbox 105 2065 869 2108; baseline -0.005 -11"><span class='ocrx_word' id='word_1_271' title='bbox 105 2067 143 2097; x_wconf 76' lang='lat' dir='ltr'>tis</span> <span class='ocrx_word' id='word_1_272' title='bbox 168 2078 223 2107; x_wconf 86' lang='lat' dir='ltr'>pro</span> <span class='ocrx_word' id='word_1_273' title='bbox 245 2068 322 2108; x_wconf 81' lang='lat' dir='ltr'>ipsis</span> <span class='ocrx_word' id='word_1_274' title='bbox 345 2066 526 2106; x_wconf 81' lang='lat' dir='ltr'>praetoribus</span> <span class='ocrx_word' id='word_1_275' title='bbox 552 2066 660 2106; x_wconf 80' lang='lat' dir='ltr'>ponit3</span> <span class='ocrx_word' id='word_1_276' title='bbox 682 2065 728 2094; x_wconf 83' lang='lat' dir='ltr'>illi</span> <span class='ocrx_word' id='word_1_277' title='bbox 745 2065 869 2094; x_wconf 84' lang='lat' dir='ltr'>suerunt</span> 
     </span>
     <span class='ocr_line' id='line_1_39' title="bbox 107 2106 871 2149; baseline -0.007 -9"><span class='ocrx_word' id='word_1_278' title='bbox 107 2110 250 2140; x_wconf 82' lang='lat' dir='ltr'>Sextilius</span> <span class='ocrx_word' id='word_1_279' title='bbox 279 2116 310 2140; x_wconf 76' lang='lat' dir='ltr'>et</span> <span class='ocrx_word' id='word_1_280' title='bbox 336 2109 468 2145; x_wconf 86' lang='lat' dir='ltr'>Bilinus,</span> <span class='ocrx_word' id='word_1_281' title='bbox 499 2109 553 2149; x_wconf 87' lang='lat' dir='ltr'>qui</span> <span class='ocrx_word' id='word_1_282' title='bbox 583 2119 653 2138; x_wconf 92' lang='lat' dir='ltr'>cum</span> <span class='ocrx_word' id='word_1_283' title='bbox 683 2107 744 2137; x_wconf 83' lang='lat' dir='ltr'>suis</span> <span class='ocrx_word' id='word_1_284' title='bbox 775 2106 871 2147; x_wconf 76' lang='lat' dir='ltr'>insig-</span> 
     </span>
     <span class='ocr_line' id='line_1_40' title="bbox 105 2150 862 2190; baseline -0.007 -6"><span class='ocrx_word' id='word_1_285' title='bbox 105 2154 195 2183; x_wconf 86' lang='lat' dir='ltr'>nibus</span> <span class='ocrx_word' id='word_1_286' title='bbox 223 2158 254 2183; x_wconf 85' lang='lat' dir='ltr'>et</span> <span class='ocrx_word' id='word_1_287' title='bbox 280 2152 436 2183; x_wconf 79' lang='lat' dir='ltr'>lictoribus</span> <span class='ocrx_word' id='word_1_288' title='bbox 460 2151 587 2181; x_wconf 90' lang='lat' dir='ltr'>abducti</span> <span class='ocrx_word' id='word_1_289' title='bbox 609 2156 679 2181; x_wconf 86' lang='lat' dir='ltr'>sunt</span> <span class='ocrx_word' id='word_1_290' title='bbox 702 2151 720 2180; x_wconf 69' lang='lat' dir='ltr'>a</span> <span class='ocrx_word' id='word_1_291' title='bbox 745 2150 862 2190; x_wconf 86' lang='lat' dir='ltr'>piratis,</span> 
     </span>
     <span class='ocr_line' id='line_1_41' title="bbox 106 2195 866 2235; baseline -0.005 -9"><span class='ocrx_word' id='word_1_292' title='bbox 106 2204 140 2227; x_wconf 88' lang='lat' dir='ltr'>ut</span> <span class='ocrx_word' id='word_1_293' title='bbox 163 2197 206 2226; x_wconf 83' lang='lat' dir='ltr'>ait</span> <span class='ocrx_word' id='word_1_294' title='bbox 230 2196 438 2233; x_wconf 68' lang='lat' dir='ltr'>Plutarchu53</span> <span class='ocrx_word' id='word_1_295' title='bbox 462 2195 596 2235; x_wconf 78' lang='lat' dir='ltr'>quilibet</span> <span class='ocrx_word' id='word_1_296' title='bbox 624 2198 727 2224; x_wconf 86' lang='lat' dir='ltr'>autem</span> <span class='ocrx_word' id='word_1_297' title='bbox 754 2197 866 2233; x_wconf 78' lang='lat' dir='ltr'>praetor</span> 
     </span>
     <span class='ocr_line' id='line_1_42' title="bbox 106 2237 865 2277; baseline -0.007 -9"><span class='ocrx_word' id='word_1_298' title='bbox 106 2250 158 2270; x_wconf 85' lang='lat' dir='ltr'>sex</span> <span class='ocrx_word' id='word_1_299' title='bbox 174 2239 298 2269; x_wconf 81' lang='lat' dir='ltr'>lictores</span> <span class='ocrx_word' id='word_1_300' title='bbox 314 2239 450 2269; x_wconf 80' lang='lat' dir='ltr'>habebat</span> <span class='ocrx_word' id='word_1_301' title='bbox 469 2243 553 2268; x_wconf 85' lang='lat' dir='ltr'>extra.</span> <span class='ocrx_word' id='word_1_302' title='bbox 571 2237 700 2272; x_wconf 84' lang='lat' dir='ltr'>Urbem,</span> <span class='ocrx_word' id='word_1_303' title='bbox 717 2237 768 2277; x_wconf 91' lang='lat' dir='ltr'>qui</span> <span class='ocrx_word' id='word_1_304' title='bbox 787 2246 865 2275; x_wconf 68' lang='lat' dir='ltr'>prau-</span> 
     </span>
     <span class='ocr_line' id='line_1_43' title="bbox 105 2279 865 2321; baseline -0.004 -10"><span class='ocrx_word' id='word_1_305' title='bbox 105 2282 201 2313; x_wconf 81' lang='lat' dir='ltr'>irent:</span> <span class='ocrx_word' id='word_1_306' title='bbox 238 2283 268 2312; x_wconf 86' lang='lat' dir='ltr'>in</span> <span class='ocrx_word' id='word_1_307' title='bbox 285 2282 371 2313; x_wconf 83' lang='lat' dir='ltr'>Urbe</span> <span class='ocrx_word' id='word_1_308' title='bbox 385 2292 457 2312; x_wconf 80' lang='lat' dir='ltr'>vero</span> <span class='ocrx_word' id='word_1_309' title='bbox 472 2279 591 2311; x_wconf 59' lang='lat' dir='ltr'>tannim</span> <span class='ocrx_word' id='word_1_310' title='bbox 606 2280 706 2310; x_wconf 84' lang='lat' dir='ltr'>fasces</span> <span class='ocrx_word' id='word_1_311' title='bbox 722 2279 865 2321; x_wconf 67' lang='lat' dir='ltr'>praefere-</span> 
     </span>
     <span class='ocr_line' id='line_1_44' title="bbox 105 2324 229 2355; baseline 0.008 -1"><span class='ocrx_word' id='word_1_312' title='bbox 105 2324 229 2355; x_wconf 80' lang='lat' dir='ltr'>bantur.</span> 
     </span>
    </p>

    <p class='ocr_par' dir='ltr' id='par_1_11' title="bbox 106 2364 866 2450">
     <span class='ocr_line' id='line_1_45' title="bbox 150 2364 866 2407; baseline -0.006 -9"><span class='ocrx_word' id='word_1_313' title='bbox 150 2371 202 2399; x_wconf 71' lang='lat'>42.</span> <span class='ocrx_word' id='word_1_314' title='bbox 242 2367 456 2407; x_wconf 71' lang='lat' dir='ltr'>Colophonem]</span> <span class='ocrx_word' id='word_1_315' title='bbox 504 2366 668 2407; x_wconf 86' lang='lat' dir='ltr'>Colophon</span> <span class='ocrx_word' id='word_1_316' title='bbox 683 2365 753 2395; x_wconf 82' lang='lat' dir='ltr'>urbs</span> <span class='ocrx_word' id='word_1_317' title='bbox 769 2364 866 2394; x_wconf 80' lang='lat' dir='ltr'>Ioniae</span> 
     </span>
     <span class='ocr_line' id='line_1_46' title="bbox 106 2409 565 2450; baseline -0.007 -9"><span class='ocrx_word' id='word_1_318' title='bbox 106 2410 305 2442; x_wconf 75' lang='lat' dir='ltr'>celeberrima</span> <span class='ocrx_word' id='word_1_319' title='bbox 323 2411 383 2440; x_wconf 85' lang='lat' dir='ltr'>suis</span> <span class='ocrx_word' id='word_1_320' title='bbox 398 2409 565 2450; x_wconf 85' lang='lat' dir='ltr'>equitibus.</span> 
     </span>
    </p>

    <p class='ocr_par' dir='ltr' id='par_1_12' title="bbox 106 2450 867 2528">
     <span class='ocr_line' id='line_1_47' title="bbox 150 2450 867 2493; baseline -0.006 -10"><span class='ocrx_word' id='word_1_321' title='bbox 150 2454 199 2485; x_wconf 90' lang='lat' dir='ltr'>Ib.</span> <span class='ocrx_word' id='word_1_322' title='bbox 228 2455 290 2483; x_wconf 72' lang='lat' dir='ltr'>Aut</span> <span class='ocrx_word' id='word_1_323' title='bbox 305 2453 449 2493; x_wconf 66' lang='lat' dir='ltr'>Samum]</span> <span class='ocrx_word' id='word_1_324' title='bbox 490 2453 572 2483; x_wconf 86' lang='lat' dir='ltr'>Urbs</span> <span class='ocrx_word' id='word_1_325' title='bbox 589 2451 726 2493; x_wconf 85' lang='lat' dir='ltr'>ejusdem</span> <span class='ocrx_word' id='word_1_326' title='bbox 743 2450 867 2491; x_wconf 89' lang='lat' dir='ltr'>provin-</span> 
     </span>
     <span class='ocr_line' id='line_1_48' title="bbox 106 2508 172 2528; baseline -0.015 0"><span class='ocrx_word' id='word_1_327' title='bbox 106 2508 172 2528; x_wconf 79' lang='lat' dir='ltr'>ciae.</span> 
     </span>
    </p>

    <p class='ocr_par' dir='ltr' id='par_1_13' title="bbox 107 2537 867 2709">
     <span class='ocr_line' id='line_1_49' title="bbox 151 2537 865 2579; baseline -0.007 -9"><span class='ocrx_word' id='word_1_328' title='bbox 151 2542 204 2572; x_wconf 72' lang='lat'>44.</span> <span class='ocrx_word' id='word_1_329' title='bbox 239 2538 410 2579; x_wconf 65' lang='lat' dir='ltr'>Spiritum]</span> <span class='ocrx_word' id='word_1_330' title='bbox 446 2538 541 2568; x_wconf 87' lang='lat' dir='ltr'>Nulla</span> <span class='ocrx_word' id='word_1_331' title='bbox 559 2537 625 2578; x_wconf 87' lang='lat' dir='ltr'>jam</span> <span class='ocrx_word' id='word_1_332' title='bbox 650 2537 805 2567; x_wconf 79' lang='lat' dir='ltr'>frumenta</span> <span class='ocrx_word' id='word_1_333' title='bbox 829 2546 865 2565; x_wconf 90' lang='lat' dir='ltr'>ex</span> 
     </span>
     <span class='ocr_line' id='line_1_50' title="bbox 107 2579 867 2620; baseline -0.007 -7"><span class='ocrx_word' id='word_1_334' title='bbox 107 2583 197 2620; x_wconf 69' lang='lat' dir='ltr'>Asia,</span> <span class='ocrx_word' id='word_1_335' title='bbox 213 2582 332 2617; x_wconf 72' lang='lat' dir='ltr'>Africa,</span> <span class='ocrx_word' id='word_1_336' title='bbox 356 2581 472 2620; x_wconf 64' lang='lat' dir='ltr'>silicia,</span> <span class='ocrx_word' id='word_1_337' title='bbox 500 2587 531 2611; x_wconf 87' lang='lat' dir='ltr'>et</span> <span class='ocrx_word' id='word_1_338' title='bbox 558 2580 713 2616; x_wconf 69' lang='lat' dir='ltr'>Sardinia,</span> <span class='ocrx_word' id='word_1_339' title='bbox 731 2579 867 2609; x_wconf 86' lang='lat' dir='ltr'>Romam</span> 
     </span>
     <span class='ocr_line' id='line_1_51' title="bbox 109 2624 865 2663; baseline -0.007 -7"><span class='ocrx_word' id='word_1_340' title='bbox 109 2626 334 2656; x_wconf 84' lang='lat' dir='ltr'>afferebantur:</span> <span class='ocrx_word' id='word_1_341' title='bbox 371 2625 450 2655; x_wconf 85' lang='lat' dir='ltr'>sicut</span> <span class='ocrx_word' id='word_1_342' title='bbox 479 2630 510 2654; x_wconf 89' lang='lat' dir='ltr'>et</span> <span class='ocrx_word' id='word_1_343' title='bbox 533 2624 594 2654; x_wconf 86' lang='lat' dir='ltr'>alia</span> <span class='ocrx_word' id='word_1_344' title='bbox 618 2624 649 2653; x_wconf 91' lang='lat' dir='ltr'>id</span> <span class='ocrx_word' id='word_1_345' title='bbox 675 2633 772 2662; x_wconf 84' lang='lat' dir='ltr'>genus</span> <span class='ocrx_word' id='word_1_346' title='bbox 796 2632 865 2663; x_wconf 85' lang='lat' dir='ltr'>quae</span> 
     </span>
     <span class='ocr_line' id='line_1_52' title="bbox 109 2667 695 2709; baseline -0.009 -9"><span class='ocrx_word' id='word_1_347' title='bbox 109 2670 147 2700; x_wconf 90' lang='lat' dir='ltr'>ad</span> <span class='ocrx_word' id='word_1_348' title='bbox 165 2669 259 2699; x_wconf 83' lang='lat' dir='ltr'>vitam</span> <span class='ocrx_word' id='word_1_349' title='bbox 276 2667 695 2709; x_wconf 81' lang='lat' dir='ltr'>pertinentconservandam.</span> 
     </span>
    </p>

    <p class='ocr_par' dir='ltr' id='par_1_14' title="bbox 106 2708 868 2841">
     <span class='ocr_line' id='line_1_53' title="bbox 150 2708 868 2751; baseline -0.006 -9"><span class='ocrx_word' id='word_1_350' title='bbox 150 2714 203 2743; x_wconf 82' lang='lat'>45.</span> <span class='ocrx_word' id='word_1_351' title='bbox 249 2710 378 2751; x_wconf 53' lang='lat' dir='ltr'>Caieta]</span> <span class='ocrx_word' id='word_1_352' title='bbox 418 2710 529 2741; x_wconf 80' lang='lat' dir='ltr'>Caieta</span> <span class='ocrx_word' id='word_1_353' title='bbox 546 2715 652 2750; x_wconf 80' lang='lat' dir='ltr'>portus</span> <span class='ocrx_word' id='word_1_354' title='bbox 667 2714 714 2739; x_wconf 86' lang='lat' dir='ltr'>est</span> <span class='ocrx_word' id='word_1_355' title='bbox 728 2709 760 2738; x_wconf 88' lang='lat' dir='ltr'>iu</span> <span class='ocrx_word' id='word_1_356' title='bbox 775 2708 868 2739; x_wconf 86' lang='lat' dir='ltr'>Cam-</span> 
     </span>
     <span class='ocr_line' id='line_1_54' title="bbox 107 2752 865 2796; baseline -0.004 -11"><span class='ocrx_word' id='word_1_357' title='bbox 107 2755 215 2796; x_wconf 70' lang='lat' dir='ltr'>pania,</span> <span class='ocrx_word' id='word_1_358' title='bbox 231 2755 249 2784; x_wconf 65' lang='lat' dir='ltr'>a</span> <span class='ocrx_word' id='word_1_359' title='bbox 264 2754 382 2784; x_wconf 86' lang='lat' dir='ltr'>nutrice</span> <span class='ocrx_word' id='word_1_360' title='bbox 397 2753 509 2783; x_wconf 82' lang='lat' dir='ltr'>AEneae</span> <span class='ocrx_word' id='word_1_361' title='bbox 526 2753 569 2783; x_wconf 84' lang='lat' dir='ltr'>sic</span> <span class='ocrx_word' id='word_1_362' title='bbox 592 2753 706 2787; x_wconf 85' lang='lat' dir='ltr'>dictus,</span> <span class='ocrx_word' id='word_1_363' title='bbox 731 2752 805 2792; x_wconf 87' lang='lat' dir='ltr'>quia</span> <span class='ocrx_word' id='word_1_364' title='bbox 820 2752 865 2782; x_wconf 89' lang='lat' dir='ltr'>ibi</span> 
     </span>
     <span class='ocr_line' id='line_1_55' title="bbox 106 2794 793 2841; baseline -0.004 -11"><span class='ocrx_word' id='word_1_365' title='bbox 106 2798 228 2841; x_wconf 80' lang='lat' dir='ltr'>sepulta</span> <span class='ocrx_word' id='word_1_366' title='bbox 243 2804 301 2836; x_wconf 85' lang='lat' dir='ltr'>est,</span> <span class='ocrx_word' id='word_1_367' title='bbox 327 2797 365 2829; x_wconf 90' lang='lat' dir='ltr'>de</span> <span class='ocrx_word' id='word_1_368' title='bbox 380 2796 442 2839; x_wconf 67' lang='lat' dir='ltr'>qua</span> <span class='ocrx_word' id='word_1_369' title='bbox 454 2796 542 2837; x_wconf 79' lang='lat' dir='ltr'>Virg.</span> <span class='ocrx_word' id='word_1_370' title='bbox 554 2796 597 2829; x_wconf 87' lang='lat' dir='ltr'>sic</span> <span class='ocrx_word' id='word_1_371' title='bbox 612 2798 643 2828; x_wconf 79' lang='lat'>7.</span> <span class='ocrx_word' id='word_1_372' title='bbox 661 2794 793 2827; x_wconf 78' lang='lat' dir='ltr'>AEnei&#39;d.</span> 
     </span>
    </p>
   </div>
   <div class='ocr_carea' id='block_1_10' title="bbox 910 1887 1676 2837">
    <p class='ocr_par' dir='ltr' id='par_1_15' title="bbox 910 1887 1676 2180">
     <span class='ocr_line' id='line_1_56' title="bbox 954 1887 1676 1931; baseline -0.006 -10"><span class='ocrx_word' id='word_1_373' title='bbox 954 1893 1008 1923; x_wconf 82' lang='lat'>46.</span> <span class='ocrx_word' id='word_1_374' title='bbox 1035 1891 1214 1930; x_wconf 74' lang='lat' dir='ltr'>Inspeczanze</span> <span class='ocrx_word' id='word_1_375' title='bbox 1226 1889 1376 1931; x_wconf 66' lang='lat' dir='ltr'>pratum]</span> <span class='ocrx_word' id='word_1_376' title='bbox 1423 1888 1501 1924; x_wconf 81' lang='lat' dir='ltr'>Quis</span> <span class='ocrx_word' id='word_1_377' title='bbox 1516 1888 1608 1918; x_wconf 80' lang='lat' dir='ltr'>suerit</span> <span class='ocrx_word' id='word_1_378' title='bbox 1625 1887 1676 1917; x_wconf 87' lang='lat' dir='ltr'>ille</span> 
     </span>
     <span class='ocr_line' id='line_1_57' title="bbox 910 1932 1674 1975; baseline -0.007 -11"><span class='ocrx_word' id='word_1_379' title='bbox 910 1940 1036 1975; x_wconf 81' lang='lat' dir='ltr'>praetor,</span> <span class='ocrx_word' id='word_1_380' title='bbox 1052 1945 1115 1963; x_wconf 86' lang='lat' dir='ltr'>nou</span> <span class='ocrx_word' id='word_1_381' title='bbox 1131 1939 1252 1964; x_wconf 83' lang='lat' dir='ltr'>constat</span> <span class='ocrx_word' id='word_1_382' title='bbox 1268 1944 1305 1963; x_wconf 74' lang='lat' dir='ltr'>ex</span> <span class='ocrx_word' id='word_1_383' title='bbox 1321 1932 1509 1967; x_wconf 83' lang='lat' dir='ltr'>auctoribus,</span> <span class='ocrx_word' id='word_1_384' title='bbox 1528 1932 1588 1961; x_wconf 82' lang='lat' dir='ltr'>nisi</span> <span class='ocrx_word' id='word_1_385' title='bbox 1613 1932 1674 1960; x_wconf 80' lang='lat' dir='ltr'>sor-</span> 
     </span>
     <span class='ocr_line' id='line_1_58' title="bbox 914 1974 1672 2016; baseline -0.007 -9"><span class='ocrx_word' id='word_1_386' title='bbox 914 1978 993 2007; x_wconf 75' lang='lat' dir='ltr'>tasse</span> <span class='ocrx_word' id='word_1_387' title='bbox 1011 1978 1049 2008; x_wconf 84' lang='lat' dir='ltr'>sit</span> <span class='ocrx_word' id='word_1_388' title='bbox 1065 1977 1115 2007; x_wconf 87' lang='lat' dir='ltr'>M.</span> <span class='ocrx_word' id='word_1_389' title='bbox 1129 1976 1298 2011; x_wconf 82' lang='lat' dir='ltr'>Antonius,</span> <span class='ocrx_word' id='word_1_390' title='bbox 1314 1976 1379 2016; x_wconf 85' lang='lat' dir='ltr'>qui,</span> <span class='ocrx_word' id='word_1_391' title='bbox 1395 1980 1467 2004; x_wconf 82' lang='lat' dir='ltr'>ante</span> <span class='ocrx_word' id='word_1_392' title='bbox 1483 1974 1672 2014; x_wconf 84' lang='lat' dir='ltr'>Pompeium</span> 
     </span>
     <span class='ocr_line' id='line_1_59' title="bbox 913 2016 1674 2058; baseline -0.007 -8"><span class='ocrx_word' id='word_1_393' title='bbox 913 2021 952 2050; x_wconf 88' lang='lat' dir='ltr'>ad</span> <span class='ocrx_word' id='word_1_394' title='bbox 970 2022 1027 2050; x_wconf 80' lang='lat' dir='ltr'>hoc</span> <span class='ocrx_word' id='word_1_395' title='bbox 1044 2020 1159 2050; x_wconf 88' lang='lat' dir='ltr'>bellum</span> <span class='ocrx_word' id='word_1_396' title='bbox 1176 2019 1296 2056; x_wconf 75' lang='lat' dir='ltr'>missus,</span> <span class='ocrx_word' id='word_1_397' title='bbox 1323 2017 1455 2058; x_wconf 72' lang='lat' dir='ltr'>pessime</span> <span class='ocrx_word' id='word_1_398' title='bbox 1480 2028 1542 2047; x_wconf 90' lang='lat' dir='ltr'>rem</span> <span class='ocrx_word' id='word_1_399' title='bbox 1569 2016 1674 2057; x_wconf 79' lang='lat' dir='ltr'>gessit,</span> 
     </span>
     <span class='ocr_line' id='line_1_60' title="bbox 915 2059 1673 2103; baseline -0.007 -10"><span class='ocrx_word' id='word_1_400' title='bbox 915 2068 947 2093; x_wconf 85' lang='lat' dir='ltr'>et</span> <span class='ocrx_word' id='word_1_401' title='bbox 969 2063 1085 2093; x_wconf 82' lang='lat' dir='ltr'>ibidem</span> <span class='ocrx_word' id='word_1_402' title='bbox 1112 2062 1215 2103; x_wconf 79' lang='lat' dir='ltr'>periit.</span> <span class='ocrx_word' id='word_1_403' title='bbox 1277 2061 1368 2091; x_wconf 73' lang='lat' dir='ltr'>Certe</span> <span class='ocrx_word' id='word_1_404' title='bbox 1393 2060 1500 2090; x_wconf 83' lang='lat' dir='ltr'>Florus</span> <span class='ocrx_word' id='word_1_405' title='bbox 1525 2060 1555 2089; x_wconf 88' lang='lat' dir='ltr'>in</span> <span class='ocrx_word' id='word_1_406' title='bbox 1586 2059 1673 2100; x_wconf 74' lang='lat' dir='ltr'>Epir.</span> 
     </span>
     <span class='ocr_line' id='line_1_61' title="bbox 916 2103 1674 2146; baseline -0.005 -10"><span class='ocrx_word' id='word_1_407' title='bbox 916 2106 1020 2136; x_wconf 84' lang='lat' dir='ltr'>scribit</span> <span class='ocrx_word' id='word_1_408' title='bbox 1052 2105 1147 2135; x_wconf 89' lang='lat' dir='ltr'>filiam</span> <span class='ocrx_word' id='word_1_409' title='bbox 1178 2105 1245 2146; x_wconf 87' lang='lat' dir='ltr'>ejus</span> <span class='ocrx_word' id='word_1_410' title='bbox 1277 2103 1296 2134; x_wconf 68' lang='lat' dir='ltr'>a</span> <span class='ocrx_word' id='word_1_411' title='bbox 1326 2103 1524 2144; x_wconf 78' lang='lat' dir='ltr'>praedonibus</span> <span class='ocrx_word' id='word_1_412' title='bbox 1554 2108 1674 2143; x_wconf 79' lang='lat' dir='ltr'>raptam</span> 
     </span>
     <span class='ocr_line' id='line_1_62' title="bbox 912 2149 1018 2180; baseline 0.009 -1"><span class='ocrx_word' id='word_1_413' title='bbox 912 2149 1018 2180; x_wconf 79' lang='lat' dir='ltr'>fuisse.</span> 
     </span>
    </p>

    <p class='ocr_par' dir='ltr' id='par_1_16' title="bbox 910 2189 1675 2318">
     <span class='ocr_line' id='line_1_63' title="bbox 954 2189 1675 2231; baseline -0.006 -10"><span class='ocrx_word' id='word_1_414' title='bbox 954 2194 1008 2222; x_wconf 81' lang='lat'>47.</span> <span class='ocrx_word' id='word_1_415' title='bbox 1053 2190 1192 2231; x_wconf 60' lang='lat' dir='ltr'>Miseno]</span> <span class='ocrx_word' id='word_1_416' title='bbox 1239 2189 1398 2220; x_wconf 86' lang='lat' dir='ltr'>Misenum</span> <span class='ocrx_word' id='word_1_417' title='bbox 1413 2189 1514 2219; x_wconf 77' lang='lat' dir='ltr'>Italiae</span> <span class='ocrx_word' id='word_1_418' title='bbox 1531 2198 1675 2230; x_wconf 87' lang='lat' dir='ltr'>promon-</span> 
     </span>
     <span class='ocr_line' id='line_1_64' title="bbox 913 2231 1674 2272; baseline -0.007 -7"><span class='ocrx_word' id='word_1_419' title='bbox 913 2236 1021 2265; x_wconf 85' lang='lat' dir='ltr'>torium</span> <span class='ocrx_word' id='word_1_420' title='bbox 1046 2240 1104 2270; x_wconf 84' lang='lat' dir='ltr'>est,</span> <span class='ocrx_word' id='word_1_421' title='bbox 1131 2235 1170 2264; x_wconf 86' lang='lat' dir='ltr'>ab</span> <span class='ocrx_word' id='word_1_422' title='bbox 1195 2234 1307 2263; x_wconf 88' lang='lat' dir='ltr'>AEneae</span> <span class='ocrx_word' id='word_1_423' title='bbox 1328 2232 1441 2263; x_wconf 80' lang='lat' dir='ltr'>comite</span> <span class='ocrx_word' id='word_1_424' title='bbox 1464 2233 1507 2263; x_wconf 87' lang='lat' dir='ltr'>sic</span> <span class='ocrx_word' id='word_1_425' title='bbox 1532 2231 1674 2272; x_wconf 84' lang='lat' dir='ltr'>appella-</span> 
     </span>
     <span class='ocr_line' id='line_1_65' title="bbox 910 2277 1319 2318; baseline -0.005 -10"><span class='ocrx_word' id='word_1_426' title='bbox 910 2284 988 2310; x_wconf 85' lang='lat' dir='ltr'>tum.</span> <span class='ocrx_word' id='word_1_427' title='bbox 1037 2278 1122 2318; x_wconf 82' lang='lat' dir='ltr'>Virg.</span> <span class='ocrx_word' id='word_1_428' title='bbox 1139 2280 1169 2307; x_wconf 80' lang='grc' dir='ltr'>ὅ.</span> <span class='ocrx_word' id='word_1_429' title='bbox 1186 2277 1319 2307; x_wconf 78' lang='lat' dir='ltr'>AEne&#39;i&#39;d.</span> 
     </span>
    </p>

    <p class='ocr_par' dir='ltr' id='par_1_17' title="bbox 910 2316 1674 2742">
     <span class='ocr_line' id='line_1_66' title="bbox 954 2316 1673 2358; baseline -0.007 -7"><span class='ocrx_word' id='word_1_430' title='bbox 954 2323 1008 2353; x_wconf 77' lang='lat'>49.</span> <span class='ocrx_word' id='word_1_431' title='bbox 1057 2320 1181 2350; x_wconf 75' lang='lat' dir='ltr'>Ostiense</span> <span class='ocrx_word' id='word_1_432' title='bbox 1204 2318 1437 2358; x_wconf 67' lang='lat' dir='ltr'>incommodum]</span> <span class='ocrx_word' id='word_1_433' title='bbox 1484 2317 1572 2347; x_wconf 77' lang='lat' dir='ltr'>Ostia</span> <span class='ocrx_word' id='word_1_434' title='bbox 1602 2316 1673 2347; x_wconf 83' lang='lat' dir='ltr'>urbs</span> 
     </span>
     <span class='ocr_line' id='line_1_67' title="bbox 911 2360 1674 2400; baseline -0.007 -6"><span class='ocrx_word' id='word_1_435' title='bbox 911 2363 970 2394; x_wconf 82' lang='lat' dir='ltr'>snit</span> <span class='ocrx_word' id='word_1_436' title='bbox 996 2363 1123 2394; x_wconf 87' lang='lat' dir='ltr'>condita</span> <span class='ocrx_word' id='word_1_437' title='bbox 1145 2364 1184 2393; x_wconf 86' lang='lat' dir='ltr'>ab</span> <span class='ocrx_word' id='word_1_438' title='bbox 1206 2362 1297 2393; x_wconf 86' lang='lat' dir='ltr'>Anco</span> <span class='ocrx_word' id='word_1_439' title='bbox 1326 2361 1448 2392; x_wconf 85' lang='lat' dir='ltr'>Marcio</span> <span class='ocrx_word' id='word_1_440' title='bbox 1471 2371 1545 2400; x_wconf 82' lang='lat' dir='ltr'>rege</span> <span class='ocrx_word' id='word_1_441' title='bbox 1570 2360 1601 2389; x_wconf 86' lang='lat' dir='ltr'>in</span> <span class='ocrx_word' id='word_1_442' title='bbox 1624 2370 1674 2389; x_wconf 79' lang='lat' dir='ltr'>os-</span> 
     </span>
     <span class='ocr_line' id='line_1_68' title="bbox 912 2403 1673 2443; baseline -0.007 -7"><span class='ocrx_word' id='word_1_443' title='bbox 912 2406 961 2436; x_wconf 87' lang='lat' dir='ltr'>tiis</span> <span class='ocrx_word' id='word_1_444' title='bbox 991 2406 1155 2436; x_wconf 83' lang='lat' dir='ltr'>Tiberinis.</span> <span class='ocrx_word' id='word_1_445' title='bbox 1212 2405 1314 2435; x_wconf 85' lang='lat' dir='ltr'>Tanta</span> <span class='ocrx_word' id='word_1_446' title='bbox 1344 2405 1403 2434; x_wconf 82' lang='lat' dir='ltr'>suit</span> <span class='ocrx_word' id='word_1_447' title='bbox 1426 2403 1592 2443; x_wconf 74' lang='lat' dir='ltr'>piratarum</span> <span class='ocrx_word' id='word_1_448' title='bbox 1619 2413 1673 2432; x_wconf 89' lang='lat' dir='ltr'>an-</span> 
     </span>
     <span class='ocr_line' id='line_1_69' title="bbox 913 2446 1672 2488; baseline -0.007 -9"><span class='ocrx_word' id='word_1_449' title='bbox 913 2448 1015 2486; x_wconf 84' lang='lat' dir='ltr'>dacia,</span> <span class='ocrx_word' id='word_1_450' title='bbox 1031 2455 1066 2479; x_wconf 87' lang='lat' dir='ltr'>ut</span> <span class='ocrx_word' id='word_1_451' title='bbox 1088 2450 1127 2479; x_wconf 87' lang='lat' dir='ltr'>ad</span> <span class='ocrx_word' id='word_1_452' title='bbox 1146 2459 1215 2479; x_wconf 85' lang='lat' dir='ltr'>eam</span> <span class='ocrx_word' id='word_1_453' title='bbox 1236 2449 1343 2478; x_wconf 85' lang='lat' dir='ltr'>urbem</span> <span class='ocrx_word' id='word_1_454' title='bbox 1360 2446 1548 2488; x_wconf 83' lang='lat' dir='ltr'>appulerint,</span> <span class='ocrx_word' id='word_1_455' title='bbox 1565 2446 1672 2485; x_wconf 86' lang='lat' dir='ltr'>ibique</span> 
     </span>
     <span class='ocr_line' id='line_1_70' title="bbox 910 2489 1672 2529; baseline -0.007 -7"><span class='ocrx_word' id='word_1_456' title='bbox 910 2492 1124 2522; x_wconf 86' lang='lat' dir='ltr'>Romanorum</span> <span class='ocrx_word' id='word_1_457' title='bbox 1150 2501 1244 2521; x_wconf 87' lang='lat' dir='ltr'>naves</span> <span class='ocrx_word' id='word_1_458' title='bbox 1271 2489 1478 2525; x_wconf 79' lang='lat' dir='ltr'>incenderint,</span> <span class='ocrx_word' id='word_1_459' title='bbox 1507 2489 1672 2529; x_wconf 87' lang='lat' dir='ltr'>omniaque</span> 
     </span>
     <span class='ocr_line' id='line_1_71' title="bbox 912 2531 1672 2575; baseline -0.007 -10"><span class='ocrx_word' id='word_1_460' title='bbox 912 2535 1114 2575; x_wconf 76' lang='lat' dir='ltr'>diripuerint:</span> <span class='ocrx_word' id='word_1_461' title='bbox 1132 2533 1237 2570; x_wconf 65' lang='lat' dir='ltr'>immo,</span> <span class='ocrx_word' id='word_1_462' title='bbox 1247 2534 1336 2574; x_wconf 81' lang='lat' dir='ltr'>quasi</span> <span class='ocrx_word' id='word_1_463' title='bbox 1347 2534 1387 2563; x_wconf 88' lang='lat' dir='ltr'>de</span> <span class='ocrx_word' id='word_1_464' title='bbox 1403 2532 1503 2562; x_wconf 84' lang='lat' dir='ltr'>reditu</span> <span class='ocrx_word' id='word_1_465' title='bbox 1515 2543 1575 2562; x_wconf 88' lang='lat' dir='ltr'>non</span> <span class='ocrx_word' id='word_1_466' title='bbox 1587 2531 1672 2571; x_wconf 85' lang='lat' dir='ltr'>cogi-</span> 
     </span>
     <span class='ocr_line' id='line_1_72' title="bbox 911 2578 1672 2616; baseline -0.007 -8"><span class='ocrx_word' id='word_1_467' title='bbox 911 2583 1021 2613; x_wconf 86' lang='lat' dir='ltr'>tarent,</span> <span class='ocrx_word' id='word_1_468' title='bbox 1044 2578 1089 2608; x_wconf 91' lang='lat' dir='ltr'>ibi</span> <span class='ocrx_word' id='word_1_469' title='bbox 1112 2578 1321 2613; x_wconf 82' lang='lat' dir='ltr'>morabantur,</span> <span class='ocrx_word' id='word_1_470' title='bbox 1347 2581 1379 2606; x_wconf 85' lang='lat' dir='ltr'>et</span> <span class='ocrx_word' id='word_1_471' title='bbox 1394 2586 1501 2605; x_wconf 86' lang='lat' dir='ltr'>omnes</span> <span class='ocrx_word' id='word_1_472' title='bbox 1517 2585 1593 2616; x_wconf 84' lang='lat' dir='ltr'>quos</span> <span class='ocrx_word' id='word_1_473' title='bbox 1609 2585 1672 2604; x_wconf 89' lang='lat' dir='ltr'>non</span> 
     </span>
     <span class='ocr_line' id='line_1_73' title="bbox 911 2618 1674 2661; baseline -0.007 -10"><span class='ocrx_word' id='word_1_474' title='bbox 911 2621 1101 2656; x_wconf 81' lang='lat' dir='ltr'>occiderant,</span> <span class='ocrx_word' id='word_1_475' title='bbox 1132 2621 1333 2661; x_wconf 86' lang='lat' dir='ltr'>praedamque</span> <span class='ocrx_word' id='word_1_476' title='bbox 1371 2618 1557 2654; x_wconf 82' lang='lat' dir='ltr'>universam,</span> <span class='ocrx_word' id='word_1_477' title='bbox 1595 2623 1674 2647; x_wconf 86' lang='lat' dir='ltr'>tam-</span> 
     </span>
     <span class='ocr_line' id='line_1_74' title="bbox 912 2660 1672 2706; baseline -0.005 -12"><span class='ocrx_word' id='word_1_478' title='bbox 912 2675 1006 2706; x_wconf 87' lang='lat' dir='ltr'>quam</span> <span class='ocrx_word' id='word_1_479' title='bbox 1021 2664 1053 2694; x_wconf 89' lang='lat' dir='ltr'>in</span> <span class='ocrx_word' id='word_1_480' title='bbox 1067 2664 1121 2694; x_wconf 66' lang='lat' dir='ltr'>sua</span> <span class='ocrx_word' id='word_1_481' title='bbox 1136 2662 1273 2698; x_wconf 83' lang='lat' dir='ltr'>civitate,</span> <span class='ocrx_word' id='word_1_482' title='bbox 1299 2662 1520 2703; x_wconf 85' lang='lat' dir='ltr'>deposuerunt.</span> <span class='ocrx_word' id='word_1_483' title='bbox 1558 2660 1610 2691; x_wconf 83' lang='lat' dir='ltr'>De</span> <span class='ocrx_word' id='word_1_484' title='bbox 1625 2661 1672 2690; x_wconf 84' lang='lat' dir='ltr'>his</span> 
     </span>
     <span class='ocr_line' id='line_1_75' title="bbox 913 2706 1285 2742; baseline -0.005 -4"><span class='ocrx_word' id='word_1_485' title='bbox 913 2708 984 2738; x_wconf 86' lang='lat' dir='ltr'>vide</span> <span class='ocrx_word' id='word_1_486' title='bbox 1001 2707 1152 2742; x_wconf 88' lang='lat' dir='ltr'>Dionem,</span> <span class='ocrx_word' id='word_1_487' title='bbox 1166 2706 1220 2737; x_wconf 92' lang='lat' dir='ltr'>lib.</span> <span class='ocrx_word' id='word_1_488' title='bbox 1233 2708 1285 2737; x_wconf 72' lang='lat'>26.</span> 
     </span>
    </p>

    <p class='ocr_par' dir='ltr' id='par_1_18' title="bbox 911 2745 1672 2837">
     <span class='ocr_line' id='line_1_76' title="bbox 953 2745 1672 2789; baseline -0.007 -8"><span class='ocrx_word' id='word_1_489' title='bbox 953 2753 1006 2782; x_wconf 88' lang='lat'>51.</span> <span class='ocrx_word' id='word_1_490' title='bbox 1053 2751 1171 2780; x_wconf 78' lang='lat' dir='ltr'>Consul.</span> <span class='ocrx_word' id='word_1_491' title='bbox 1196 2760 1261 2789; x_wconf 83' lang='lat' dir='ltr'>pop.</span> <span class='ocrx_word' id='word_1_492' title='bbox 1286 2748 1388 2789; x_wconf 63' lang='lat' dir='ltr'>Rom]</span> <span class='ocrx_word' id='word_1_493' title='bbox 1434 2746 1523 2778; x_wconf 86' lang='lat' dir='ltr'>Nihil</span> <span class='ocrx_word' id='word_1_494' title='bbox 1553 2747 1593 2777; x_wconf 83' lang='lat' dir='ltr'>de</span> <span class='ocrx_word' id='word_1_495' title='bbox 1618 2745 1672 2776; x_wconf 88' lang='lat' dir='ltr'>illo</span> 
     </span>
     <span class='ocr_line' id='line_1_77' title="bbox 911 2791 1562 2837; baseline -0.008 -11"><span class='ocrx_word' id='word_1_496' title='bbox 911 2794 1038 2828; x_wconf 87' lang='lat' dir='ltr'>consule</span> <span class='ocrx_word' id='word_1_497' title='bbox 1055 2793 1217 2837; x_wconf 86' lang='lat' dir='ltr'>reperitur,</span> <span class='ocrx_word' id='word_1_498' title='bbox 1239 2803 1280 2825; x_wconf 89' lang='lat' dir='ltr'>ne</span> <span class='ocrx_word' id='word_1_499' title='bbox 1296 2802 1411 2824; x_wconf 88' lang='lat' dir='ltr'>nornen</span> <span class='ocrx_word' id='word_1_500' title='bbox 1423 2791 1562 2835; x_wconf 87' lang='lat' dir='ltr'>quidem.</span> 
     </span>
    </p>
   </div>
  </div>
 </body>
</html>
