1858 3095
752 170 800 202 ΙΝ

836 168 1050 203 PISONEM.

110 248 342 306 quisquam
360 248 514 290 duxit!
541 247 768 303 quisquam
790 247 867 288 tibi
888 246 1051 302 paruit?
1083 246 1311 302 qnisquam
1341 243 1383 283 in
1415 240 1575 283 curiam
1596 255 1666 304 xse-

114 305 248 347 nienti
281 304 540 347 assurrexit?
572 304 800 360 quisquam
821 304 1061 344 consulenti
1098 300 1441 358 respondendum
1474 305 1638 359 putavit
1656 296 1666 332 .‘

116 361 416 405 Numerandus
430 368 496 402 est
513 361 582 402 ille
599 375 734 401 annus
750 360 932 415 denique
952 359 993 400 in
1011 358 1247 415 republica,
1264 357 1362 399 cum
1381 356 1670 416 obmutuisset

115 427 305 469 senatus,
336 417 498 471 judicia
527 418 851 467 conticuissent,
883 428 1109 458 moererent
1139 415 1255 464 boni,
1275 414 1338 454 vis
1368 413 1581 453 latrocinii
1603 425 1670 452 ve-

115 475 189 515 stri
213 474 307 516 totst
328 465 442 514 Urbe
466 474 676 523 volitaret,
700 487 835 528 neque
857 472 962 512 civis
982 487 1089 513 unus
1108 486 1159 512 ex
1182 470 1371 519 civitate,
1391 468 1466 509 sed
1498 468 1591 523 ipsa
1613 466 1671 508 ci-
1689 473 1744 513 70

114 530 225 571 vitas
246 537 320 571 tuo
342 537 386 571 et
406 530 579 570 Gabinii
602 529 752 570 sceleri
778 528 990 582 furorique
1012 528 1216 569 cessisset
1232 527 1266 588 Ξ.
1304 527 1363 587 At
1394 540 1445 564 ne
1468 531 1558 564 tum
1579 524 1671 579 qui-

116 586 216 627 dem
246 586 471 637 emersisti,
502 586 709 627 lutulente
742 584 986 634 Caesonine,
1022 597 1075 624 ex
1108 583 1353 643 miserrimis
1392 587 1552 642 naturae
1587 588 1670 642 tuae

117 641 338 693 sordibus3
369 644 467 683 cum
495 648 742 698 experrecta
772 641 943 681 tandem
965 640 1096 680 virtus
1127 637 1448 679 clariss¹m1v1r1
1479 636 1673 698 celeriter

118 704 163 739 et
183 712 326 739 verum
347 699 547 748 amicum,
569 706 613 739 et
635 695 795 752 optime
827 696 1022 736 meritum
1043 694 1195 756 civem,
1218 701 1261 734 et
1291 706 1415 734 suum
1445 699 1673 747 pristinum

117 768 294 806 morem,
309 754 551 810 requisivit:
584 767 721 808 neque
740 758 807 792 est
827 751 897 791 ille
915 751 977 791 vir
992 765 1160 806 passus,
1175 764 1215 789 in
1231 749 1283 790 eit
1301 748 1522 804 republica
1545 763 1677 804 quam
1693 753 1746 795 75

117 809 208 864 ipse
230 811 454 852 decorarat
474 817 604 864 atque
626 815 816 857 auxerat,
838 806 999 847 diutius
1021 814 1255 847 vestrorum
1278 806 1485 846 scelerum
1507 812 1673 860 pestem

116 865 292 906 morari:
336 867 434 907 cum
451 872 593 906 tamen
615 865 698 915 ille,
721 863 1046 920 qualiscumque
1069 871 1149 913 est,
1171 862 1242 917 qui
1266 870 1332 903 est
1353 862 1406 903 ab
1427 876 1513 902 uno
1534 869 1575 902 te
1598 861 1674 902 im-

117 921 332 977 probitate
354 922 510 972 victus,
532 921 759 970 Gabinius,
787 920 964 975 collegit
997 919 1087 986 ipse
1119 934 1163 959 se
1192 918 1276 969 vix,
1301 918 1377 959 sed
1405 918 1582 973 collegit
1613 926 1675 980 ta-

115 991 235 1028 men3
266 984 324 1028 et,
345 986 495 1019 contra
515 991 638 1018 suum
659 976 875 1026 Clodium,
900 975 1080 1031 primum
1102 973 1317 1023 simulate,
1339 974 1494 1015 deinde
1517 989 1603 1015 non
1625 975 1676 1014 li-

117 1033 284 1085 beuter,
315 1034 370 1075 ad
398 1041 633 1076 extremum
664 1041 806 1074 tamen
837 1046 913 1087 pro
935 1032 1016 1072 Cn.
1040 1030 1249 1086 Pompeio
1270 1033 1363 1072 vert¹
1386 1031 1675 1071 vehementer-
1694 1037 1749 1078 80

119 1104 220 1144 que,
241 1092 464 1146 pugnavit.
524 1089 621 1136 Quo
645 1089 819 1144 quidem
847 1088 890 1127 in
920 1088 1168 1143 spectaculo
1192 1086 1297 1128 mira
1318 1087 1465 1142 populi
1491 1086 1676 1128 Romani

120 1145 303 1200 aequitas
324 1153 438 1187 erat:
469 1153 563 1186 uter
584 1160 727 1186 eorum
750 1143 958 1200 periisset,
976 1153 1190 1198 tamquam
1212 1143 1380 1191 lanista,
1402 1143 1444 1182 in
1464 1144 1677 1205 ejusmodi

119 1201 226 1257 pari,
249 1202 413 1243 lucrum
434 1202 524 1242 fieri
548 1202 747 1256 putabat;
778 1200 1060 1241 immortalem
1081 1198 1182 1240 vero
1202 1206 1429 1254 quaestum,
1446 1214 1480 1240 si
1498 1207 1678 1256 uterque

120 1257 364 1299 cecidisset.

425 1258 510 1299 Sed
541 1257 609 1298 ille
640 1264 784 1298 tamen
815 1256 971 1310 agebat
1007 1255 1195 1311 aliquid:
1227 1256 1425 1296 tuebatur
1452 1258 1679 1298 auctorita-

117 1319 207 1354 tem
237 1313 390 1354 summi
421 1313 521 1354 viri:
554 1320 644 1354 erat
670 1313 762 1368 ipse
796 1312 1045 1362 sceleratus,
1066 1318 1155 1352 erat
1186 1311 1422 1367 gladiator:
1455 1327 1552 1356 cum
1587 1327 1679 1354 sce-

118 1367 254 1410 lerato
289 1376 448 1420 tamen,
481 1375 524 1410 et
559 1383 658 1409 cum
696 1368 787 1424 pari
819 1367 1069 1423 gladiatore,
1102 1367 1334 1423 pugnabat.

1394 1367 1461 1409 Tu
1495 1368 1680 1419 scilicet,

118 1423 250 1466 homo
272 1424 500 1481 religiosus
522 1431 566 1466 et
595 1432 786 1474 sanctus,
807 1423 965 1473 foedus,
985 1423 1098 1478 quod
1132 1438 1228 1464 meo
1249 1424 1458 1479 sanguine
1480 1424 1523 1465 in
1545 1425 1679 1480 pacti-

119 1493 201 1521 one
235 1495 548 1537 provmclarum
577 1481 726 1531 iceras,
752 1481 946 1535 frangere
977 1479 1169 1520 noluisti.

1231 1479 1414 1521 Caverat
1446 1481 1560 1521 enim
1596 1481 1678 1522 sibi

120 1535 196 1577 ille
228 1537 416 1579 sororius
447 1537 628 1588 adulter,
650 1543 711 1586 ut,
735 1536 772 1577 si
800 1535 1186 1597 tibi-provinciam,
1208 1536 1244 1576 si
1275 1536 1522 1588 exercitum,
1541 1537 1577 1578 si
1606 1553 1681 1593 pe-

119 1592 291 1635 cuniam
310 1600 500 1650 ereptam
520 1607 572 1635 ex
593 1592 838 1649 reipublicae
860 1591 1108 1642 visceribus,
1132 1591 1340 1644 dedisset,
1361 1593 1552 1636 omnium
1582 1608 1678 1636 suo·
1696 1605 1754 1648 90

157 1822 210 1851 66.
247 1819 376 1851 Venienli
411 1819 592 1861 assurrexit]
663 1821 872 1853 Venientibus

114 1862 306 1899 consulibus,
329 1874 412 1905 equo
433 1865 516 1895 obvii
545 1864 668 1905 equites
697 1865 872 1894 descende-

119 1905 209 1941 bant,
223 1913 319 1946 caput
342 1908 545 1947 detegebant,
569 1909 610 1937 de
627 1907 676 1936 viii
699 1907 873 1944 cedebaut3

118 1949 332 1988 assurgeban13
350 1951 482 1980 minores
491 1950 686 1990 magistratus
692 1949 791 1980 fasces
802 1951 874 1980 sub-

119 1989 294 2023 mittebant.

159 2033 213 2063 73.
235 2032 396 2063 Clarissimi
409 2033 494 2072 viri]
536 2033 587 2064 De
605 2034 756 2074 Pompeio
772 2034 874 2074 loqui-

118 2078 178 2109 tur,
208 2075 262 2115 qui
290 2076 374 2105 visus
402 2076 533 2115 primuni
560 2076 660 2106 suerat
690 2077 873 2106 Ciceronem

119 2116 303 2155 deseruisse,
321 2116 390 2147 cum
408 2118 425 2147 ἐι
442 2117 604 2148 Clodianis
627 2128 792 2159 oppressus
808 2125 875 2156 est5

117 2158 173 2188 sed
209 2159 275 2199 qui,
301 2159 374 2190 facti
401 2161 566 2200 poenitens‚
589 2161 629 2190 dc
656 2161 737 2190 illius
762 2161 873 2196 reditu,

118 2201 286 2231 amicorum
300 2203 424 2241 adjutus
439 2203 546 2244 opera,
556 2203 632 2244 egit,
643 2210 678 2234 ut
691 2203 874 2234 Plutarchus

120 2243 238 2274 scribit.

160 2287 215 2316 74.
241 2285 345 2316 Verum
373 2287 524 2328 amicum]
570 2287 680 2318 C'oeero
715 2288 869 2329 Pompeio

119 2337 243 2369 semper
258 2329 427 2358 studuerat.

161 2372 214 2402 80.
236 2371 284 2400 Ad
296 2371 478 2412 ani-emim]
524 2371 635 2402 Scribit
655 2372 730 2408 Dio,
749 2372 799 2402 lib.
816 2375 870 2405 38.

116 2412 282 2453 Tigranem
307 2414 473 2452 juniorem,
498 2415 551 2454 qui
574 2415 605 2444 in
633 2415 762 2445 vinculis
786 2416 870 2453 apud

118 2454 248 2485 Lucium
273 2455 412 2486 Flavium
441 2458 615 2492 tenebatur,
642 2458 660 2488 ἐ
684 2457 796 2488 Clodio
817 2468 874 2498 pe-

119 2498 212 2528 cunia
226 2504 370 2540 corrupto
385 2499 529 2529 emissum
543 2499 649 2530 fuisse.
695 2500 789 2536 Quod
803 2499 872 2530 cum

117 2539 287 2580 Pompeius
324 2546 356 2571 et
395 2541 546 2571 Gabinius
585 2543 712 2572 moleste
750 2543 873 2578 ferrent,

119 2580 246 2613 Clodius
270 2593 324 2613 eos
345 2584 493 2614 conviciis
518 2584 642 2622 affecit;
667 2584 772 2621 immo,
792 2596 870 2626 quos

117 2633 222 2654 secum
235 2626 364 2656 comites
380 2627 549 2662 habebant,
566 2627 741 2658 vulneribus
755 2627 871 2663 affecit,

116 2667 251 2697 consulis
273 2668 371 2698 fasces
395 2668 497 2708 fregit,
517 2674 549 2699 et
571 2668 636 2709 ejus
660 2669 742 2700 bona
763 2680 872 2699 consc-

115 2709 222 2740 cravit.
250 2709 350 2740 Iratus
374 2710 555 2751 Pompeius,
571 2714 611 2742 de
629 2713 802 2743 revocando
818 2711 871 2742 Ci-

116 2760 230 2780 cerone
264 2752 425 2792 cogitavit,
454 2753 607 2785 referente
644 2755 683 2785 ad
722 2754 870 2795 populum

115 2792 270 2824 Mummio
286 2794 406 2826 tribuno
422 2795 533 2836 plebis.

960 1824 1012 1852 82.
1038 1821 1187 1864 Lanistu.]
1223 1822 1349 1853 Lanista
1365 1823 1529 1854 dicebatur
1543 1823 1595 1864 qui
1613 1823 1678 1864 gla-

919 1864 1054 1895 diatores
1081 1867 1119 1895 ad
1147 1872 1283 1896 mutuam
1307 1865 1461 1896 lanienam
1484 1867 1676 1898 instituebat.

918 1906 996 1937 Vult
1020 1907 1114 1946 igitur
1140 1908 1314 1948 significare
1330 1909 1452 1945 Cicero,
1478 1910 1585 1950 populi
1608 1909 1676 1939 Ro-

918 1950 1001 1979 mani
1041 1961 1102 1979 non
1141 1951 1329 1986 interfuisse,
1360 1952 1424 1982 sive
1447 1952 1591 1988 Clodius,
1611 1953 1674 1982 sive

918 1991 1069 2021 Gabinius
1083 1993 1135 2022 illa
1151 1994 1350 2024 contentione
1368 1995 1520 2034 periisset,
1533 1994 1602 2025 cum
1618 2005 1675 2035 par

919 2033 1035 2064 lucrum
1064 2045 1102 2064 ex
1127 2036 1220 2065 unius
1249 2046 1359 2072 morie,
1384 2042 1417 2066 et
1446 2047 1484 2067 ex
1514 2038 1671 2078 utriusque

918 2082 1069 2116 qni-ustum
1095 2077 1311 2114 immortalem,
1333 2085 1552 2109 consecuturus
1581 2086 1672 2110 esset.

922 2118 1042 2148 Alludit
1066 2125 1170 2149 autem
1197 2121 1235 2149 ad
1262 2120 1402 2156 lanistas,
1423 2122 1476 2162 qui
1502 2121 1618 2152 lucrum
1639 2134 1673 2153 se

918 2161 1020 2191 facere
1037 2167 1158 2202 putant,
1172 2161 1241 2192 cum
1259 2173 1294 2192 ex
1311 2164 1431 2193 duobus
1450 2165 1672 2204 gladiatoribus

918 2203 997 2233 alter
1011 2204 1173 2240 occiditur,
1190 2205 1262 2245 quia
1280 2208 1345 2245 ejus
1360 2206 1465 2236 alendi
1482 2213 1513 2237 et
1537 2207 1671 2238 docendi

919 2256 1046 2277 munere
1064 2247 1240 2277 liberantur.

958 2289 1011 2318 84.
1034 2289 1089 2319 Sed
1103 2290 1150 2319 ille
1164 2290 1288 2330 tamem]
1335 2290 1372 2321 Id
1391 2297 1449 2328 est,
1466 2291 1631 2323 Gabinius.

959 2333 1012 2362 85.
1036 2331 1240 2373 Summiviri]
1287 2333 1444 2373 Pompeii.

960 2376 1013 2406 87.
1038 2374 1129 2404 Homo
1143 2375 1316 2416 religiosus]
1364 2376 1479 2408 Ironia.

959 2415 1008 2446 Ih.
1031 2416 1068 2446 1²1
1081 2418 1213 2456 pactione
1225 2420 1471 2460 prouinciarum-J
1528 2419 1671 2456 Clodius,

916 2464 950 2489 ut
976 2459 1058 2500 saepf:
1087 2460 1204 2490 dictum
1227 2467 1285 2496 est,
1312 2462 1469 2501 pollicitus
1495 2463 1606 2498 suerat,
1637 2473 1670 2493 se

918 2501 1025 2531 Pisoni
1041 2501 1263 2533 Macedoniarn
1277 2504 1477 2544 provinciam,
1490 2511 1522 2535 et
1535 2506 1670 2534 Gabinio

919 2543 1052 2584 Syriam,
1069 2546 1224 2581 daturum,
1240 2546 1264 2575 si
1288 2547 1306 2576 ῖι
1326 2557 1359 2577 se
1383 2547 1455 2588 ejici
1475 2548 1506 2577 in
1531 2547 1669 2577 exsilium

915 2586 1098 2617 Ciceronem
1116 2593 1305 2627 paterentur.

958 2631 1010 2659 89.
1025 2628 1158 2659 Soror-ius
1169 2631 1310 2671 adultera]
1337 2631 1468 2663 Clodius
1482 2641 1552 2661 cum
1564 2642 1668 2663 sorore

916 2671 1064 2701 incestum
1079 2672 1283 2703 commiserat.

959 2715 1012 2745 90.
1048 2714 1092 2743 Ea:
1120 2714 1241 2754 Reipnb.
1275 2716 1452 2756 visceribus]
1513 2717 1668 2747 AErarimn

916 2755 1073 2796 publicum
1090 2757 1244 2798 intelligit,
1257 2758 1340 2788 unde
1357 2759 1520 2799 pecuniam
1538 2760 1667 2791 Clodius

917 2799 1058 2832 extraxit.

1663 166 1748 209 263
