1790 3090
78 140 161 181 152
764 137 854 171 PRO
879 136 1047 171 MUREN
1051 138 1094 171 A.

149 205 397 250 Hannibale
430 221 483 249 ex
517 206 644 248 Italia
675 209 867 264 expulso,
899 225 951 251 ex
982 208 1133 251 Africa
1164 208 1320 273 ejeet0‚
1343 208 1608 273 Carthagine
1639 225 1717 267 op—

150 265 317 319 pressa,
349 264 546 305 maximis
578 264 778 319 periculis
811 266 966 323 Remp.
999 266 1303 319 liberavisset),
1334 282 1417 308 11151
1450 267 1558 308 illud
1589 281 1716 330 grave

150 321 310 362 bellum
342 329 386 362 et
411 321 640 361 vehemens
671 329 905 377 putaretur.
966 323 1116 379 Atqui,
1145 323 1181 364 si
1218 324 1462 379 diligenter,
1495 323 1599 379 quid
1632 323 1719 363 Mi-

151 377 360 418 thridates
392 376 592 432 potuerit,
615 384 657 418 et
684 379 788 433 quid
820 378 1024 431 effecerit,
1054 388 1097 420 et
1125 379 1197 434 qui
1229 380 1291 420 vir
1311 380 1453 430 fuerit,
1474 379 1719 421 considera-

72 437 131 477 25
151 433 228 485 ris3
261 433 458 474 omnibus
490 433 679 488 renibus,
711 434 971 489 quibuscum
1004 436 1190 490 populus
1219 435 1344 477 Rom.
1377 437 1536 477 bellum
1568 434 1719 491 gessit,

150 490 266 530 hunc
296 504 439 545 legem
471 489 671 530 nimirum
702 497 959 561 antepones:
993 506 1121 545 quem
1153 491 1200 532 L.
1223 491 1345 546 Sylla
1364 493 1550 533 maximo
1574 499 1617 532 et
1633 491 1719 531 for-

148 545 317 587 tissimo
340 523 546 596 exercitu,
560 545 719 601 [pugn
703 562 728 586 a
745 547 1016 600 excitatun1‚]
1035 561 1121 587 non
1139 547 1256 587 rudis
1279 547 1523 609 imperator,
1539 555 1587 588 ut
1602 546 1719 588 aliud

150 601 258 642 nihil
279 602 436 652 dicam,
459 617 556 643 cum
589 603 699 643 bello
731 603 949 644 invectum
979 610 1114 644 totam
1146 602 1189 642 in
1210 603 1375 655 Asiam,
1397 620 1494 646 cum
1523 619 1630 660 pace
1652 602 1717 643 di-

149 658 286 699 misit:
309 673 437 714 quem
460 659 505 698 L.
526 659 722 709 Murena,
737 667 857 714 pater
874 661 1068 728 huJusce
1088 659 1464 701 vehementissime
1480 659 1717 716 vigilantis·

72 717 130 758 30
150 714 340 775 sitneque
358 721 572 777 vexatum,
588 730 827 770 repressum
841 731 1010 756 maxim·
1004 715 1029 756 ἲι
1047 730 1100 756 ex
1119 722 1252 777 palte,
1270 731 1357 758 non
1373 731 1638 772 oppressum,
1654 730 1718 756 re-

148 770 294 826 liquit:
327 771 399 826 qui
433 786 519 821 rex,
549 771 629 811 sibi
661 772 825 826 aliquot
857 774 978 813 annis
1008 772 1187 827 sumptis
1221 773 1275 812 ad
1310 772 1623 814 confirmandas
1650 786 1718 812 ra-

148 827 287 867 tiones
309 836 351 867 et
379 827 526 882 copias
560 827 674 877 belli,
696 828 860 868 tanturn
892 829 981 890 ipse
1004 828 1157 884 opibus
1180 836 1422 884 conatuque
1454 828 1648 878 invaluit,
1668 834 1718 868 ut

149 897 194 923 se
217 882 440 923 Oceanum
463 898 560 923 cum
583 859 740 934 Porito,
763 884 939 925 Sertorii
962 899 1110 940 coplas
1133 900 1231 925 cum
1259 900 1362 935 51115,
1386 886 1716 947 conjuncturum

146 946 330 992 putaret.
391 939 461 978 Ad
485 940 600 994 quod
632 940 789 980 bellum
810 941 979 981 duobus
1002 941 1252 982 consulibus
1274 941 1334 982 ita
1365 956 1521 992 11115515,
1539 947 1588 981 ut
1607 940 1715 981 alter

72 997 128 1037 35
148 995 448 1035 Mithridatem
487 1003 825 1057 persequeretur,
858 997 965 1037 altei
1005 997 1258 1051 Bithyniam
1293 1004 1505 1048 tueretur;
1536 995 1714 1038 alterius

147 1066 228 1103 res,
252 1058 295 1091 et
314 1050 426 1091 terra
449 1062 492 1091 et
523 1066 627 1091 maii
648 1052 924 1102 calamitosae,
944 1052 1219 1093 vehementer
1239 1060 1282 1093 et
1298 1068 1408 1115 ‘opes
1430 1053 1543 1109 regis
1564 1060 1608 1093 et
1637 1067 1715 1093 no-

147 1122 245 1149 meu
276 1113 504 1148 auxerunt:
553 1108 601 1147 L.
620 1108 781 1148 Luculli
809 1110 908 1149 vero
936 1123 1001 1149 res
1034 1115 1165 1148 tantae
1197 1109 1468 1160 exstiterunt,
1498 1116 1544 1149 ut
1575 1123 1715 1170 neque

146 1165 284 1220 majus
318 1164 474 1204 bellum
496 1164 817 1205 commemorari
849 1164 1000 1219 possit,
1023 1179 1161 1220 neque
1183 1166 1342 1220 majole
1364 1165 1546 1206 consilio
1568 1171 1613 1205 et
1633 1178 1717 1205 vir-

146 1227 237 1261 tute
273 1227 457 1276 gestum.
520 1220 645 1267 Nam,
675 1235 771 1261 511111
804 1221 938 1262 1011115
970 1221 1156 1276 impetus
1189 1221 1292 1261 belli
1324 1221 1379 1262 ad
1409 1221 1717 1285 Cyzicenorum

72 1278 129 1320 40
148 1291 308 1318 moenia
329 1275 612 1324 constitisset,
634 1291 814 1332 eamque
834 1277 981 1317 urbem
1002 1277 1085 1318 sibi
1109 1277 1388 1320 Mithridates
1406 1278 1553 1319 Asiae
1538 1291 1717 1340 Januam

146 1334 236 1375 fore
255 1333 504 1389 putavisset,
525 1348 609 1389 qua
627 1333 797 1374 effract·
781 1349 806 1373 1
820 1341 863 1374 51
877 1335 1027 1374 revuis·
1021 1349 1060 1384 1,
1079 1340 1169 1374 tota
1182 1340 1348 1389 pateret
1362 1334 1603 1389 provincra3
1623 1347 1717 1396 per-

148 1390 263 1432 fecta
284 1391 337 1430 ab
361 1390 540 1430 Lucullo
572 1390 666 1430 haec
687 1397 788 1430 sunt
809 1389 966 1441 omnia,
988 1397 1036 1431 ut
1065 1390 1164 1430 urbs
1196 1390 1545 1432 fidelissimorum
1576 1404 1717 1431 socio-

148 1461 241 1487 rum
271 1446 584 1496 defenderetur,
608 1452 651 1486 et
683 1460 830 1486 omnes
853 1446 990 1501 copiae
1021 1445 1134 1501 reois
1167 1446 1445 1488 diuturnitate
1477 1446 1717 1487 obsidionis

150 1510 516 1544 consummentur.
576 1501 717 1548 Quid?
763 1502 878 1542 illam
918 1517 1108 1557 pugnam
1157 1503 1352 1543 navalem
1392 1503 1446 1544 ad
1495 1502 1717 1543 Tenedum

73 1561 128 1603 45
147 1563 279 1612 (cum,
311 1565 514 1600 contento
548 1573 690 1607 cu1·‚su
723 1557 941 1599 acerrimis
973 1558 1174 1608 ducibus,
1195 1559 1386 1602 hostium
1417 1559 1570 1602 elassis
1602 1557 1718 1600 Itali-

194 1823 247 1852 21.
274 1820 441 1850 Hannibale
463 1830 495 1849 ex
523 1818 613 1849 Italia
638 1819 776 1860 expulsa]
822 1819 912 1849 Han.

151 1863 235 1894 nibal
252 1864 382 1904 primum
398 1864 437 1893 ad
462 1862 576 1892 Nolam
600 1862 619 1892 ’ἒι
642 1862 796 1892 Marcello
812 1862 911 1892 victus

152 1912 210 1941 est,
235 1906 344 1947 postea
367 1906 385 1935 a
415 1905 599 1944 Sempronio
626 1904 768 1935 Graccho
800 1905 912 1944 magna

152 1959 274 1978 suorum
303 1949 393 1979 clade
424 1948 583 1988 repulsus:
609 1947 724 1977 deinde
750 1947 911 1988 Carthagi-

151 2001 221 2020 nem
238 1992 342 2028 rediit,
355 1996 389 2020 ut
401 2001 480 2025 eam,
494 1990 511 2019 a
530 1990 566 2019 Ρ.
582 1990 726 2030 Scipione
739 1991 909 2028 obsessam,

151 2033 311 2070 liberaret3
327 2034 380 2063 ubi
396 2039 461 2063 toto
477 2032 543 2073 ejus
557 2033 623 2063 fere
639 2033 744 2062 deleto
762 2033 909 2071 exercitu,

152 2076 251 2106 victus
268 2081 324 2106 est.

195 2121 248 2150 23.
271 2120 374 2159 Atqui,
389 2119 414 2148 si
434 2117 617 2159 diligenter]
663 2117 831 2157 Postquam
857 2117 912 2148 Ci-

150 2171 222 2191 cero
251 2161 453 2192 Asiaticorum
490 2161 637 2190 bellorum
669 2160 912 2199 magnitudinem

153 2204 334 2241 declaravit,
352 2203 419 2244 jam
443 2204 579 2233 ostendit
603 2203 675 2233 belli
698 2213 766 2233 cum
792 2203 913 2234 Mithri-

153 2248 225 2277 date
251 2247 328 2286 gesti
351 2246 544 2285 gravitatem,
562 2256 631 2285 quse
654 2245 779 2285 quidem
804 2256 840 2276 ex
863 2246 911 2286 ip-

153 2289 215 2318 sius
239 2289 433 2319 Mithridatis
457 2289 609 2327 potentia,
632 2291 722 2317 rebus
751 2288 857 2327 gestis,
881 2294 913 2319 et

154 2333 347 2367 auctoritate,
363 2331 456 2372 plane
472 2341 590 2360 summa
608 2331 699 2360 fuisse
719 2330 911 2371 intelligitur.

153 2374 211 2403 His
227 2374 309 2404 enim
324 2373 539 2408 consideratis,
555 2373 644 2402 facile
662 2373 816 2412 conjicere
840 2374 913 2403 licet

153 2416 369 2446 Mithridatem
397 2416 538 2446 omnibus
568 2415 700 2455 regibus,
729 2416 912 2455 quibuscum

152 2469 227 2499 pop.
253 2458 346 2489 Rom.
372 2458 486 2488 belluni
513 2459 618 2498 gessit,
659 2459 913 2498 anteponendum

154 2512 232 2532 esse.

198 2546 249 2574 26.
275 2543 367 2578 Quem
397 2543 431 2573 L.
458 2544 571 2584 Sylla]
615 2542 666 2573 De
693 2541 741 2572 his
769 2542 910 2573 omnibus

154 2597 224 2627 quae
241 2592 326 2626 gesta
343 2591 413 2615 sunt
426 2586 458 2615 in
474 2586 549 2615 Asia
566 2591 627 2615 tum
645 2587 663 2615 ῑι
679 2585 715 2614 L.
730 2584 829 2626 Sylla,
845 2591 910 2615 tum

155 2631 193 2660 ab
210 2629 276 2659 aliis
291 2629 525 2669 imperatoribus
542 2638 611 2658 cum
628 2627 826 2663 Mithridate,
843 2628 908 2658 fuse

151 2672 217 2712 jam
234 2671 365 2701 diximus
387 2671 419 2701 in
440 2671 578 2701 oratione
594 2681 649 2711 pro
666 2671 750 2711 Lege
767 2670 914 2708 Manilia,

156 2725 225 2756 quae
241 2714 332 2745 facile
348 2719 469 2755 repetet
483 2714 590 2745 lector.

196 2759 251 2788 33.
276 2757 448 2798 Oceanum.]
515 2755 604 2788 Elate
633 2755 709 2787 dicit
735 2754 917 2797 conjunctu·

954 1830 1020 1850 111111
1037 1819 1200 1850 Oceanum
1217 1830 1287 1851 cum
1305 1819 1421 1856 Ponto,
1433 1823 1468 1848 ut
1479 1816 1638 1852 ostendat,
1647 1826 1720 1846 suan

954 1863 1060 1902 copias
1076 1863 1267 1904 conjungere
1282 1863 1416 1892 voluisse
1431 1872 1501 1892 cum
1518 1859 1718 1894 Sertorianis,

955 1916 1024 1945 quae
1051 1912 1139 1935 erant
1164 1916 1196 1936 111
1223 1904 1390 1945 Hispania,
1416 1914 1486 1945 quae
1514 1913 1551 1933 ex
1578 1901 1716 1933 maxima

955 1954 1044 1988 parte
1060 1948 1189 1978 Oceano
1205 1948 1340 1978 alluitur.

999 1990 1047 2020 Ib.
1071 1991 1190 2020 Sertorii
1212 1990 1332 2030 copias]
1379 1989 1460 2020 Cum
1475 1987 1628 2018 Sertorius
1644 1986 1687 2027 Sy
1692 1985 1717 2016 l-

954 2032 1031 2062 lanis
1062 2033 1250 2072 temporibus
1286 2033 1474 2072 proscriptus
1502 2031 1623 2065 fuisset,
1650 2028 1717 2058 bel-

955 2075 1038 2104 lum
1031 2086 1141 2115 ingens
1163 2075 1194 2105 in
1219 2074 1372 2124 Hispania
1388 2073 1530 2104 ulteriore
1545 2071 1716 2109 excitavit3

956 2119 1052 2158 quod,
1067 2128 1128 2147 non
1145 2123 1208 2147 tam
1226 2118 1349 2151 virtute,
1366 2128 1458 2158 quam
1474 2116 1595 2150 fraude,
1611 2125 1648 2145 eo
1669 2114 1718 2144 in-

957 2161 1095 2196 terfecto,
1117 2160 1253 2190 Romani
1276 2160 1485 2190 absolverunt.
1527 2158 1612 2189 Vide
1629 2156 1719 2187 Orat.

957 2213 1012 2244 pro
1029 2203 1113 2242 lege
1130 2203 1241 2233 Manil.
1256 2203 1383 2243 Paragr.
1398 2203 1439 2233 iv,
1454 2202 1475 2232 l.
1492 2203 1545 2232 29.

1000 2247 1053 2276 34.
1079 2246 1276 2286 Consulibus]
1321 2245 1358 2275 L.
1375 2245 1521 2276 Lucullus
1537 2242 1633 2274 etM.
1649 2239 1718 2270 Au-

957 2288 1049 2318 relius
1066 2288 1170 2325 Cotta,
1186 2288 1277 2319 Urbis
1292 2289 1428 2319 conditae
1442 2298 1524 2318 anno
1540 2287 1616 2322 679,
1627 2282 1715 2313 suere

955 2331 1108 2361 consules.

999 2376 1051 2404 35.
1076 2374 1205 2404 Alterius
1218 2373 1289 2413 τω]
1334 2372 1481 2403 Aurelius
1496 2371 1589 2402 Cotta
1611 2368 1629 2399 ὲ
1651 2368 1716 2398 Mi-

958 2416 1104 2454 thridate,
1122 2417 1292 2457 irruptione
1309 2415 1391 2446 sacta
1405 2415 1437 2445 in
1454 2414 1648 2455 Bithyniam,
1666 2422 1716 2442 su·

957 2464 1085 2498 peratus
1101 2465 1160 2490 est.

997 2503 1051 2531 39.
1079 2501 1310 2541 Cyzicenorum]
1349 2500 1468 2531 Urbem
1484 2499 1715 2540 Cyzicenorum

954 2542 1024 2573 cum
1051 2544 1208 2574 obsessam
1235 2548 1355 2574 teneret
1378 2542 1590 2578 Mithridates,
1610 2543 1627 2572 a
1652 2543 1716 2574 Lu-

953 2586 1035 2616 cullo
1051 2587 1182 2616 liberata
1198 2593 1256 2616 est.

996 2631 1049 2659 44.
1073 2629 1120 2658 Λα
1138 2628 1291 2659 Tenedum.
1295 2628 1309 2670 ]
1344 2627 1492 2658 Tenedos
1507 2627 1607 2658 insula
1623 2632 1671 2659 est
1686 2627 1718 2658 in

958 2672 1034 2701 mari
1062 2671 1126 2711 AEg
1129 2682 1174 2701 aeo
1211 2677 1296 2701 extra
1332 2670 1585 2710 Hellespontum,
1623 2670 1716 2711 Sigeo

960 2713 1041 2745 litori
1077 2713 1234 2754 adjacens.
1279 2712 1342 2744 Hic
1379 2713 1580 2745 Mithridates
1612 2712 1720 2756 pugna

960 2756 1093 2789 navali
1078 2768 1096 2789 a
1111 2757 1241 2789 Lucullo
1254 2756 1353 2788 victus
1369 2761 1427 2787 est.
