<?xml version="1.0" encoding="UTF-8"?>
<!DOCTYPE html PUBLIC "-//W3C//DTD XHTML 1.0 Transitional//EN"
    "http://www.w3.org/TR/xhtml1/DTD/xhtml1-transitional.dtd">
<html xmlns="http://www.w3.org/1999/xhtml" xml:lang="en" lang="en">
 <head>
  <title>
</title>
<meta http-equiv="Content-Type" content="text/html;charset=utf-8" />
  <meta name='ocr-system' content='tesseract 3.04.00' />
  <meta name='ocr-capabilities' content='ocr_page ocr_carea ocr_par ocr_line ocrx_word'/>
</head>
<body>
  <div class='ocr_page' id='page_1' title='image "./selectaeoratione00ciceuoft_0045.png"; bbox 0 0 1858 3095; ppageno 0'>
   <div class='ocr_carea' id='block_1_1' title="bbox 557 150 1190 214">
    <p class='ocr_par' dir='ltr' id='par_1_1' title="bbox 557 150 1190 214">
     <span class='ocr_line' id='line_1_1' title="bbox 557 150 1190 214; baseline 0 -4"><span class='ocrx_word' id='word_1_1' title='bbox 557 177 608 210; x_wconf 77' lang='lat' dir='ltr'>m</span> <span class='ocrx_word' id='word_1_2' title='bbox 632 175 882 214; x_wconf 72' lang='lat' dir='ltr'>cAEcmuM,</span> <span class='ocrx_word' id='word_1_3' title='bbox 906 175 1163 214; x_wconf 68' lang='lat' dir='ltr'>mvario.</span> <span class='ocrx_word' id='word_1_4' title='bbox 1187 150 1190 155; x_wconf 43' lang='lat'>¹</span> 
     </span>
    </p>
   </div>
   <div class='ocr_carea' id='block_1_2' title="bbox 67 251 1692 651">
    <p class='ocr_par' dir='ltr' id='par_1_2' title="bbox 67 251 1692 651">
     <span class='ocr_line' id='line_1_2' title="bbox 79 251 1625 315; baseline 0.004 -20"><span class='ocrx_word' id='word_1_5' title='bbox 79 252 195 310; x_wconf 86' lang='lat' dir='ltr'>quod</span> <span class='ocrx_word' id='word_1_6' title='bbox 216 259 289 295; x_wconf 82' lang='lat' dir='ltr'>ant</span> <span class='ocrx_word' id='word_1_7' title='bbox 308 253 469 312; x_wconf 87' lang='lat' dir='ltr'>populo</span> <span class='ocrx_word' id='word_1_8' title='bbox 489 251 615 294; x_wconf 84' lang='lat' dir='ltr'>Rom.</span> <span class='ocrx_word' id='word_1_9' title='bbox 638 253 800 310; x_wconf 84' lang='lat' dir='ltr'>gratius</span> <span class='ocrx_word' id='word_1_10' title='bbox 821 268 914 295; x_wconf 88' lang='lat' dir='ltr'>esse</span> <span class='ocrx_word' id='word_1_11' title='bbox 934 255 1102 306; x_wconf 86' lang='lat' dir='ltr'>debeat,</span> <span class='ocrx_word' id='word_1_12' title='bbox 1136 262 1210 298; x_wconf 77' lang='lat' dir='ltr'>aut</span> <span class='ocrx_word' id='word_1_13' title='bbox 1230 255 1359 298; x_wconf 80' lang='lat' dir='ltr'>sociis</span> <span class='ocrx_word' id='word_1_14' title='bbox 1382 257 1625 315; x_wconf 82' lang='lat' dir='ltr'>exterisque</span> 
     </span>
     <span class='ocr_line' id='line_1_3' title="bbox 75 309 1627 368; baseline 0.003 -17"><span class='ocrx_word' id='word_1_15' title='bbox 75 310 324 353; x_wconf 82' lang='lat' dir='ltr'>nationibus</span> <span class='ocrx_word' id='word_1_16' title='bbox 356 309 542 366; x_wconf 85' lang='lat' dir='ltr'>optatius</span> <span class='ocrx_word' id='word_1_17' title='bbox 575 323 669 351; x_wconf 87' lang='lat' dir='ltr'>esse</span> <span class='ocrx_word' id='word_1_18' title='bbox 701 310 852 366; x_wconf 86' lang='lat' dir='ltr'>possit,</span> <span class='ocrx_word' id='word_1_19' title='bbox 884 318 957 352; x_wconf 88' lang='lat' dir='ltr'>aut</span> <span class='ocrx_word' id='word_1_20' title='bbox 986 311 1113 352; x_wconf 90' lang='lat' dir='ltr'>saluti</span> <span class='ocrx_word' id='word_1_21' title='bbox 1136 312 1403 368; x_wconf 83' lang='lat' dir='ltr'>fortunisque</span> <span class='ocrx_word' id='word_1_22' title='bbox 1435 313 1627 356; x_wconf 88' lang='lat' dir='ltr'>omnium</span> 
     </span>
     <span class='ocr_line' id='line_1_4' title="bbox 75 365 1629 423; baseline 0.003 -16"><span class='ocrx_word' id='word_1_23' title='bbox 75 365 212 423; x_wconf 77' lang='lat' dir='ltr'>magis</span> <span class='ocrx_word' id='word_1_24' title='bbox 231 367 600 410; x_wconf 85' lang='lat' dir='ltr'>accommodatum</span> <span class='ocrx_word' id='word_1_25' title='bbox 632 366 689 407; x_wconf 92' lang='lat' dir='ltr'>sit</span> <span class='ocrx_word' id='word_1_26' title='bbox 703 366 719 406; x_wconf 67' lang='lat' dir='ltr'>&#39;l</span> <span class='ocrx_word' id='word_1_27' title='bbox 779 367 1018 423; x_wconf 87' lang='lat' dir='ltr'>Populatae‚</span> <span class='ocrx_word' id='word_1_28' title='bbox 1050 375 1228 420; x_wconf 86' lang='lat' dir='ltr'>vexatae,</span> <span class='ocrx_word' id='word_1_29' title='bbox 1262 368 1450 410; x_wconf 66' lang='lat' dir='ltr'>funditus</span> <span class='ocrx_word' id='word_1_30' title='bbox 1471 385 1629 412; x_wconf 82' lang='lat' dir='ltr'>eversae</span> 
     </span>
     <span class='ocr_line' id='line_1_5' title="bbox 76 422 1626 485; baseline 0.003 -22"><span class='ocrx_word' id='word_1_31' title='bbox 76 424 334 485; x_wconf 83' lang='lat' dir='ltr'>provinciae3</span> <span class='ocrx_word' id='word_1_32' title='bbox 364 422 470 464; x_wconf 89' lang='lat' dir='ltr'>socii</span> <span class='ocrx_word' id='word_1_33' title='bbox 504 422 855 479; x_wconf 84' lang='lat' dir='ltr'>stipendiariique</span> <span class='ocrx_word' id='word_1_34' title='bbox 877 425 1024 480; x_wconf 86' lang='lat' dir='ltr'>populi</span> <span class='ocrx_word' id='word_1_35' title='bbox 1059 424 1241 466; x_wconf 86' lang='lat' dir='ltr'>Romani</span> <span class='ocrx_word' id='word_1_36' title='bbox 1275 425 1437 476; x_wconf 89' lang='lat' dir='ltr'>afflicti,</span> <span class='ocrx_word' id='word_1_37' title='bbox 1468 426 1626 478; x_wconf 86' lang='lat' dir='ltr'>miseri,</span> 
     </span>
     <span class='ocr_line' id='line_1_6' title="bbox 67 479 1692 542; baseline 0.002 -22"><span class='ocrx_word' id='word_1_38' title='bbox 67 493 160 535; x_wconf 85' lang='lat' dir='ltr'>Jam</span> <span class='ocrx_word' id='word_1_39' title='bbox 177 494 261 521; x_wconf 92' lang='lat' dir='ltr'>non</span> <span class='ocrx_word' id='word_1_40' title='bbox 292 479 441 520; x_wconf 88' lang='lat' dir='ltr'>salutis</span> <span class='ocrx_word' id='word_1_41' title='bbox 462 494 598 542; x_wconf 87' lang='lat' dir='ltr'>spem,</span> <span class='ocrx_word' id='word_1_42' title='bbox 619 480 695 520; x_wconf 86' lang='lat' dir='ltr'>sed</span> <span class='ocrx_word' id='word_1_43' title='bbox 717 479 835 521; x_wconf 81' lang='lat' dir='ltr'>exitii</span> <span class='ocrx_word' id='word_1_44' title='bbox 857 481 1057 522; x_wconf 86' lang='lat' dir='ltr'>solatium</span> <span class='ocrx_word' id='word_1_45' title='bbox 1079 488 1287 537; x_wconf 73' lang='lat' dir='ltr'>quaerunt.</span> <span class='ocrx_word' id='word_1_46' title='bbox 1349 482 1434 530; x_wconf 83' lang='lat' dir='ltr'>Qui</span> <span class='ocrx_word' id='word_1_47' title='bbox 1460 483 1628 538; x_wconf 85' lang='lat' dir='ltr'>judicia</span> <span class='ocrx_word' id='word_1_48' title='bbox 1638 484 1692 525; x_wconf 89' lang='lat'>25</span> 
     </span>
     <span class='ocr_line' id='line_1_7' title="bbox 74 535 1627 593; baseline 0.002 -15"><span class='ocrx_word' id='word_1_49' title='bbox 74 550 245 578; x_wconf 84' lang='lat' dir='ltr'>manere</span> <span class='ocrx_word' id='word_1_50' title='bbox 265 535 379 593; x_wconf 86' lang='lat' dir='ltr'>apud</span> <span class='ocrx_word' id='word_1_51' title='bbox 408 536 600 577; x_wconf 84' lang='lat' dir='ltr'>ordmem</span> <span class='ocrx_word' id='word_1_52' title='bbox 623 536 883 578; x_wconf 82' lang='lat' dir='ltr'>senatorium</span> <span class='ocrx_word' id='word_1_53' title='bbox 904 538 1067 590; x_wconf 89' lang='lat' dir='ltr'>volunt,</span> <span class='ocrx_word' id='word_1_54' title='bbox 1103 545 1335 593; x_wconf 86' lang='lat' dir='ltr'>queruntur</span> <span class='ocrx_word' id='word_1_55' title='bbox 1354 546 1627 581; x_wconf 82' lang='lat' dir='ltr'>accusatores</span> 
     </span>
     <span class='ocr_line' id='line_1_8' title="bbox 74 591 1629 651; baseline 0.003 -18"><span class='ocrx_word' id='word_1_56' title='bbox 74 607 121 634; x_wconf 89' lang='lat' dir='ltr'>se</span> <span class='ocrx_word' id='word_1_57' title='bbox 159 591 340 634; x_wconf 90' lang='lat' dir='ltr'>idoneos</span> <span class='ocrx_word' id='word_1_58' title='bbox 370 607 458 634; x_wconf 90' lang='lat' dir='ltr'>non</span> <span class='ocrx_word' id='word_1_59' title='bbox 488 592 667 643; x_wconf 85' lang='lat' dir='ltr'>habere;</span> <span class='ocrx_word' id='word_1_60' title='bbox 699 593 772 648; x_wconf 88' lang='lat' dir='ltr'>qui</span> <span class='ocrx_word' id='word_1_61' title='bbox 807 608 1008 635; x_wconf 86' lang='lat' dir='ltr'>accusare</span> <span class='ocrx_word' id='word_1_62' title='bbox 1044 602 1244 651; x_wconf 85' lang='lat' dir='ltr'><strong>possunt,</strong></span> <span class='ocrx_word' id='word_1_63' title='bbox 1265 594 1528 650; x_wconf 87' lang='lat' dir='ltr'>judiciorum</span> <span class='ocrx_word' id='word_1_64' title='bbox 1563 611 1629 637; x_wconf 85' lang='lat' dir='ltr'>se-</span> 
     </span>
    </p>
   </div>
   <div class='ocr_carea' id='block_1_3' title="bbox 73 647 574 690">
    <p class='ocr_par' dir='ltr' id='par_1_3' title="bbox 73 647 574 690">
     <span class='ocr_line' id='line_1_9' title="bbox 73 647 574 690; baseline 0.004 -2"><span class='ocrx_word' id='word_1_65' title='bbox 73 647 293 690; x_wconf 83' lang='lat' dir='ltr'>veritatem</span> <span class='ocrx_word' id='word_1_66' title='bbox 316 648 574 690; x_wconf 87' lang='lat' dir='ltr'>desiderant.</span> 
     </span>
    </p>
   </div>
   <div class='ocr_carea' id='block_1_4' title="bbox 635 649 1629 705">
    <p class='ocr_par' dir='ltr' id='par_1_4' title="bbox 635 649 1629 705">
     <span class='ocr_line' id='line_1_10' title="bbox 635 649 1629 705; baseline 0.004 -16"><span class='ocrx_word' id='word_1_67' title='bbox 635 649 829 705; x_wconf 91' lang='lat' dir='ltr'>Populus</span> <span class='ocrx_word' id='word_1_68' title='bbox 849 649 974 691; x_wconf 89' lang='lat' dir='ltr'>Rom.</span> <span class='ocrx_word' id='word_1_69' title='bbox 996 650 1173 701; x_wconf 56' lang='lat' dir='ltr'>interest,</span> <span class='ocrx_word' id='word_1_70' title='bbox 1204 651 1374 692; x_wconf 82' lang='lat' dir='ltr'>tametsi</span> <span class='ocrx_word' id='word_1_71' title='bbox 1398 651 1543 692; x_wconf 88' lang='lat' dir='ltr'>multis</span> <span class='ocrx_word' id='word_1_72' title='bbox 1564 652 1629 693; x_wconf 92' lang='lat' dir='ltr'>in-</span> 
     </span>
    </p>
   </div>
   <div class='ocr_carea' id='block_1_5' title="bbox 59 704 1694 1214">
    <p class='ocr_par' dir='ltr' id='par_1_5' title="bbox 59 704 1694 1214">
     <span class='ocr_line' id='line_1_11' title="bbox 71 704 1628 764; baseline 0.002 -18"><span class='ocrx_word' id='word_1_73' title='bbox 71 705 309 746; x_wconf 88' lang='lat' dir='ltr'>commodis</span> <span class='ocrx_word' id='word_1_74' title='bbox 341 704 754 762; x_wconf 85' lang='lat' dir='ltr'>difficultatibusque</span> <span class='ocrx_word' id='word_1_75' title='bbox 799 705 978 747; x_wconf 84' lang='lat' dir='ltr'>affectus</span> <span class='ocrx_word' id='word_1_76' title='bbox 1009 716 1088 758; x_wconf 85' lang='lat' dir='ltr'>est,</span> <span class='ocrx_word' id='word_1_77' title='bbox 1120 714 1264 748; x_wconf 83' lang='lat' dir='ltr'>tamen</span> <span class='ocrx_word' id='word_1_78' title='bbox 1295 707 1402 748; x_wconf 82' lang='lat' dir='ltr'>nihil</span> <span class='ocrx_word' id='word_1_79' title='bbox 1433 707 1554 764; x_wconf 64' lang='lat' dir='ltr'>aeque</span> <span class='ocrx_word' id='word_1_80' title='bbox 1584 709 1628 749; x_wconf 87' lang='lat' dir='ltr'>in</span> 
     </span>
     <span class='ocr_line' id='line_1_12' title="bbox 70 759 1694 821; baseline 0.004 -21"><span class='ocrx_word' id='word_1_81' title='bbox 70 759 237 817; x_wconf 89' lang='lat' dir='ltr'>Repub.</span> <span class='ocrx_word' id='word_1_82' title='bbox 261 768 388 817; x_wconf 88' lang='lat' dir='ltr'>atque</span> <span class='ocrx_word' id='word_1_83' title='bbox 403 761 520 802; x_wconf 88' lang='lat' dir='ltr'>illam</span> <span class='ocrx_word' id='word_1_84' title='bbox 541 768 726 803; x_wconf 88' lang='lat' dir='ltr'>veterem</span> <span class='ocrx_word' id='word_1_85' title='bbox 742 762 1007 817; x_wconf 87' lang='lat' dir='ltr'>judiciorum</span> <span class='ocrx_word' id='word_1_86' title='bbox 1029 765 1113 806; x_wconf 90' lang='lat' dir='ltr'>vim</span> <span class='ocrx_word' id='word_1_87' title='bbox 1128 764 1466 820; x_wconf 81' lang='lat' dir='ltr'>gravitatemque</span> <span class='ocrx_word' id='word_1_88' title='bbox 1489 764 1628 821; x_wconf 87' lang='lat' dir='ltr'>requi·</span> <span class='ocrx_word' id='word_1_89' title='bbox 1638 765 1694 806; x_wconf 87' lang='lat'>30</span> 
     </span>
     <span class='ocr_line' id='line_1_13' title="bbox 69 816 1627 877; baseline 0.003 -18"><span class='ocrx_word' id='word_1_90' title='bbox 69 816 139 859; x_wconf 90' lang='lat' dir='ltr'>rit.</span> <span class='ocrx_word' id='word_1_91' title='bbox 197 817 222 859; x_wconf 93' lang='lat' dir='ltr'>J</span> <span class='ocrx_word' id='word_1_92' title='bbox 228 818 468 860; x_wconf 90' lang='lat' dir='ltr'>udiciorum</span> <span class='ocrx_word' id='word_1_93' title='bbox 501 818 732 870; x_wconf 90' lang='lat' dir='ltr'>desiderio,</span> <span class='ocrx_word' id='word_1_94' title='bbox 763 819 985 860; x_wconf 84' lang='lat' dir='ltr'>tribunitia</span> <span class='ocrx_word' id='word_1_95' title='bbox 1025 828 1218 877; x_wconf 84' lang='lat' dir='ltr'>potestas</span> <span class='ocrx_word' id='word_1_96' title='bbox 1261 820 1497 877; x_wconf 82' lang='lat' dir='ltr'>efflagitata</span> <span class='ocrx_word' id='word_1_97' title='bbox 1537 827 1627 863; x_wconf 86' lang='lat' dir='ltr'>est:</span> 
     </span>
     <span class='ocr_line' id='line_1_14' title="bbox 62 873 1630 934; baseline 0.004 -20"><span class='ocrx_word' id='word_1_98' title='bbox 62 873 329 930; x_wconf 85' lang='lat' dir='ltr'>judiciorum</span> <span class='ocrx_word' id='word_1_99' title='bbox 348 874 565 927; x_wconf 80' lang='lat' dir='ltr'>blevitate,</span> <span class='ocrx_word' id='word_1_100' title='bbox 597 876 701 917; x_wconf 89' lang='lat' dir='ltr'>ordo</span> <span class='ocrx_word' id='word_1_101' title='bbox 731 889 903 932; x_wconf 91' lang='lat' dir='ltr'>quoque</span> <span class='ocrx_word' id='word_1_102' title='bbox 932 876 1039 918; x_wconf 84' lang='lat' dir='ltr'>alius</span> <span class='ocrx_word' id='word_1_103' title='bbox 1073 879 1127 920; x_wconf 83' lang='lat' dir='ltr'>ad</span> <span class='ocrx_word' id='word_1_104' title='bbox 1158 891 1223 918; x_wconf 88' lang='lat' dir='ltr'>res</span> <span class='ocrx_word' id='word_1_105' title='bbox 1247 876 1507 932; x_wconf 85' lang='lat' dir='ltr'>judicandas</span> <span class='ocrx_word' id='word_1_106' title='bbox 1527 892 1630 934; x_wconf 89' lang='lat' dir='ltr'>pos-</span> 
     </span>
     <span class='ocr_line' id='line_1_15' title="bbox 68 930 1628 989; baseline 0.003 -18"><span class='ocrx_word' id='word_1_107' title='bbox 68 930 243 973; x_wconf 85' lang='lat' dir='ltr'>tulatur.</span> <span class='ocrx_word' id='word_1_108' title='bbox 301 931 327 972; x_wconf 90' lang='lat' dir='ltr'>J</span> <span class='ocrx_word' id='word_1_109' title='bbox 331 931 502 974; x_wconf 89' lang='lat' dir='ltr'>udicum</span> <span class='ocrx_word' id='word_1_110' title='bbox 524 931 653 988; x_wconf 64' lang='lat' dir='ltr'>culpfi</span> <span class='ocrx_word' id='word_1_111' title='bbox 674 938 803 989; x_wconf 88' lang='lat' dir='ltr'>atque</span> <span class='ocrx_word' id='word_1_112' title='bbox 825 933 1036 975; x_wconf 86' lang='lat' dir='ltr'>dedecore</span> <span class='ocrx_word' id='word_1_113' title='bbox 1054 935 1182 977; x_wconf 84' lang='lat' dir='ltr'>etiam</span> <span class='ocrx_word' id='word_1_114' title='bbox 1197 934 1437 975; x_wconf 87' lang='lat' dir='ltr'>censorium</span> <span class='ocrx_word' id='word_1_115' title='bbox 1455 948 1628 986; x_wconf 89' lang='lat' dir='ltr'>nomen,</span> 
     </span>
     <span class='ocr_line' id='line_1_16' title="bbox 67 987 1629 1046; baseline 0.003 -17"><span class='ocrx_word' id='word_1_116' title='bbox 67 987 186 1043; x_wconf 89' lang='lat' dir='ltr'>quod</span> <span class='ocrx_word' id='word_1_117' title='bbox 206 988 398 1044; x_wconf 85' lang='lat' dir='ltr'>asperius</span> <span class='ocrx_word' id='word_1_118' title='bbox 431 987 558 1030; x_wconf 65' lang='lat' dir='ltr'>antea</span> <span class='ocrx_word' id='word_1_119' title='bbox 579 990 741 1045; x_wconf 90' lang='lat' dir='ltr'>populo</span> <span class='ocrx_word' id='word_1_120' title='bbox 762 989 896 1031; x_wconf 86' lang='lat' dir='ltr'>videri</span> <span class='ocrx_word' id='word_1_121' title='bbox 918 990 1101 1044; x_wconf 86' lang='lat' dir='ltr'>solebat,</span> <span class='ocrx_word' id='word_1_122' title='bbox 1131 991 1176 1033; x_wconf 89' lang='lat' dir='ltr'>id</span> <span class='ocrx_word' id='word_1_123' title='bbox 1197 1005 1312 1032; x_wconf 92' lang='lat' dir='ltr'>nunc</span> <span class='ocrx_word' id='word_1_124' title='bbox 1333 989 1549 1046; x_wconf 88' lang='lat' dir='ltr'>poscitur:</span> <span class='ocrx_word' id='word_1_125' title='bbox 1582 991 1629 1034; x_wconf 85' lang='lat' dir='ltr'>id</span> 
     </span>
     <span class='ocr_line' id='line_1_17' title="bbox 60 1042 1693 1102; baseline 0.002 -17"><span class='ocrx_word' id='word_1_126' title='bbox 60 1042 151 1098; x_wconf 87' lang='lat' dir='ltr'>jam</span> <span class='ocrx_word' id='word_1_127' title='bbox 169 1045 375 1101; x_wconf 84' lang='lat' dir='ltr'>populare</span> <span class='ocrx_word' id='word_1_128' title='bbox 392 1052 521 1102; x_wconf 88' lang='lat' dir='ltr'>atque</span> <span class='ocrx_word' id='word_1_129' title='bbox 542 1045 772 1102; x_wconf 84' lang='lat' dir='ltr'>plausibile</span> <span class='ocrx_word' id='word_1_130' title='bbox 792 1045 954 1088; x_wconf 88' lang='lat' dir='ltr'>factum</span> <span class='ocrx_word' id='word_1_131' title='bbox 971 1053 1050 1090; x_wconf 83' lang='lat' dir='ltr'>est.</span> <span class='ocrx_word' id='word_1_132' title='bbox 1110 1049 1162 1090; x_wconf 90' lang='lat' dir='ltr'>In</span> <span class='ocrx_word' id='word_1_133' title='bbox 1182 1047 1269 1088; x_wconf 60' lang='lat' dir='ltr'>hirc</span> <span class='ocrx_word' id='word_1_134' title='bbox 1291 1046 1470 1089; x_wconf 89' lang='lat' dir='ltr'>libidine</span> <span class='ocrx_word' id='word_1_135' title='bbox 1490 1047 1627 1090; x_wconf 87' lang='lat' dir='ltr'>homi-</span> <span class='ocrx_word' id='word_1_136' title='bbox 1636 1047 1693 1089; x_wconf 86' lang='lat'>35</span> 
     </span>
     <span class='ocr_line' id='line_1_18' title="bbox 68 1101 1626 1161; baseline 0.003 -20"><span class='ocrx_word' id='word_1_137' title='bbox 68 1113 172 1142; x_wconf 88' lang='lat' dir='ltr'>num</span> <span class='ocrx_word' id='word_1_138' title='bbox 198 1102 617 1154; x_wconf 85' lang='lat' dir='ltr'>nocentissimorum,</span> <span class='ocrx_word' id='word_1_139' title='bbox 647 1102 692 1143; x_wconf 88' lang='lat' dir='ltr'>in</span> <span class='ocrx_word' id='word_1_140' title='bbox 723 1116 778 1158; x_wconf 89' lang='lat' dir='ltr'>po</span> <span class='ocrx_word' id='word_1_141' title='bbox 811 1102 870 1144; x_wconf 91' lang='lat' dir='ltr'>uli</span> <span class='ocrx_word' id='word_1_142' title='bbox 891 1101 1019 1144; x_wconf 89' lang='lat' dir='ltr'>Rom.</span> <span class='ocrx_word' id='word_1_143' title='bbox 1053 1102 1310 1161; x_wconf 57' lang='lat' dir='ltr'>quotidiana</span> <span class='ocrx_word' id='word_1_144' title='bbox 1344 1103 1626 1160; x_wconf 65' lang='lat' dir='ltr'>querimonia,</span> 
     </span>
     <span class='ocr_line' id='line_1_19' title="bbox 59 1118 1625 1214; baseline 0.002 -15"><span class='ocrx_word' id='word_1_145' title='bbox 59 1156 324 1212; x_wconf 83' lang='lat' dir='ltr'>judiciorum</span> <span class='ocrx_word' id='word_1_146' title='bbox 342 1157 533 1211; x_wconf 57' lang='lat' dir='ltr'>infamia,</span> <span class='ocrx_word' id='word_1_147' title='bbox 563 1158 698 1201; x_wconf 86' lang='lat' dir='ltr'>totius</span> <span class='ocrx_word' id='word_1_148' title='bbox 720 1118 884 1201; x_wconf 73' lang='lat' dir='ltr'>ordinis</span> <span class='ocrx_word' id='word_1_149' title='bbox 906 1158 1160 1214; x_wconf 85' lang='lat' dir='ltr'>offensione,</span> <span class='ocrx_word' id='word_1_150' title='bbox 1182 1159 1280 1202; x_wconf 72' lang='lat' dir='ltr'>cum</span> <span class='ocrx_word' id='word_1_151' title='bbox 1301 1160 1387 1202; x_wconf 88' lang='lat' dir='ltr'>hoc</span> <span class='ocrx_word' id='word_1_152' title='bbox 1406 1174 1538 1202; x_wconf 88' lang='lat' dir='ltr'>unum</span> <span class='ocrx_word' id='word_1_153' title='bbox 1557 1160 1625 1203; x_wconf 82' lang='lat' dir='ltr'>his</span> 
     </span>
    </p>
   </div>
   <div class='ocr_carea' id='block_1_6' title="bbox 691 1272 997 1327">
    <p class='ocr_par' dir='ltr' id='par_1_6' title="bbox 691 1272 997 1327">
     <span class='ocr_line' id='line_1_20' title="bbox 691 1272 997 1327; baseline 0 -14"><span class='ocrx_word' id='word_1_154' title='bbox 691 1272 709 1296; x_wconf 74' lang='lat'>¹²</span> <span class='ocrx_word' id='word_1_155' title='bbox 723 1274 997 1327; x_wconf 75' lang='lat' dir='ltr'>improbitate.</span> 
     </span>
    </p>
   </div>
   <div class='ocr_carea' id='block_1_7' title="bbox 57 1393 826 2849">
    <p class='ocr_par' dir='ltr' id='par_1_7' title="bbox 58 1393 826 1649">
     <span class='ocr_line' id='line_1_21' title="bbox 108 1393 823 1435; baseline 0 -10"><span class='ocrx_word' id='word_1_156' title='bbox 108 1397 160 1425; x_wconf 77' lang='lat'>21.</span> <span class='ocrx_word' id='word_1_157' title='bbox 199 1394 262 1425; x_wconf 77' lang='lat' dir='ltr'>Aut</span> <span class='ocrx_word' id='word_1_158' title='bbox 286 1394 394 1435; x_wconf 78' lang='lat' dir='ltr'>sociis-J</span> <span class='ocrx_word' id='word_1_159' title='bbox 459 1393 530 1424; x_wconf 89' lang='lat' dir='ltr'>Tria</span> <span class='ocrx_word' id='word_1_160' title='bbox 559 1399 647 1425; x_wconf 87' lang='lat' dir='ltr'>erant</span> <span class='ocrx_word' id='word_1_161' title='bbox 671 1395 823 1426; x_wconf 86' lang='lat' dir='ltr'>sociorum</span> 
     </span>
     <span class='ocr_line' id='line_1_22' title="bbox 65 1436 824 1481; baseline -0.001 -13"><span class='ocrx_word' id='word_1_162' title='bbox 65 1447 181 1479; x_wconf 77' lang='lat' dir='ltr'>genera</span> <span class='ocrx_word' id='word_1_163' title='bbox 196 1448 202 1467; x_wconf 92' lang='lat'>:</span> <span class='ocrx_word' id='word_1_164' title='bbox 228 1437 280 1468; x_wconf 83' lang='lat' dir='ltr'>alii</span> <span class='ocrx_word' id='word_1_165' title='bbox 294 1437 370 1468; x_wconf 82' lang='lat' dir='ltr'>victi</span> <span class='ocrx_word' id='word_1_166' title='bbox 389 1436 483 1472; x_wconf 88' lang='lat' dir='ltr'>bello,</span> <span class='ocrx_word' id='word_1_167' title='bbox 498 1437 610 1479; x_wconf 87' lang='lat' dir='ltr'>quibus</span> <span class='ocrx_word' id='word_1_168' title='bbox 625 1437 710 1481; x_wconf 83' lang='lat' dir='ltr'>leges</span> <span class='ocrx_word' id='word_1_169' title='bbox 725 1438 824 1478; x_wconf 86' lang='lat' dir='ltr'>impo-</span> 
     </span>
     <span class='ocr_line' id='line_1_23' title="bbox 62 1479 824 1522; baseline 0.001 -12"><span class='ocrx_word' id='word_1_170' title='bbox 62 1480 231 1512; x_wconf 75' lang='lat' dir='ltr'>nebantur:</span> <span class='ocrx_word' id='word_1_171' title='bbox 247 1480 312 1517; x_wconf 85' lang='lat' dir='ltr'>alii,</span> <span class='ocrx_word' id='word_1_172' title='bbox 321 1480 386 1522; x_wconf 84' lang='lat' dir='ltr'>qui,</span> <span class='ocrx_word' id='word_1_173' title='bbox 398 1479 481 1510; x_wconf 86' lang='lat' dir='ltr'>bello</span> <span class='ocrx_word' id='word_1_174' title='bbox 495 1490 596 1521; x_wconf 87' lang='lat' dir='ltr'>pares,</span> <span class='ocrx_word' id='word_1_175' title='bbox 609 1491 699 1521; x_wconf 85' lang='lat' dir='ltr'>aequo</span> <span class='ocrx_word' id='word_1_176' title='bbox 709 1481 824 1511; x_wconf 83' lang='lat' dir='ltr'>foedere</span> 
     </span>
     <span class='ocr_line' id='line_1_24' title="bbox 62 1522 825 1564; baseline 0.001 -12"><span class='ocrx_word' id='word_1_177' title='bbox 62 1522 97 1552; x_wconf 87' lang='lat' dir='ltr'>in</span> <span class='ocrx_word' id='word_1_178' title='bbox 118 1522 287 1554; x_wconf 82' lang='lat' dir='ltr'>amicitiam</span> <span class='ocrx_word' id='word_1_179' title='bbox 308 1527 476 1553; x_wconf 82' lang='lat' dir='ltr'>venerant:</span> <span class='ocrx_word' id='word_1_180' title='bbox 503 1523 567 1559; x_wconf 89' lang='lat' dir='ltr'>alii,</span> <span class='ocrx_word' id='word_1_181' title='bbox 589 1524 645 1564; x_wconf 88' lang='lat' dir='ltr'>qni</span> <span class='ocrx_word' id='word_1_182' title='bbox 665 1533 825 1564; x_wconf 88' lang='lat' dir='ltr'>nunquam</span> 
     </span>
     <span class='ocr_line' id='line_1_25' title="bbox 64 1564 826 1602; baseline 0 -6"><span class='ocrx_word' id='word_1_183' title='bbox 64 1566 170 1596; x_wconf 84' lang='lat' dir='ltr'>hostes</span> <span class='ocrx_word' id='word_1_184' title='bbox 182 1565 315 1602; x_wconf 83' lang='lat' dir='ltr'>fuerant,</span> <span class='ocrx_word' id='word_1_185' title='bbox 336 1565 392 1597; x_wconf 85' lang='lat' dir='ltr'>sed</span> <span class='ocrx_word' id='word_1_186' title='bbox 407 1564 514 1597; x_wconf 85' lang='lat' dir='ltr'>sociali</span> <span class='ocrx_word' id='word_1_187' title='bbox 530 1566 646 1597; x_wconf 84' lang='lat' dir='ltr'>soedere</span> <span class='ocrx_word' id='word_1_188' title='bbox 659 1566 826 1597; x_wconf 82' lang='lat' dir='ltr'>amicitiam</span> 
     </span>
     <span class='ocr_line' id='line_1_26' title="bbox 58 1607 238 1649; baseline 0 -10"><span class='ocrx_word' id='word_1_189' title='bbox 58 1607 238 1649; x_wconf 83' lang='lat' dir='ltr'>junxerant.</span> 
     </span>
    </p>

    <p class='ocr_par' dir='ltr' id='par_1_8' title="bbox 62 1651 825 1810">
     <span class='ocr_line' id='line_1_27' title="bbox 106 1651 823 1693; baseline 0.001 -12"><span class='ocrx_word' id='word_1_190' title='bbox 106 1653 160 1681; x_wconf 73' lang='lat'>24.</span> <span class='ocrx_word' id='word_1_191' title='bbox 197 1651 411 1693; x_wconf 63' lang='lat' dir='ltr'>StIpendiarii]</span> <span class='ocrx_word' id='word_1_192' title='bbox 468 1651 667 1693; x_wconf 85' lang='lat' dir='ltr'>Stipendiarii</span> <span class='ocrx_word' id='word_1_193' title='bbox 692 1651 739 1682; x_wconf 87' lang='lat' dir='ltr'>illi</span> <span class='ocrx_word' id='word_1_194' title='bbox 766 1662 823 1691; x_wconf 85' lang='lat' dir='ltr'>po-</span> 
     </span>
     <span class='ocr_line' id='line_1_28' title="bbox 63 1693 824 1736; baseline 0.001 -13"><span class='ocrx_word' id='word_1_195' title='bbox 63 1693 131 1733; x_wconf 89' lang='lat' dir='ltr'>puli</span> <span class='ocrx_word' id='word_1_196' title='bbox 156 1694 352 1730; x_wconf 83' lang='lat' dir='ltr'>dicebantur,</span> <span class='ocrx_word' id='word_1_197' title='bbox 377 1694 432 1736; x_wconf 91' lang='lat' dir='ltr'>qui</span> <span class='ocrx_word' id='word_1_198' title='bbox 453 1700 569 1725; x_wconf 86' lang='lat' dir='ltr'>certum</span> <span class='ocrx_word' id='word_1_199' title='bbox 594 1694 726 1735; x_wconf 87' lang='lat' dir='ltr'>vectigal</span> <span class='ocrx_word' id='word_1_200' title='bbox 748 1705 824 1735; x_wconf 88' lang='lat' dir='ltr'>pop.</span> 
     </span>
     <span class='ocr_line' id='line_1_29' title="bbox 63 1735 825 1779; baseline 0.001 -13"><span class='ocrx_word' id='word_1_201' title='bbox 63 1735 159 1768; x_wconf 83' lang='lat' dir='ltr'>Rom.</span> <span class='ocrx_word' id='word_1_202' title='bbox 174 1742 227 1767; x_wconf 83' lang='lat' dir='ltr'>aut</span> <span class='ocrx_word' id='word_1_203' title='bbox 240 1737 273 1768; x_wconf 87' lang='lat' dir='ltr'>in</span> <span class='ocrx_word' id='word_1_204' title='bbox 288 1739 435 1779; x_wconf 66' lang='lat' dir='ltr'>pecunia,</span> <span class='ocrx_word' id='word_1_205' title='bbox 452 1743 505 1768; x_wconf 89' lang='lat' dir='ltr'>aut</span> <span class='ocrx_word' id='word_1_206' title='bbox 519 1738 551 1768; x_wconf 88' lang='lat' dir='ltr'>in</span> <span class='ocrx_word' id='word_1_207' title='bbox 563 1739 730 1777; x_wconf 81' lang='lat' dir='ltr'>frumento,</span> <span class='ocrx_word' id='word_1_208' title='bbox 746 1748 825 1778; x_wconf 89' lang='lat' dir='ltr'>pen-</span> 
     </span>
     <span class='ocr_line' id='line_1_30' title="bbox 62 1779 190 1810; baseline 0.016 -2"><span class='ocrx_word' id='word_1_209' title='bbox 62 1779 190 1810; x_wconf 82' lang='lat' dir='ltr'>debant.</span> 
     </span>
    </p>

    <p class='ocr_par' dir='ltr' id='par_1_9' title="bbox 61 1822 826 2119">
     <span class='ocr_line' id='line_1_31' title="bbox 107 1822 825 1865; baseline 0 -12"><span class='ocrx_word' id='word_1_210' title='bbox 107 1825 159 1853; x_wconf 72' lang='lat'>25.</span> <span class='ocrx_word' id='word_1_211' title='bbox 199 1822 257 1857; x_wconf 78' lang='lat' dir='ltr'>Qui</span> <span class='ocrx_word' id='word_1_212' title='bbox 287 1823 435 1864; x_wconf 65' lang='lat' dir='ltr'>judicia]</span> <span class='ocrx_word' id='word_1_213' title='bbox 501 1822 553 1854; x_wconf 89' lang='lat' dir='ltr'>Ab</span> <span class='ocrx_word' id='word_1_214' title='bbox 591 1823 747 1865; x_wconf 83' lang='lat' dir='ltr'>equitibus</span> <span class='ocrx_word' id='word_1_215' title='bbox 784 1823 825 1853; x_wconf 88' lang='lat' dir='ltr'>ad</span> 
     </span>
     <span class='ocr_line' id='line_1_32' title="bbox 63 1864 824 1908; baseline 0.003 -14"><span class='ocrx_word' id='word_1_216' title='bbox 63 1869 221 1896; x_wconf 78' lang='lat' dir='ltr'>senatores</span> <span class='ocrx_word' id='word_1_217' title='bbox 251 1864 373 1906; x_wconf 87' lang='lat' dir='ltr'>judicia</span> <span class='ocrx_word' id='word_1_218' title='bbox 412 1865 501 1908; x_wconf 86' lang='lat' dir='ltr'>Sylla</span> <span class='ocrx_word' id='word_1_219' title='bbox 536 1866 700 1902; x_wconf 81' lang='lat' dir='ltr'>transtulit,</span> <span class='ocrx_word' id='word_1_220' title='bbox 739 1865 824 1907; x_wconf 70' lang='lat' dir='ltr'>qudd</span> 
     </span>
     <span class='ocr_line' id='line_1_33' title="bbox 64 1907 824 1951; baseline 0 -13"><span class='ocrx_word' id='word_1_221' title='bbox 64 1907 198 1939; x_wconf 84' lang='lat' dir='ltr'>Cinnam</span> <span class='ocrx_word' id='word_1_222' title='bbox 219 1913 327 1939; x_wconf 87' lang='lat' dir='ltr'>contra</span> <span class='ocrx_word' id='word_1_223' title='bbox 351 1919 385 1939; x_wconf 86' lang='lat' dir='ltr'>se</span> <span class='ocrx_word' id='word_1_224' title='bbox 407 1908 613 1951; x_wconf 83' lang='lat' dir='ltr'>adjuvissent.</span> <span class='ocrx_word' id='word_1_225' title='bbox 666 1909 728 1939; x_wconf 88' lang='lat' dir='ltr'>Sed</span> <span class='ocrx_word' id='word_1_226' title='bbox 752 1919 824 1939; x_wconf 89' lang='lat' dir='ltr'>cum</span> 
     </span>
     <span class='ocr_line' id='line_1_34' title="bbox 62 1949 824 1993; baseline 0.001 -13"><span class='ocrx_word' id='word_1_227' title='bbox 62 1950 193 1981; x_wconf 67' lang='lat' dir='ltr'>infamia</span> <span class='ocrx_word' id='word_1_228' title='bbox 213 1949 415 1991; x_wconf 72' lang='lat' dir='ltr'>judicarunt:</span> <span class='ocrx_word' id='word_1_229' title='bbox 437 1963 510 1983; x_wconf 90' lang='lat' dir='ltr'>narn</span> <span class='ocrx_word' id='word_1_230' title='bbox 533 1953 617 1993; x_wconf 85' lang='lat' dir='ltr'>apud</span> <span class='ocrx_word' id='word_1_231' title='bbox 645 1962 752 1982; x_wconf 87' lang='lat' dir='ltr'>onmes</span> <span class='ocrx_word' id='word_1_232' title='bbox 778 1952 824 1981; x_wconf 91' lang='lat' dir='ltr'>in-</span> 
     </span>
     <span class='ocr_line' id='line_1_35' title="bbox 61 1992 826 2036; baseline 0.003 -14"><span class='ocrx_word' id='word_1_233' title='bbox 61 1992 160 2023; x_wconf 83' lang='lat' dir='ltr'>valuit</span> <span class='ocrx_word' id='word_1_234' title='bbox 185 1994 253 2024; x_wconf 83' lang='lat' dir='ltr'>haec</span> <span class='ocrx_word' id='word_1_235' title='bbox 284 1994 326 2024; x_wconf 83' lang='lat' dir='ltr'>de</span> <span class='ocrx_word' id='word_1_236' title='bbox 353 1994 391 2026; x_wconf 85' lang='lat' dir='ltr'>iis</span> <span class='ocrx_word' id='word_1_237' title='bbox 413 1995 530 2036; x_wconf 88' lang='lat' dir='ltr'>opinio,</span> <span class='ocrx_word' id='word_1_238' title='bbox 558 1995 716 2025; x_wconf 90' lang='lat' dir='ltr'>hominem</span> <span class='ocrx_word' id='word_1_239' title='bbox 745 1994 826 2024; x_wconf 85' lang='lat' dir='ltr'>divi-</span> 
     </span>
     <span class='ocr_line' id='line_1_36' title="bbox 64 2036 826 2077; baseline 0.003 -12"><span class='ocrx_word' id='word_1_240' title='bbox 64 2040 139 2071; x_wconf 89' lang='lat' dir='ltr'>tem,</span> <span class='ocrx_word' id='word_1_241' title='bbox 169 2036 373 2077; x_wconf 83' lang='lat' dir='ltr'>quamtumvis</span> <span class='ocrx_word' id='word_1_242' title='bbox 414 2042 497 2068; x_wconf 79' lang='lat' dir='ltr'>esset</span> <span class='ocrx_word' id='word_1_243' title='bbox 531 2048 657 2074; x_wconf 87' lang='lat' dir='ltr'>nocens,</span> <span class='ocrx_word' id='word_1_244' title='bbox 686 2037 826 2067; x_wconf 84' lang='lat' dir='ltr'>damnari</span> 
     </span>
     <span class='ocr_line' id='line_1_37' title="bbox 63 2088 245 2119; baseline 0.005 -11"><span class='ocrx_word' id='word_1_245' title='bbox 63 2088 125 2108; x_wconf 92' lang='lat' dir='ltr'>non</span> <span class='ocrx_word' id='word_1_246' title='bbox 142 2088 245 2119; x_wconf 87' lang='lat' dir='ltr'>posse.</span> 
     </span>
    </p>

    <p class='ocr_par' dir='ltr' id='par_1_10' title="bbox 61 2122 826 2367">
     <span class='ocr_line' id='line_1_38' title="bbox 107 2122 823 2162; baseline 0.001 -11"><span class='ocrx_word' id='word_1_247' title='bbox 107 2123 161 2152; x_wconf 80' lang='lat'>26.</span> <span class='ocrx_word' id='word_1_248' title='bbox 194 2122 377 2152; x_wconf 61' lang='lat' dir='ltr'>,domatores</span> <span class='ocrx_word' id='word_1_249' title='bbox 411 2122 550 2162; x_wconf 57' lang='lat' dir='ltr'>idoneos]</span> <span class='ocrx_word' id='word_1_250' title='bbox 611 2122 724 2152; x_wconf 87' lang='lat' dir='ltr'>Idonei</span> <span class='ocrx_word' id='word_1_251' title='bbox 761 2132 823 2151; x_wconf 88' lang='lat' dir='ltr'>non</span> 
     </span>
     <span class='ocr_line' id='line_1_39' title="bbox 64 2164 826 2204; baseline 0 -10"><span class='ocrx_word' id='word_1_252' title='bbox 64 2169 153 2194; x_wconf 86' lang='lat' dir='ltr'>erant</span> <span class='ocrx_word' id='word_1_253' title='bbox 180 2169 387 2203; x_wconf 70' lang='lat' dir='ltr'>accusatores,</span> <span class='ocrx_word' id='word_1_254' title='bbox 416 2169 471 2194; x_wconf 83' lang='lat' dir='ltr'>aut</span> <span class='ocrx_word' id='word_1_255' title='bbox 508 2164 581 2204; x_wconf 87' lang='lat' dir='ltr'>quia</span> <span class='ocrx_word' id='word_1_256' title='bbox 617 2165 708 2195; x_wconf 88' lang='lat' dir='ltr'>rudes</span> <span class='ocrx_word' id='word_1_257' title='bbox 738 2170 826 2195; x_wconf 83' lang='lat' dir='ltr'>erant.</span> 
     </span>
     <span class='ocr_line' id='line_1_40' title="bbox 64 2205 824 2248; baseline 0.001 -12"><span class='ocrx_word' id='word_1_258' title='bbox 64 2211 193 2247; x_wconf 87' lang='lat' dir='ltr'>propter</span> <span class='ocrx_word' id='word_1_259' title='bbox 217 2205 373 2247; x_wconf 86' lang='lat' dir='ltr'>juniorem</span> <span class='ocrx_word' id='word_1_260' title='bbox 410 2211 547 2243; x_wconf 78' lang='lat' dir='ltr'>aetatem,</span> <span class='ocrx_word' id='word_1_261' title='bbox 577 2212 631 2238; x_wconf 84' lang='lat' dir='ltr'>aut</span> <span class='ocrx_word' id='word_1_262' title='bbox 657 2207 730 2248; x_wconf 88' lang='lat' dir='ltr'>quia</span> <span class='ocrx_word' id='word_1_263' title='bbox 767 2217 824 2247; x_wconf 85' lang='lat' dir='ltr'>pe·</span> 
     </span>
     <span class='ocr_line' id='line_1_41' title="bbox 63 2248 824 2291; baseline 0 -12"><span class='ocrx_word' id='word_1_264' title='bbox 63 2248 155 2280; x_wconf 64' lang='lat' dir='ltr'>cunia</span> <span class='ocrx_word' id='word_1_265' title='bbox 178 2249 326 2291; x_wconf 76' lang='lat' dir='ltr'>corrupti.</span> <span class='ocrx_word' id='word_1_266' title='bbox 386 2248 481 2279; x_wconf 90' lang='lat' dir='ltr'>Unde</span> <span class='ocrx_word' id='word_1_267' title='bbox 509 2255 593 2280; x_wconf 88' lang='lat' dir='ltr'>metu</span> <span class='ocrx_word' id='word_1_268' title='bbox 619 2250 824 2282; x_wconf 85' lang='lat' dir='ltr'>accusationis</span> 
     </span>
     <span class='ocr_line' id='line_1_42' title="bbox 64 2292 824 2334; baseline 0.001 -13"><span class='ocrx_word' id='word_1_269' title='bbox 64 2292 198 2323; x_wconf 86' lang='lat' dir='ltr'>audacia</span> <span class='ocrx_word' id='word_1_270' title='bbox 221 2292 431 2334; x_wconf 88' lang='lat' dir='ltr'>improborum</span> <span class='ocrx_word' id='word_1_271' title='bbox 456 2292 568 2323; x_wconf 89' lang='lat' dir='ltr'>civium</span> <span class='ocrx_word' id='word_1_272' title='bbox 596 2303 660 2324; x_wconf 88' lang='lat' dir='ltr'>non</span> <span class='ocrx_word' id='word_1_273' title='bbox 683 2293 824 2324; x_wconf 88' lang='lat' dir='ltr'>contine-</span> 
     </span>
     <span class='ocr_line' id='line_1_43' title="bbox 61 2335 163 2367; baseline 0.02 -2"><span class='ocrx_word' id='word_1_274' title='bbox 61 2335 163 2367; x_wconf 85' lang='lat' dir='ltr'>batur.</span> 
     </span>
    </p>

    <p class='ocr_par' dir='ltr' id='par_1_11' title="bbox 57 2378 825 2504">
     <span class='ocr_line' id='line_1_44' title="bbox 108 2378 825 2420; baseline -0.001 -11"><span class='ocrx_word' id='word_1_275' title='bbox 108 2379 162 2410; x_wconf 80' lang='lat'>2⁷.</span> <span class='ocrx_word' id='word_1_276' title='bbox 184 2379 372 2410; x_wconf 74' lang='lat' dir='ltr'>Judiciorum</span> <span class='ocrx_word' id='word_1_277' title='bbox 399 2379 601 2420; x_wconf 67' lang='lat' dir='ltr'>severitatem]</span> <span class='ocrx_word' id='word_1_278' title='bbox 669 2378 825 2409; x_wconf 81' lang='lat' dir='ltr'>Severitas</span> 
     </span>
     <span class='ocr_line' id='line_1_45' title="bbox 57 2419 825 2462; baseline -0.001 -12"><span class='ocrx_word' id='word_1_279' title='bbox 57 2419 246 2461; x_wconf 89' lang='lat' dir='ltr'>judiciorum</span> <span class='ocrx_word' id='word_1_280' title='bbox 261 2426 349 2462; x_wconf 86' lang='lat' dir='ltr'>patet</span> <span class='ocrx_word' id='word_1_281' title='bbox 361 2420 491 2452; x_wconf 71' lang='lat' dir='ltr'>maxime</span> <span class='ocrx_word' id='word_1_282' title='bbox 513 2421 546 2452; x_wconf 89' lang='lat' dir='ltr'>in</span> <span class='ocrx_word' id='word_1_283' title='bbox 568 2421 753 2453; x_wconf 81' lang='lat' dir='ltr'>damnandis</span> <span class='ocrx_word' id='word_1_284' title='bbox 768 2421 825 2451; x_wconf 86' lang='lat' dir='ltr'>im-</span> 
     </span>
     <span class='ocr_line' id='line_1_46' title="bbox 65 2463 552 2504; baseline 0.002 -11"><span class='ocrx_word' id='word_1_285' title='bbox 65 2463 181 2504; x_wconf 87' lang='lat' dir='ltr'>probis,</span> <span class='ocrx_word' id='word_1_286' title='bbox 194 2468 227 2494; x_wconf 86' lang='lat' dir='ltr'>et</span> <span class='ocrx_word' id='word_1_287' title='bbox 240 2464 330 2494; x_wconf 82' lang='lat' dir='ltr'>bonis</span> <span class='ocrx_word' id='word_1_288' title='bbox 344 2464 552 2495; x_wconf 79' lang='lat' dir='ltr'>vindicandis.</span> 
     </span>
    </p>

    <p class='ocr_par' dir='ltr' id='par_1_12' title="bbox 66 2506 826 2794">
     <span class='ocr_line' id='line_1_47' title="bbox 109 2506 826 2548; baseline 0.001 -12"><span class='ocrx_word' id='word_1_289' title='bbox 109 2507 162 2537; x_wconf 83' lang='lat'>28.</span> <span class='ocrx_word' id='word_1_290' title='bbox 185 2506 292 2538; x_wconf 72' lang='lat' dir='ltr'>Multis</span> <span class='ocrx_word' id='word_1_291' title='bbox 310 2508 502 2543; x_wconf 48' lang='lat' dir='ltr'>inconmodi&amp;</span> <span class='ocrx_word' id='word_1_292' title='bbox 525 2506 826 2548; x_wconf 62' lang='lat' dir='ltr'>difficultatibusque]</span> 
     </span>
     <span class='ocr_line' id='line_1_48' title="bbox 66 2547 825 2591; baseline 0.001 -12"><span class='ocrx_word' id='word_1_293' title='bbox 66 2547 272 2580; x_wconf 79' lang='lat' dir='ltr'>Incommoda</span> <span class='ocrx_word' id='word_1_294' title='bbox 295 2555 367 2580; x_wconf 86' lang='lat' dir='ltr'>sunt</span> <span class='ocrx_word' id='word_1_295' title='bbox 387 2560 488 2580; x_wconf 85' lang='lat' dir='ltr'>rerum</span> <span class='ocrx_word' id='word_1_296' title='bbox 513 2550 734 2590; x_wconf 69' lang='lat' dir='ltr'>praeteritarum</span> <span class='ocrx_word' id='word_1_297' title='bbox 755 2561 825 2591; x_wconf 87' lang='lat' dir='ltr'>quae</span> 
     </span>
     <span class='ocr_line' id='line_1_49' title="bbox 67 2591 823 2634; baseline 0.004 -14"><span class='ocrx_word' id='word_1_298' title='bbox 67 2591 200 2621; x_wconf 83' lang='lat' dir='ltr'>maxima</span> <span class='ocrx_word' id='word_1_299' title='bbox 218 2591 358 2632; x_wconf 85' lang='lat' dir='ltr'>Reipub.</span> <span class='ocrx_word' id='word_1_300' title='bbox 373 2592 462 2634; x_wconf 83' lang='lat' dir='ltr'>Sylla</span> <span class='ocrx_word' id='word_1_301' title='bbox 475 2592 590 2629; x_wconf 86' lang='lat' dir='ltr'>intulit,</span> <span class='ocrx_word' id='word_1_302' title='bbox 605 2593 678 2633; x_wconf 86' lang='lat' dir='ltr'>quia</span> <span class='ocrx_word' id='word_1_303' title='bbox 701 2594 739 2623; x_wconf 91' lang='lat' dir='ltr'>ab</span> <span class='ocrx_word' id='word_1_304' title='bbox 754 2593 823 2633; x_wconf 92' lang='lat' dir='ltr'>ipso</span> 
     </span>
     <span class='ocr_line' id='line_1_50' title="bbox 66 2633 824 2675; baseline 0.004 -13"><span class='ocrx_word' id='word_1_305' title='bbox 66 2633 201 2674; x_wconf 84' lang='lat' dir='ltr'>populus</span> <span class='ocrx_word' id='word_1_306' title='bbox 225 2634 320 2666; x_wconf 86' lang='lat' dir='ltr'>Rom.</span> <span class='ocrx_word' id='word_1_307' title='bbox 347 2635 427 2675; x_wconf 86' lang='lat' dir='ltr'>agris</span> <span class='ocrx_word' id='word_1_308' title='bbox 454 2635 516 2666; x_wconf 88' lang='lat' dir='ltr'>suis</span> <span class='ocrx_word' id='word_1_309' title='bbox 544 2642 576 2665; x_wconf 87' lang='lat' dir='ltr'>et</span> <span class='ocrx_word' id='word_1_310' title='bbox 594 2635 666 2674; x_wconf 88' lang='lat' dir='ltr'>jure</span> <span class='ocrx_word' id='word_1_311' title='bbox 693 2635 824 2666; x_wconf 87' lang='lat' dir='ltr'>civitatis</span> 
     </span>
     <span class='ocr_line' id='line_1_51' title="bbox 66 2676 825 2716; baseline 0.004 -11"><span class='ocrx_word' id='word_1_312' title='bbox 66 2676 216 2716; x_wconf 84' lang='lat' dir='ltr'>spoliatus</span> <span class='ocrx_word' id='word_1_313' title='bbox 229 2682 296 2716; x_wconf 85' lang='lat' dir='ltr'>est;</span> <span class='ocrx_word' id='word_1_314' title='bbox 319 2677 517 2709; x_wconf 85' lang='lat' dir='ltr'>difficultates</span> <span class='ocrx_word' id='word_1_315' title='bbox 537 2677 609 2710; x_wconf 66' lang='lat' dir='ltr'>ver&amp;</span> <span class='ocrx_word' id='word_1_316' title='bbox 631 2683 703 2708; x_wconf 85' lang='lat' dir='ltr'>sunt</span> <span class='ocrx_word' id='word_1_317' title='bbox 724 2688 825 2709; x_wconf 82' lang='lat' dir='ltr'>reruni</span> 
     </span>
     <span class='ocr_line' id='line_1_52' title="bbox 68 2719 824 2763; baseline 0.004 -14"><span class='ocrx_word' id='word_1_318' title='bbox 68 2719 265 2760; x_wconf 67' lang='lat' dir='ltr'>praesentium</span> <span class='ocrx_word' id='word_1_319' title='bbox 279 2731 290 2758; x_wconf 88' lang='lat'>;</span> <span class='ocrx_word' id='word_1_320' title='bbox 311 2721 396 2752; x_wconf 88' lang='lat' dir='ltr'>nulla</span> <span class='ocrx_word' id='word_1_321' title='bbox 409 2726 513 2752; x_wconf 83' lang='lat' dir='ltr'>autern</span> <span class='ocrx_word' id='word_1_322' title='bbox 527 2721 595 2763; x_wconf 88' lang='lat' dir='ltr'>jam</span> <span class='ocrx_word' id='word_1_323' title='bbox 611 2721 731 2762; x_wconf 79' lang='lat' dir='ltr'>integra</span> <span class='ocrx_word' id='word_1_324' title='bbox 740 2721 824 2763; x_wconf 89' lang='lat' dir='ltr'>judi-</span> 
     </span>
     <span class='ocr_line' id='line_1_53' title="bbox 66 2761 213 2794; baseline 0.014 -2"><span class='ocrx_word' id='word_1_325' title='bbox 66 2761 116 2792; x_wconf 83' lang='lat' dir='ltr'>cia</span> <span class='ocrx_word' id='word_1_326' title='bbox 131 2767 213 2794; x_wconf 77' lang='lat' dir='ltr'>sunt.</span> 
     </span>
    </p>

    <p class='ocr_par' dir='ltr' id='par_1_13' title="bbox 111 2803 825 2849">
     <span class='ocr_line' id='line_1_54' title="bbox 111 2803 825 2849; baseline 0.003 -13"><span class='ocrx_word' id='word_1_327' title='bbox 111 2806 166 2839; x_wconf 80' lang='lat'>30.</span> <span class='ocrx_word' id='word_1_328' title='bbox 196 2803 385 2837; x_wconf 72' lang='lat' dir='ltr'>Judicionm</span> <span class='ocrx_word' id='word_1_329' title='bbox 415 2807 503 2849; x_wconf 65' lang='lat' dir='ltr'>vim]</span> <span class='ocrx_word' id='word_1_330' title='bbox 560 2806 714 2848; x_wconf 83' lang='lat' dir='ltr'>Equester</span> <span class='ocrx_word' id='word_1_331' title='bbox 748 2806 825 2838; x_wconf 83' lang='lat' dir='ltr'>ordo</span> 
     </span>
    </p>
   </div>
   <div class='ocr_carea' id='block_1_8' title="bbox 861 1394 1633 2848">
    <p class='ocr_par' dir='ltr' id='par_1_14' title="bbox 861 1394 1628 1598">
     <span class='ocr_line' id='line_1_55' title="bbox 861 1394 1626 1438; baseline 0.005 -13"><span class='ocrx_word' id='word_1_332' title='bbox 861 1394 1017 1435; x_wconf 89' lang='lat' dir='ltr'>judicavit</span> <span class='ocrx_word' id='word_1_333' title='bbox 1054 1405 1150 1426; x_wconf 83' lang='lat' dir='ltr'>annos</span> <span class='ocrx_word' id='word_1_334' title='bbox 1189 1395 1252 1426; x_wconf 72' lang='lat' dir='ltr'>fere</span> <span class='ocrx_word' id='word_1_335' title='bbox 1291 1396 1525 1438; x_wconf 83' lang='lat' dir='ltr'>quinquaginta,</span> <span class='ocrx_word' id='word_1_336' title='bbox 1558 1398 1626 1429; x_wconf 82' lang='lat' dir='ltr'>sine</span> 
     </span>
     <span class='ocr_line' id='line_1_56' title="bbox 867 1438 1627 1481; baseline 0.003 -13"><span class='ocrx_word' id='word_1_337' title='bbox 867 1438 944 1476; x_wconf 65' lang='lat' dir='ltr'>ulla,</span> <span class='ocrx_word' id='word_1_338' title='bbox 968 1449 1008 1470; x_wconf 93' lang='lat' dir='ltr'>ne</span> <span class='ocrx_word' id='word_1_339' title='bbox 1032 1438 1212 1469; x_wconf 63' lang='lat' dir='ltr'>tenuissima</span> <span class='ocrx_word' id='word_1_340' title='bbox 1240 1439 1379 1479; x_wconf 89' lang='lat' dir='ltr'>quidem,</span> <span class='ocrx_word' id='word_1_341' title='bbox 1405 1445 1544 1480; x_wconf 85' lang='lat' dir='ltr'>acceptae</span> <span class='ocrx_word' id='word_1_342' title='bbox 1570 1451 1627 1481; x_wconf 86' lang='lat' dir='ltr'>pe-</span> 
     </span>
     <span class='ocr_line' id='line_1_57' title="bbox 868 1481 1628 1522; baseline 0.003 -11"><span class='ocrx_word' id='word_1_343' title='bbox 868 1481 965 1511; x_wconf 85' lang='lat' dir='ltr'>cuniae</span> <span class='ocrx_word' id='word_1_344' title='bbox 995 1481 1194 1522; x_wconf 78' lang='lat' dir='ltr'>suspicione3</span> <span class='ocrx_word' id='word_1_345' title='bbox 1216 1482 1272 1512; x_wconf 84' lang='lat' dir='ltr'>sed</span> <span class='ocrx_word' id='word_1_346' title='bbox 1299 1481 1420 1521; x_wconf 61' lang='lat' dir='ltr'>postea,</span> <span class='ocrx_word' id='word_1_347' title='bbox 1443 1492 1505 1513; x_wconf 87' lang='lat' dir='ltr'>non</span> <span class='ocrx_word' id='word_1_348' title='bbox 1528 1483 1628 1514; x_wconf 87' lang='lat' dir='ltr'>mino-</span> 
     </span>
     <span class='ocr_line' id='line_1_58' title="bbox 867 1524 1628 1565; baseline 0.003 -11"><span class='ocrx_word' id='word_1_349' title='bbox 867 1534 899 1554; x_wconf 91' lang='lat' dir='ltr'>re</span> <span class='ocrx_word' id='word_1_350' title='bbox 922 1524 1048 1554; x_wconf 65' lang='lat' dir='ltr'>infamia</span> <span class='ocrx_word' id='word_1_351' title='bbox 1078 1524 1171 1565; x_wconf 61' lang='lat' dir='ltr'>quam</span> <span class='ocrx_word' id='word_1_352' title='bbox 1198 1529 1366 1561; x_wconf 82' lang='lat' dir='ltr'>senatores,</span> <span class='ocrx_word' id='word_1_353' title='bbox 1384 1524 1507 1565; x_wconf 87' lang='lat' dir='ltr'>judicia</span> <span class='ocrx_word' id='word_1_354' title='bbox 1537 1535 1628 1556; x_wconf 81' lang='lat' dir='ltr'>exer-</span> 
     </span>
     <span class='ocr_line' id='line_1_59' title="bbox 868 1567 942 1598; baseline 0 0"><span class='ocrx_word' id='word_1_355' title='bbox 868 1567 942 1598; x_wconf 87' lang='lat' dir='ltr'>cuit.</span> 
     </span>
    </p>

    <p class='ocr_par' dir='ltr' id='par_1_15' title="bbox 865 1609 1628 1994">
     <span class='ocr_line' id='line_1_60' title="bbox 912 1609 1627 1653; baseline 0.004 -13"><span class='ocrx_word' id='word_1_356' title='bbox 912 1611 962 1640; x_wconf 78' lang='lat'>31.</span> <span class='ocrx_word' id='word_1_357' title='bbox 1003 1609 1170 1641; x_wconf 72' lang='lat' dir='ltr'>Tribuuitia</span> <span class='ocrx_word' id='word_1_358' title='bbox 1194 1610 1346 1651; x_wconf 66' lang='lat' dir='ltr'>potestas]</span> <span class='ocrx_word' id='word_1_359' title='bbox 1405 1610 1490 1642; x_wconf 90' lang='lat' dir='ltr'>Ante</span> <span class='ocrx_word' id='word_1_360' title='bbox 1530 1611 1627 1653; x_wconf 71' lang='lat' dir='ltr'>Syllae</span> 
     </span>
     <span class='ocr_line' id='line_1_61' title="bbox 865 1651 1628 1693; baseline 0.005 -11"><span class='ocrx_word' id='word_1_361' title='bbox 865 1651 1061 1688; x_wconf 83' lang='lat' dir='ltr'>dictaturam,</span> <span class='ocrx_word' id='word_1_362' title='bbox 1088 1658 1276 1693; x_wconf 82' lang='lat' dir='ltr'>potestatem</span> <span class='ocrx_word' id='word_1_363' title='bbox 1315 1653 1475 1684; x_wconf 86' lang='lat' dir='ltr'>habebant.</span> <span class='ocrx_word' id='word_1_364' title='bbox 1512 1655 1628 1687; x_wconf 78' lang='lat' dir='ltr'>tribuni</span> 
     </span>
     <span class='ocr_line' id='line_1_62' title="bbox 866 1695 1627 1738; baseline 0.005 -13"><span class='ocrx_word' id='word_1_365' title='bbox 866 1695 999 1726; x_wconf 83' lang='lat' dir='ltr'>vocandi</span> <span class='ocrx_word' id='word_1_366' title='bbox 1019 1697 1058 1726; x_wconf 92' lang='lat' dir='ltr'>ad</span> <span class='ocrx_word' id='word_1_367' title='bbox 1075 1696 1183 1737; x_wconf 88' lang='lat' dir='ltr'>populi</span> <span class='ocrx_word' id='word_1_368' title='bbox 1194 1695 1350 1737; x_wconf 89' lang='lat' dir='ltr'>judicium</span> <span class='ocrx_word' id='word_1_369' title='bbox 1363 1696 1548 1738; x_wconf 81' lang='lat' dir='ltr'>quemlibet,</span> <span class='ocrx_word' id='word_1_370' title='bbox 1562 1708 1627 1729; x_wconf 83' lang='lat' dir='ltr'>nou</span> 
     </span>
     <span class='ocr_line' id='line_1_63' title="bbox 868 1738 1626 1780; baseline 0.004 -12"><span class='ocrx_word' id='word_1_371' title='bbox 868 1738 961 1768; x_wconf 73' lang='lat' dir='ltr'>modo</span> <span class='ocrx_word' id='word_1_372' title='bbox 992 1744 1177 1775; x_wconf 87' lang='lat' dir='ltr'>senatorem,</span> <span class='ocrx_word' id='word_1_373' title='bbox 1203 1740 1259 1770; x_wconf 92' lang='lat' dir='ltr'>sed</span> <span class='ocrx_word' id='word_1_374' title='bbox 1284 1739 1378 1769; x_wconf 83' lang='lat' dir='ltr'>etiarn</span> <span class='ocrx_word' id='word_1_375' title='bbox 1402 1740 1626 1780; x_wconf 86' lang='lat' dir='ltr'>magistratum,</span> 
     </span>
     <span class='ocr_line' id='line_1_64' title="bbox 867 1781 1626 1824; baseline 0.004 -13"><span class='ocrx_word' id='word_1_376' title='bbox 867 1782 922 1822; x_wconf 88' lang='lat' dir='ltr'>qni</span> <span class='ocrx_word' id='word_1_377' title='bbox 937 1782 1103 1822; x_wconf 87' lang='lat' dir='ltr'>pecuniam</span> <span class='ocrx_word' id='word_1_378' title='bbox 1117 1782 1158 1812; x_wconf 90' lang='lat' dir='ltr'>ob</span> <span class='ocrx_word' id='word_1_379' title='bbox 1174 1793 1238 1812; x_wconf 83' lang='lat' dir='ltr'>rein</span> <span class='ocrx_word' id='word_1_380' title='bbox 1254 1781 1459 1821; x_wconf 85' lang='lat' dir='ltr'>judicandam</span> <span class='ocrx_word' id='word_1_381' title='bbox 1486 1784 1626 1824; x_wconf 84' lang='lat' dir='ltr'>accepis—</span> 
     </span>
     <span class='ocr_line' id='line_1_65' title="bbox 868 1824 1626 1866; baseline 0.003 -12"><span class='ocrx_word' id='word_1_382' title='bbox 868 1829 927 1854; x_wconf 81' lang='lat' dir='ltr'>set.</span> <span class='ocrx_word' id='word_1_383' title='bbox 970 1824 1055 1855; x_wconf 87' lang='lat' dir='ltr'>Vide</span> <span class='ocrx_word' id='word_1_384' title='bbox 1071 1824 1157 1855; x_wconf 87' lang='lat' dir='ltr'>Orat.</span> <span class='ocrx_word' id='word_1_385' title='bbox 1171 1835 1228 1866; x_wconf 92' lang='lat' dir='ltr'>pro</span> <span class='ocrx_word' id='word_1_386' title='bbox 1243 1824 1407 1856; x_wconf 88' lang='lat' dir='ltr'>Cluentio:</span> <span class='ocrx_word' id='word_1_387' title='bbox 1430 1826 1510 1856; x_wconf 87' lang='lat' dir='ltr'>hanc</span> <span class='ocrx_word' id='word_1_388' title='bbox 1521 1831 1626 1856; x_wconf 89' lang='lat' dir='ltr'>autem</span> 
     </span>
     <span class='ocr_line' id='line_1_66' title="bbox 868 1866 1625 1908; baseline 0.004 -12"><span class='ocrx_word' id='word_1_389' title='bbox 868 1871 1054 1906; x_wconf 86' lang='lat' dir='ltr'>potestatem</span> <span class='ocrx_word' id='word_1_390' title='bbox 1093 1868 1200 1908; x_wconf 89' lang='lat' dir='ltr'>paucis</span> <span class='ocrx_word' id='word_1_391' title='bbox 1240 1866 1311 1908; x_wconf 74' lang='lat' dir='ltr'>pdst</span> <span class='ocrx_word' id='word_1_392' title='bbox 1344 1868 1499 1898; x_wconf 85' lang='lat' dir='ltr'>mensibus</span> <span class='ocrx_word' id='word_1_393' title='bbox 1537 1868 1625 1899; x_wconf 87' lang='lat' dir='ltr'>Coss.</span> 
     </span>
     <span class='ocr_line' id='line_1_67' title="bbox 868 1909 1626 1953; baseline 0.004 -14"><span class='ocrx_word' id='word_1_394' title='bbox 868 1909 1038 1950; x_wconf 85' lang='lat' dir='ltr'>Pompeius</span> <span class='ocrx_word' id='word_1_395' title='bbox 1070 1915 1102 1940; x_wconf 91' lang='lat' dir='ltr'>et</span> <span class='ocrx_word' id='word_1_396' title='bbox 1132 1910 1258 1941; x_wconf 84' lang='lat' dir='ltr'>Crassus</span> <span class='ocrx_word' id='word_1_397' title='bbox 1294 1910 1503 1950; x_wconf 82' lang='lat' dir='ltr'>restituerent,</span> <span class='ocrx_word' id='word_1_398' title='bbox 1532 1910 1626 1953; x_wconf 66' lang='lat' dir='ltr'>quam</span> 
     </span>
     <span class='ocr_line' id='line_1_68' title="bbox 868 1951 1147 1994; baseline 0 -12"><span class='ocrx_word' id='word_1_399' title='bbox 868 1951 956 1994; x_wconf 79' lang='lat' dir='ltr'>Sylla</span> <span class='ocrx_word' id='word_1_400' title='bbox 970 1952 1147 1983; x_wconf 83' lang='lat' dir='ltr'>abstulerat.</span> 
     </span>
    </p>

    <p class='ocr_par' dir='ltr' id='par_1_16' title="bbox 911 1995 1522 2037">
     <span class='ocr_line' id='line_1_69' title="bbox 911 1995 1522 2037; baseline 0.002 -11"><span class='ocrx_word' id='word_1_401' title='bbox 911 1997 964 2026; x_wconf 76' lang='lat'>32.</span> <span class='ocrx_word' id='word_1_402' title='bbox 988 1995 1064 2025; x_wconf 81' lang='lat' dir='ltr'>Ordo</span> <span class='ocrx_word' id='word_1_403' title='bbox 1079 1996 1187 2037; x_wconf 54' lang='lat' dir='ltr'>alius]</span> <span class='ocrx_word' id='word_1_404' title='bbox 1231 1995 1384 2037; x_wconf 84' lang='lat' dir='ltr'>Equester</span> <span class='ocrx_word' id='word_1_405' title='bbox 1396 2006 1522 2037; x_wconf 83' lang='lat' dir='ltr'>nempe.</span> 
     </span>
    </p>

    <p class='ocr_par' dir='ltr' id='par_1_17' title="bbox 866 2038 1628 2369">
     <span class='ocr_line' id='line_1_70' title="bbox 911 2038 1628 2081; baseline 0.001 -12"><span class='ocrx_word' id='word_1_406' title='bbox 911 2040 963 2069; x_wconf 84' lang='lat'>33.</span> <span class='ocrx_word' id='word_1_407' title='bbox 991 2038 1156 2068; x_wconf 80' lang='lat' dir='ltr'>Censorium</span> <span class='ocrx_word' id='word_1_408' title='bbox 1178 2039 1307 2080; x_wconf 64' lang='lat' dir='ltr'>nomem]</span> <span class='ocrx_word' id='word_1_409' title='bbox 1351 2039 1504 2070; x_wconf 84' lang='lat' dir='ltr'>Censores</span> <span class='ocrx_word' id='word_1_410' title='bbox 1518 2039 1628 2081; x_wconf 83' lang='lat' dir='ltr'>quinto</span> 
     </span>
     <span class='ocr_line' id='line_1_71' title="bbox 867 2080 1627 2122; baseline 0.003 -12"><span class='ocrx_word' id='word_1_411' title='bbox 867 2090 992 2121; x_wconf 87' lang='lat' dir='ltr'>quoqne</span> <span class='ocrx_word' id='word_1_412' title='bbox 1019 2091 1100 2111; x_wconf 92' lang='lat' dir='ltr'>anno</span> <span class='ocrx_word' id='word_1_413' title='bbox 1126 2081 1324 2112; x_wconf 84' lang='lat' dir='ltr'>creabantur:</span> <span class='ocrx_word' id='word_1_414' title='bbox 1349 2081 1393 2111; x_wconf 89' lang='lat' dir='ltr'>illi</span> <span class='ocrx_word' id='word_1_415' title='bbox 1416 2080 1505 2122; x_wconf 70' lang='lat' dir='ltr'>porr&amp;</span> <span class='ocrx_word' id='word_1_416' title='bbox 1533 2082 1627 2112; x_wconf 90' lang='lat' dir='ltr'>corri-</span> 
     </span>
     <span class='ocr_line' id='line_1_72' title="bbox 868 2123 1624 2164; baseline 0.001 -11"><span class='ocrx_word' id='word_1_417' title='bbox 868 2124 976 2162; x_wconf 85' lang='lat' dir='ltr'>gendis</span> <span class='ocrx_word' id='word_1_418' title='bbox 1013 2123 1126 2154; x_wconf 86' lang='lat' dir='ltr'>civium</span> <span class='ocrx_word' id='word_1_419' title='bbox 1156 2124 1290 2154; x_wconf 85' lang='lat' dir='ltr'>moribus</span> <span class='ocrx_word' id='word_1_420' title='bbox 1320 2123 1533 2164; x_wconf 86' lang='lat' dir='ltr'>invigilabant.</span> <span class='ocrx_word' id='word_1_421' title='bbox 1591 2123 1624 2155; x_wconf 80' lang='lat' dir='ltr'>Si</span> 
     </span>
     <span class='ocr_line' id='line_1_73' title="bbox 866 2165 1625 2206; baseline 0.003 -11"><span class='ocrx_word' id='word_1_422' title='bbox 866 2171 1040 2196; x_wconf 82' lang='lat' dir='ltr'>senatorem</span> <span class='ocrx_word' id='word_1_423' title='bbox 1068 2165 1228 2197; x_wconf 69' lang='lat' dir='ltr'>notassent</span> <span class='ocrx_word' id='word_1_424' title='bbox 1249 2166 1266 2196; x_wconf 79' lang='grc' dir='ltr'>ἐ</span> <span class='ocrx_word' id='word_1_425' title='bbox 1287 2171 1397 2196; x_wconf 85' lang='lat' dir='ltr'>senatu</span> <span class='ocrx_word' id='word_1_426' title='bbox 1422 2165 1625 2206; x_wconf 85' lang='lat' dir='ltr'>ejiciebatur:</span> 
     </span>
     <span class='ocr_line' id='line_1_74' title="bbox 868 2208 1626 2250; baseline 0.004 -13"><span class='ocrx_word' id='word_1_427' title='bbox 868 2208 893 2237; x_wconf 87' lang='lat' dir='ltr'>si</span> <span class='ocrx_word' id='word_1_428' title='bbox 906 2209 1054 2248; x_wconf 84' lang='lat' dir='ltr'>equitem,</span> <span class='ocrx_word' id='word_1_429' title='bbox 1068 2218 1182 2249; x_wconf 83' lang='lat' dir='ltr'>equum</span> <span class='ocrx_word' id='word_1_430' title='bbox 1207 2208 1390 2239; x_wconf 87' lang='lat' dir='ltr'>amittebat:</span> <span class='ocrx_word' id='word_1_431' title='bbox 1415 2209 1440 2239; x_wconf 87' lang='lat' dir='ltr'>si</span> <span class='ocrx_word' id='word_1_432' title='bbox 1455 2208 1626 2250; x_wconf 84' lang='lat' dir='ltr'>plebeium,</span> 
     </span>
     <span class='ocr_line' id='line_1_75' title="bbox 867 2250 1626 2290; baseline 0.005 -10"><span class='ocrx_word' id='word_1_433' title='bbox 867 2250 900 2280; x_wconf 90' lang='lat' dir='ltr'>in</span> <span class='ocrx_word' id='word_1_434' title='bbox 927 2251 1073 2281; x_wconf 82' lang='lat' dir='ltr'>Caerituin</span> <span class='ocrx_word' id='word_1_435' title='bbox 1098 2251 1218 2282; x_wconf 85' lang='lat' dir='ltr'>tabulas</span> <span class='ocrx_word' id='word_1_436' title='bbox 1255 2251 1453 2290; x_wconf 82' lang='lat' dir='ltr'>referebatur,</span> <span class='ocrx_word' id='word_1_437' title='bbox 1481 2257 1515 2282; x_wconf 86' lang='lat' dir='ltr'>ut</span> <span class='ocrx_word' id='word_1_438' title='bbox 1543 2257 1626 2284; x_wconf 82' lang='lat' dir='ltr'>esset</span> 
     </span>
     <span class='ocr_line' id='line_1_76' title="bbox 868 2293 1626 2336; baseline 0.005 -14"><span class='ocrx_word' id='word_1_439' title='bbox 868 2293 988 2324; x_wconf 73' lang='lat' dir='ltr'>tantum</span> <span class='ocrx_word' id='word_1_440' title='bbox 1003 2294 1107 2334; x_wconf 85' lang='lat' dir='ltr'>capite</span> <span class='ocrx_word' id='word_1_441' title='bbox 1133 2304 1254 2330; x_wconf 85' lang='lat' dir='ltr'>census,</span> <span class='ocrx_word' id='word_1_442' title='bbox 1277 2304 1381 2336; x_wconf 89' lang='lat' dir='ltr'>neque</span> <span class='ocrx_word' id='word_1_443' title='bbox 1405 2299 1486 2325; x_wconf 88' lang='lat' dir='ltr'>esset</span> <span class='ocrx_word' id='word_1_444' title='bbox 1506 2295 1538 2325; x_wconf 89' lang='lat' dir='ltr'>in</span> <span class='ocrx_word' id='word_1_445' title='bbox 1554 2295 1626 2326; x_wconf 90' lang='lat' dir='ltr'>albo</span> 
     </span>
     <span class='ocr_line' id='line_1_77' title="bbox 866 2342 1102 2369; baseline 0.008 -3"><span class='ocrx_word' id='word_1_446' title='bbox 866 2342 1014 2367; x_wconf 81' lang='lat' dir='ltr'>centunae</span> <span class='ocrx_word' id='word_1_447' title='bbox 1028 2347 1102 2369; x_wconf 77' lang='lat' dir='ltr'>suae.</span> 
     </span>
    </p>

    <p class='ocr_par' dir='ltr' id='par_1_18' title="bbox 865 2379 1627 2624">
     <span class='ocr_line' id='line_1_78' title="bbox 910 2379 1625 2420; baseline 0.003 -10"><span class='ocrx_word' id='word_1_448' title='bbox 910 2381 964 2411; x_wconf 85' lang='lat'>34.</span> <span class='ocrx_word' id='word_1_449' title='bbox 986 2379 1024 2410; x_wconf 84' lang='lat' dir='ltr'>Id</span> <span class='ocrx_word' id='word_1_450' title='bbox 1050 2390 1130 2410; x_wconf 80' lang='lat' dir='ltr'>nunc</span> <span class='ocrx_word' id='word_1_451' title='bbox 1151 2379 1308 2420; x_wconf 53' lang='lat' dir='ltr'>poscitum]</span> <span class='ocrx_word' id='word_1_452' title='bbox 1365 2379 1485 2411; x_wconf 86' lang='lat' dir='ltr'>Petitur</span> <span class='ocrx_word' id='word_1_453' title='bbox 1511 2385 1547 2411; x_wconf 85' lang='lat' dir='ltr'>ut</span> <span class='ocrx_word' id='word_1_454' title='bbox 1571 2380 1625 2413; x_wconf 85' lang='lat' dir='ltr'>illa</span> 
     </span>
     <span class='ocr_line' id='line_1_79' title="bbox 868 2421 1626 2465; baseline 0.004 -13"><span class='ocrx_word' id='word_1_455' title='bbox 868 2421 1007 2453; x_wconf 82' lang='lat' dir='ltr'>censoria</span> <span class='ocrx_word' id='word_1_456' title='bbox 1031 2422 1178 2463; x_wconf 88' lang='lat' dir='ltr'>dignitas,</span> <span class='ocrx_word' id='word_1_457' title='bbox 1193 2433 1262 2462; x_wconf 85' lang='lat' dir='ltr'>quae</span> <span class='ocrx_word' id='word_1_458' title='bbox 1286 2427 1348 2453; x_wconf 87' lang='lat' dir='ltr'>tam</span> <span class='ocrx_word' id='word_1_459' title='bbox 1371 2422 1482 2454; x_wconf 78' lang='lat' dir='ltr'>odiosa</span> <span class='ocrx_word' id='word_1_460' title='bbox 1507 2424 1626 2465; x_wconf 85' lang='lat' dir='ltr'>populo</span> 
     </span>
     <span class='ocr_line' id='line_1_80' title="bbox 869 2463 1627 2501; baseline 0.004 -7"><span class='ocrx_word' id='word_1_461' title='bbox 869 2470 945 2501; x_wconf 89' lang='lat' dir='ltr'>erat,</span> <span class='ocrx_word' id='word_1_462' title='bbox 971 2465 1156 2496; x_wconf 84' lang='lat' dir='ltr'>restituatur.</span> <span class='ocrx_word' id='word_1_463' title='bbox 1205 2463 1371 2495; x_wconf 71' lang='lat' dir='ltr'>Enimvero</span> <span class='ocrx_word' id='word_1_464' title='bbox 1397 2466 1540 2497; x_wconf 88' lang='lat' dir='ltr'>restituta</span> <span class='ocrx_word' id='word_1_465' title='bbox 1567 2466 1627 2497; x_wconf 78' lang='lat' dir='ltr'>suit</span> 
     </span>
     <span class='ocr_line' id='line_1_81' title="bbox 868 2507 1626 2548; baseline 0.004 -11"><span class='ocrx_word' id='word_1_466' title='bbox 868 2507 922 2537; x_wconf 88' lang='lat' dir='ltr'>illo</span> <span class='ocrx_word' id='word_1_467' title='bbox 938 2512 1078 2548; x_wconf 89' lang='lat' dir='ltr'>tempore</span> <span class='ocrx_word' id='word_1_468' title='bbox 1091 2518 1098 2537; x_wconf 90' lang='lat'><strong>:</strong></span> <span class='ocrx_word' id='word_1_469' title='bbox 1121 2518 1194 2538; x_wconf 78' lang='lat' dir='ltr'>nain</span> <span class='ocrx_word' id='word_1_470' title='bbox 1204 2507 1324 2538; x_wconf 86' lang='lat' dir='ltr'>Gellius</span> <span class='ocrx_word' id='word_1_471' title='bbox 1334 2513 1366 2538; x_wconf 81' lang='lat' dir='ltr'>et</span> <span class='ocrx_word' id='word_1_472' title='bbox 1378 2507 1539 2548; x_wconf 86' lang='lat' dir='ltr'>Lentulus,</span> <span class='ocrx_word' id='word_1_473' title='bbox 1550 2509 1626 2541; x_wconf 83' lang='lat' dir='ltr'>sacti</span> 
     </span>
     <span class='ocr_line' id='line_1_82' title="bbox 869 2550 1626 2593; baseline -0.001 -12"><span class='ocrx_word' id='word_1_474' title='bbox 869 2560 1024 2587; x_wconf 88' lang='lat' dir='ltr'>censores,</span> <span class='ocrx_word' id='word_1_475' title='bbox 1039 2555 1171 2592; x_wconf 88' lang='lat' dir='ltr'>quatuor</span> <span class='ocrx_word' id='word_1_476' title='bbox 1192 2556 1225 2581; x_wconf 91' lang='lat' dir='ltr'>et</span> <span class='ocrx_word' id='word_1_477' title='bbox 1247 2550 1406 2593; x_wconf 84' lang='lat' dir='ltr'>sexaginta</span> <span class='ocrx_word' id='word_1_478' title='bbox 1422 2551 1444 2581; x_wconf 72' lang='grc' dir='ltr'>εὶ</span> <span class='ocrx_word' id='word_1_479' title='bbox 1454 2557 1563 2583; x_wconf 84' lang='lat' dir='ltr'>senatu</span> <span class='ocrx_word' id='word_1_480' title='bbox 1577 2561 1626 2582; x_wconf 85' lang='lat' dir='ltr'>re-</span> 
     </span>
     <span class='ocr_line' id='line_1_83' title="bbox 865 2599 1035 2624; baseline 0.006 -1"><span class='ocrx_word' id='word_1_481' title='bbox 865 2599 1035 2624; x_wconf 85' lang='lat' dir='ltr'>moverunt.</span> 
     </span>
    </p>

    <p class='ocr_par' dir='ltr' id='par_1_19' title="bbox 867 2635 1633 2848">
     <span class='ocr_line' id='line_1_84' title="bbox 909 2635 1627 2678; baseline 0.001 -12"><span class='ocrx_word' id='word_1_482' title='bbox 909 2637 962 2668; x_wconf 80' lang='lat'>37.</span> <span class='ocrx_word' id='word_1_483' title='bbox 989 2636 1135 2678; x_wconf 58' lang='lat' dir='ltr'>Ordinis]</span> <span class='ocrx_word' id='word_1_484' title='bbox 1189 2636 1369 2666; x_wconf 84' lang='lat' dir='ltr'>Senatorius</span> <span class='ocrx_word' id='word_1_485' title='bbox 1393 2635 1469 2665; x_wconf 91' lang='lat' dir='ltr'>ordo</span> <span class='ocrx_word' id='word_1_486' title='bbox 1492 2636 1627 2676; x_wconf 85' lang='lat' dir='ltr'>graviter</span> 
     </span>
     <span class='ocr_line' id='line_1_85' title="bbox 867 2677 1629 2720; baseline 0.003 -12"><span class='ocrx_word' id='word_1_487' title='bbox 867 2677 1001 2709; x_wconf 80' lang='lat' dir='ltr'>offensus</span> <span class='ocrx_word' id='word_1_488' title='bbox 1042 2684 1100 2716; x_wconf 83' lang='lat' dir='ltr'>est,</span> <span class='ocrx_word' id='word_1_489' title='bbox 1139 2677 1224 2720; x_wconf 74' lang='lat' dir='ltr'>qudd</span> <span class='ocrx_word' id='word_1_490' title='bbox 1257 2678 1335 2708; x_wconf 82' lang='lat' dir='ltr'>nihil</span> <span class='ocrx_word' id='word_1_491' title='bbox 1370 2678 1495 2718; x_wconf 89' lang='lat' dir='ltr'>propius</span> <span class='ocrx_word' id='word_1_492' title='bbox 1532 2685 1629 2719; x_wconf 86' lang='lat' dir='ltr'>esset,</span> 
     </span>
     <span class='ocr_line' id='line_1_86' title="bbox 867 2719 1630 2762; baseline 0.003 -11"><span class='ocrx_word' id='word_1_493' title='bbox 867 2721 960 2762; x_wconf 72' lang='lat' dir='ltr'>quam</span> <span class='ocrx_word' id='word_1_494' title='bbox 984 2726 1020 2753; x_wconf 91' lang='lat' dir='ltr'>ut</span> <span class='ocrx_word' id='word_1_495' title='bbox 1040 2721 1187 2753; x_wconf 88' lang='lat' dir='ltr'>Aurelius</span> <span class='ocrx_word' id='word_1_496' title='bbox 1218 2720 1313 2753; x_wconf 90' lang='lat' dir='ltr'>Cotta</span> <span class='ocrx_word' id='word_1_497' title='bbox 1342 2720 1442 2761; x_wconf 85' lang='lat' dir='ltr'>legem</span> <span class='ocrx_word' id='word_1_498' title='bbox 1464 2719 1570 2759; x_wconf 80' lang='lat' dir='ltr'>ferret,</span> <span class='ocrx_word' id='word_1_499' title='bbox 1592 2728 1630 2753; x_wconf 89' lang='lat' dir='ltr'>ut</span> 
     </span>
     <span class='ocr_line' id='line_1_87' title="bbox 868 2762 1630 2806; baseline 0.001 -12"><span class='ocrx_word' id='word_1_500' title='bbox 868 2764 981 2795; x_wconf 86' lang='lat' dir='ltr'>iterum</span> <span class='ocrx_word' id='word_1_501' title='bbox 1013 2765 1134 2806; x_wconf 87' lang='lat' dir='ltr'>equites</span> <span class='ocrx_word' id='word_1_502' title='bbox 1174 2775 1244 2795; x_wconf 88' lang='lat' dir='ltr'>cum</span> <span class='ocrx_word' id='word_1_503' title='bbox 1282 2762 1486 2800; x_wconf 85' lang='lat' dir='ltr'>senatoribus,</span> <span class='ocrx_word' id='word_1_504' title='bbox 1515 2768 1548 2795; x_wconf 84' lang='lat' dir='ltr'>et</span> <span class='ocrx_word' id='word_1_505' title='bbox 1576 2764 1630 2795; x_wconf 89' lang='lat' dir='ltr'>tri-</span> 
     </span>
     <span class='ocr_line' id='line_1_88' title="bbox 869 2806 1633 2848; baseline 0.003 -11"><span class='ocrx_word' id='word_1_506' title='bbox 869 2807 958 2838; x_wconf 86' lang='lat' dir='ltr'>bunis</span> <span class='ocrx_word' id='word_1_507' title='bbox 980 2808 1103 2846; x_wconf 71' lang='lat' dir='ltr'>aerariio,</span> <span class='ocrx_word' id='word_1_508' title='bbox 1125 2807 1189 2838; x_wconf 72' lang='lat' dir='ltr'>una</span> <span class='ocrx_word' id='word_1_509' title='bbox 1207 2806 1398 2847; x_wconf 78' lang='lat' dir='ltr'>judicarent,</span> <span class='ocrx_word' id='word_1_510' title='bbox 1419 2815 1513 2848; x_wconf 78' lang='lat' dir='ltr'>quam</span> <span class='ocrx_word' id='word_1_511' title='bbox 1528 2807 1633 2839; x_wconf 57' lang='lat' dir='ltr'>rever&amp;</span> 
     </span>
    </p>
   </div>
   <div class='ocr_carea' id='block_1_9' title="bbox 1157 2850 1234 2891">
    <p class='ocr_par' dir='ltr' id='par_1_20' title="bbox 1157 2850 1234 2891">
     <span class='ocr_line' id='line_1_89' title="bbox 1157 2850 1234 2891; baseline 0.026 -2"><span class='ocrx_word' id='word_1_512' title='bbox 1157 2850 1234 2891; x_wconf 73' lang='lat'>122</span> 
     </span>
    </p>
   </div>
  </div>
 </body>
</html>
