1858 3095
677 199 768 232 PRO
791 198 908 231 LEGE
930 199 968 231 Μ
972 196 1098 231 ANILI
1103 201 1142 233 A.

128 270 171 310 in
192 269 377 312 diceudo
399 268 690 335 praetereuuda
714 284 801 311 non
833 276 945 310 sunt.

1006 268 1116 318 Quis
1147 269 1259 310 enim
1277 283 1481 332 unquam,
1514 278 1588 312 aut
1612 272 1688 313 ob-

127 328 255 368 eundi
279 328 440 383 negotii
461 334 534 367 aut
555 326 848 382 consequendi
864 326 1055 382 quaestus
1072 327 1230 375 studio,
1252 333 1338 367 tam
1358 326 1474 367 brevi
1496 333 1685 382 ternpore

126 390 192 424 tot
227 385 323 425 loca
335 362 483 431 t:adii-e,
514 384 695 424 tantosk
705 398 854 424 cursus
891 382 1102 423 conficere
1134 383 1289 439 potuit,
1320 397 1450 439 quam
1477 383 1686 433 celeriter,
1705 388 1759 428 60

127 440 207 481 Cn.
232 439 438 496 Pompeio
461 440 585 487 duce,
618 440 747 480 belli¹
762 441 946 508 impetus
975 440 1220 495 navigavit?
1252 455 1340 495 qui,
1372 440 1561 480 nondum
1583 445 1688 481 tem-

127 498 292 552 pestivo
313 497 367 537 ad
388 496 677 552 navigandum
709 511 828 546 marl,
852 494 1044 536 Siciliam
1066 496 1186 546 adiit,
1219 496 1411 537 Africam
1433 496 1686 558 exploravit,

127 553 226 595 inde
256 534 514 593 Sardiniam⁰
542 568 641 594 cum
672 553 809 594 classe
841 553 978 601 venit3
1021 560 1149 608 atque
1176 529 1274 594 ’haec
1304 552 1386 593 tria
1415 552 1689 593 frumentaria

127 609 318 651 subsidia
352 609 598 665 reipublicae
633 608 886 650 firmissimis
923 609 1134 664 plaesidiis
1162 609 1456 664 classibusque
1490 609 1688 650 munivit.

127 666 232 708 Inde
256 665 352 706 cum
380 681 425 707 se
454 681 496 706 iu
526 665 694 707 Italiam
727 665 973 721 recepisset,
1005 665 1170 706 duabus
1204 665 1441 728 Hispaniis,
1473 673 1518 707 et
1546 665 1688 706 Gallia
1706 669 1760 709 65

125 721 348 778 Cisalpina
368 722 578 778 praesidiis
609 737 661 764 ac
692 722 871 763 navibus
894 721 1137 762 confirmati
1121 737 1161 772 ι,
1194 736 1336 763 m1SSis
1367 722 1469 763 item
1499 722 1543 763 in
1570 736 1688 763 oram

126 779 288 841 Illyrici
309 793 451 842 maris,
473 787 516 821 et
537 794 579 819 m
590 779 824 842 Achaiam,
847 792 1102 833 omnemque
1124 778 1350 827 Giaeciam,
1372 778 1568 830 navibus,
1602 778 1690 820 Ita-

123 835 191 877 liae
210 836 296 877 duo
328 836 461 877 maria
486 835 684 877 maximis
714 835 927 877 classibus
953 834 1295 890 firmissimisque
1322 835 1530 891 praesidiis
1567 835 1690 876 ador-

124 892 269 933 navit:
302 894 392 949 ipse
415 900 573 943 autem,
597 899 645 933 ut
667 908 691 933 a
713 891 945 933 Brundisio
966 891 1185 946 profectus
1208 899 1287 942 est,
1308 892 1690 948 undequinquage-

110 948 232 990 simo
254 948 324 990 die
345 955 479 990 totam
513 949 567 990 ad
600 949 824 1004 imperium
845 947 993 1004 populi
1019 947 1205 989 Romani
1234 948 1431 989 Ciliciam
1462 949 1687 1003 adjunxit:
1707 953 1762 992 70

124 1020 272 1048 omnes
292 1006 365 1062 qui
399 1006 559 1068 ubique
594 1005 815 1069 praedones
839 1006 1026 1056 fuerunt,
1056 1004 1210 1061 partim
1242 1004 1358 1068 capti
1389 1005 1689 1062 interfectique

124 1070 237 1114 sunt,
278 1062 433 1118 partim
463 1077 590 1104 umus
621 1063 748 1118 hujus
791 1062 970 1118 impeiio
1016 1076 1067 1102 ac
1102 1061 1307 1125 potestati
1339 1076 1384 1103 se
1416 1062 1689 1105 dediderunt.

125 1119 247 1161 Idem
277 1119 573 1170 Cretensibus,
604 1134 702 1161 cum
733 1119 787 1160 ad
818 1133 915 1160 eum
945 1133 1082 1173 usque
1113 1134 1157 1159 111
1188 1118 1490 1175 Pamphyliam
1521 1119 1690 1175 legatos

125 1175 548 1239 mdeprecatoresque
562 1176 796 1226 misissent,
811 1190 933 1231 spem
947 1175 1180 1216 deditionis
1199 1189 1286 1216 non
1303 1175 1478 1226 ademit,
1496 1154 1692 1218 obsides-

127 1248 212 1317 que
234 1232 499 1288 ‘'imperavit.

561 1233 629 1274 Ita
649 1239 818 1274 tantum
839 1231 1014 1283 bellum,
1047 1238 1134 1273 tam
1155 1231 1418 1282 diuturnum,
1450 1239 1539 1273 tam
1560 1232 1690 1289 longe
1710 1236 1764 1277 75

126 1288 300 1345 lateque
321 1289 577 1345 dispersum,
600 1303 686 1345 quo
703 1289 817 1330 bello
831 1302 981 1330 omnes
996 1296 1147 1343 <rentes
1160 1303 1212 1330 ac
1225 1288 1422 1330 nationes
1443 1267 1695 1346 premeban-

184 1418 201 1442 k
215 1415 526 1465 navigationes.

126 1475 178 1511 ut
198 1471 355 1511 clarent
374 1471 548 1512 obsides.

168 1593 221 1623 ⁵5.
266 1593 344 1624 Ante
355 1592 488 1633 ostium]
536 1591 658 1622 Oceani
689 1591 800 1622 ostium
828 1603 885 1634 ap-

127 1636 236 1676 pellat,
252 1636 314 1677 qua
331 1636 477 1666 Oceanus
494 1636 524 1665 in
542 1646 637 1671 mare,
661 1638 746 1676 quod
765 1635 816 1665 alii
832 1636 886 1665 In-

127 1678 234 1718 terius,
271 1679 323 1709 alii
367 1678 634 1709 Mediterraneum
674 1684 802 1716 vocant,
839 1679 886 1709 in-

125 1722 202 1752 fluit.

172 1767 226 1796 61.
250 1764 327 1795 Belli
349 1765 496 1806 impetus]
542 1764 688 1805 Pompeii
714 1750 831 1802 classis,
854 1764 886 1795 in

129 1807 191 1849 qua
206 1808 298 1838 totius
313 1807 386 1838 belli
405 1807 540 1848 impetus
555 1808 755 1839 consistebat.

171 1853 225 1882 62.
248 1851 379 1881 δὶεἱίίιηι
392 1852 480 1887 adiit,
503 1851 579 1891 &c.]
627 1850 886 1881 Siciliaemaxime

128 1895 292 1933 praedones
316 1893 422 1924 infesti
449 1902 550 1932 erant,
575 1900 608 1924 et
635 1894 786 1924 frumenta
820 1893 887 1923 Ro-

130 1947 209 1968 mam
223 1948 260 1967 ex
275 1936 313 1967 eii
328 1937 427 1967 afferri
446 1937 654 1977 prohibebant
669 1947 675 1966 :
699 1936 752 1966 illa
766 1937 891 1977 provin·
931 1937 934 1940 ⁴

133 1979 183 2010 cia
204 1979 298 2020 vulgo
324 1979 465 2019 Reipub.
489 1981 631 2012 horreum
661 1979 890 2021 appellabatur,

130 2028 208 2053 teste
225 2023 325 2053 Livio.

173 2067 226 2096 65.
249 2065 323 2095 Inde
354 2065 420 2096 etim
456 2076 484 2096 se
513 2067 546 2096 in
568 2064 689 2096 Italiam
714 2066 888 2107 recepisset]

132 2107 267 2138 Gabinia
282 2108 349 2149 lege
364 2109 526 2149 imperium
542 2108 693 2139 exercitius
717 2108 749 2138 in
773 2109 889 2148 piratas

132 2150 286 2193 Pompei-o
297 2152 402 2180 datum
410 2157 457 2181 est
469 2163 476 2180 :
490 2151 584 2191 quare
598 2151 673 2180 nibil
685 2151 792 2181 babuit
806 2151 889 2191 prius

131 2193 224 2234 quam
238 2200 273 2224 ut
284 2193 387 2224 statim
396 2204 448 2224 eas
461 2194 524 2224 suis
535 2193 646 2233 legatis
657 2193 783 2233 singulis
798 2195 890 2224 maris

131 2242 233 2277 partes
260 2237 440 2277 assignaret,
463 2246 541 2278 quas
563 2238 680 2277 quique
703 2246 810 2267 eorum
834 2237 890 2267 de·

130 2279 305 2310 sendereut.

176 2322 225 2353 Ib.
275 2322 398 2353 Duabus
435 2321 613 2362 Hispaniis-J
670 2322 892 2363 Hispaniarum

133 2364 230 2396 altera
262 2365 306 2396 cis
343 2370 402 2403 est,
435 2365 534 2395 altera
570 2365 650 2395 ultra
671 2364 796 2395 Iberum
834 2365 892 2395 flu-

126 2418 226 2446 ⁴men,·
267 2407 342 2438 mari
381 2412 485 2438 autem
522 2407 697 2448 Hispanico
734 2408 891 2439 Tiberium

134 2450 294 2482 Neronem
330 2455 363 2481 et
397 2450 551 2481 Manlium
587 2450 777 2492 Torquatum
815 2462 893 2492 prae-

135 2493 221 2526 fecit.

177 2536 228 2568 Ib.
272 2535 375 2567 Gallia
390 2535 567 2577 Cisalpimi]
615 2535 717 2567 Gallia
733 2537 895 2578 Cisalpina

137 2585 184 2610 est
205 2590 275 2621 pars
304 2579 404 2610 Italiae
434 2580 472 2610 ab
504 2579 638 2619 Alpibus
676 2580 714 2610 ad
753 2580 894 2611 Rubico—

136 2632 207 2652 nem
226 2623 364 2660 fluvium,
388 2633 458 2662 quae
482 2623 520 2653 ab
543 2622 579 2652 iis
604 2622 703 2652 Gallis
730 2623 820 2654 dicta
836 2629 893 2659 est,

138 2665 203 2705 qui,
238 2665 337 2707 Alpes
375 2666 565 2706 transgressi,
600 2666 761 2697 dimidiam
796 2667 894 2707 prope

585 1413 749 1454 'elassis
766 1414 976 1467 Pompeii.

1036 1419 1062 1435 ‘¹¹
1072 1413 1378 1454 intercessores.
1443 1419 1460 1436 ¹¹
1470 1414 1630 1467 impera
1636 1417 1695 1457 υἱέ

974 1593 1027 1622 67.
1049 1590 1166 1632 Illyrici
1186 1590 1302 1631 maris]
1352 1590 1514 1633 Illyricum
1541 1602 1626 1623 mare
1655 1592 1694 1622 ab

929 1634 1061 1677 Illyrico
1085 1635 1320 1665 denominatum
1349 1640 1413 1665 est:
1440 1646 1510 1675 pars
1526 1641 1574 1666 est
1588 1640 1694 1666 autem

930 1677 1065 1719 Europae
1093 1677 1287 1708 Pannoniam
1309 1678 1390 1707 inter
1404 1682 1437 1708 et
1458 1689 1540 1709 mare
1553 1678 1695 1709 Adriati-

928 1731 1012 1752 cum.
1058 1720 1143 1751 Huic
1159 1721 1310 1761 praefecit,
1325 1721 1406 1750 sicut
1419 1726 1452 1751 et
1465 1721 1639 1762 Tyrrheno,
1652 1722 1693 1754 L.

928 1765 1071 1796 Gellium
1086 1770 1120 1795 et
1134 1764 1192 1795 Cn.
1211 1763 1390 1795 Lentulum.

974 1808 1024 1838 Ib.
1075 1807 1248 1847 Omnemque
1271 1806 1444 1847 Graecian1.]
1491 1805 1622 1837 Graeciae
1644 1808 1694 1838 di-

930 1852 1025 1881 versis
1039 1852 1098 1882 oris
1112 1850 1253 1892 praefecit
1267 1850 1414 1889 Cinnam,
1438 1849 1475 1882 L.
1494 1848 1645 1887 Gellium,
1661 1856 1694 1881 et

931 1893 1096 1926 Pisonem.

977 1937 1028 1969 Ib.
1052 1937 1146 1968 Italiae
1177 1937 1235 1966 duo
1269 1936 1389 1976 marim]
1435 1934 1630 1966 Adriaticum
1661 1941 1694 1967 et

931 1979 1140 2021 Tyrrhenum.

977 2024 1116 2064 6211>ae
1139 2029 1246 2058 autem,
1268 2028 1305 2052 ut
1327 2023 1345 2051 ὰ
1374 2021 1565 2062 Brundisio]
1613 2022 1692 2053 Cum

931 2069 1092 2109 sexaginta
1106 2067 1239 2096 navibus
1253 2065 1421 2105 profectus,
1443 2066 1560 2106 piratas
1573 2065 1695 2095 insecu-

933 2114 982 2139 tus
1005 2117 1065 2148 cst,
1089 2121 1168 2150 quos
1186 2110 1218 2138 iu
1240 2108 1384 2139 Ciliciam
1404 2108 1505 2138 redire
1522 2107 1692 2148 compulit:

932 2152 994 2182 suis
1009 2159 1113 2184 autem
1136 2151 1277 2182 omnibus
1297 2150 1408 2191 legatis
1425 2150 1562 2200 jusserat
1581 2161 1636 2180 sua
1660 2150 1694 2181 iu

932 2196 1066 2226 statione
1082 2205 1252 2230 remanere,
1275 2204 1334 2224 nec
1351 2195 1454 2224 hostes
1473 2193 1610 2233 insequi,
1635 2193 1692 2223 sed

931 2238 1046 2275 buxutuis
1061 2237 1182 2269 auxiliis
1195 2247 1228 2268 se
1238 2236 1364 2277 juvare,
1379 2241 1413 2266 ut
1428 2246 1481 2267 cos
1503 2235 1694 2267 interclude-

935 2287 1015 2312 rent.

929 2352 933 2356 .
979 2326 1031 2356 73.
1068 2323 1148 2354 Idem
1172 2322 1380 2363 Cretensibus]

934 2375 1004 2397 cum
1028 2367 1141 2398 Cilici-22
1160 2366 1329 2408 piratarum
1349 2364 1594 2405 receptaculum,
1616 2375 1694 2406 quos

932 2409 978 2440 ibi
1000 2409 1151 2440 Metellus
1180 2409 1397 2451 oppugnabat,
1428 2418 1560 2449 quorum
1582 2407 1695 2438 multos

935 2452 1106 2483 interemit.

932 2522 935 2523 γ
980 2495 1030 2526 Ib.
1046 2495 1084 2526 In
1100 2493 1533 2536 Pamphyliam.]Pamph51ia
1543 2494 1628 2534 regio
1639 2493 1696 2524 mi-

935 2539 1019 2570 noris
1034 2538 1119 2568 Asiae
1134 2539 1203 2573 fuit,
1216 2538 1359 2568 Ciliciam
1372 2538 1455 2568 inter
1467 2542 1500 2568 et
1512 2537 1654 2579 Lyciam.

936 2589 941 2611 ἰ
979 2581 1029 2614 Ib.
1091 2580 1214 2622 Legatos
1249 2580 1518 2621 deprecatmmesque]
1585 2577 1696 2608 Territi

930 2623 1105 2655 Cretenses
1127 2635 1167 2654 ne
1190 2624 1326 2664 τεΙίεμοε
1359 2624 1555 2657 interficeret,
1580 2621 1698 2651 Metel-

935 2657 1000 2706 lus,
1017 2667 1165 2698 miserunt
1186 2667 1305 2707 legatos
1327 2667 1366 2697 ad
1392 2666 1589 2706 Pompeium,
1611 2669 1647 2694 ut
1668 2663 1699 2694 ei

1425 2322 1520 2353 Creta
1536 2320 1620 2351 aliud
1636 2321 1696 2352 suit

138 2707 262 2737 ltaliam
297 2714 540 2749 occupaverunt.
584 2708 664 2740 Haec
692 2710 712 2740 εἴ
745 2709 897 2740 Romanis
940 2719 974 2740 sc
990 2709 1094 2750 potius
1117 2721 1211 2751 quam
1235 2709 1370 2740 Metello
1395 2709 1558 2743 dederent,
1581 2707 1640 2738 rati
1653 2707 1700 2737 vi·

140 2749 312 2790 Cisalpina.
334 2751 445 2790 altera,
473 2751 558 2782 unde
589 2758 749 2788 venerant,
785 2752 898 2783 'lrans-

140 2793 258 2842 alpina,
286 2794 372 2824 dicta
394 2799 452 2827 est.
498 2794 583 2826 Mari
599 2794 722 2828 Gallico
738 2795 788 2830 M.
805 2795 898 2827 Pom-

141 2836 270 2877 ponium
286 2836 435 2878 praefecit.
731 2858 733 2860 -

941 2753 1061 2784 delicet
1089 2753 1174 2794 quod
1198 2753 1237 2782 ab
1259 2752 1313 2782 illo
1337 2751 1440 2782 mitius
1462 2761 1567 2782 secum
1590 2761 1700 2791 agere-

942 2801 1010 2833 tur3
1047 2796 1143 2837 quare
1180 2796 1364 2835 Pompam,
1401 2800 1436 2824 ut
1464 2794 1546 2826 hanc
1576 2793 1699 2824 laudem

943 2838 1080 2870 Metello
1128 2837 1529 2881 praeiiperet,30‹:taviu1n
1564 2836 1701 2878 legatum

1704 203 1759 245 47
