<?xml version="1.0" encoding="UTF-8"?>
<!DOCTYPE html PUBLIC "-//W3C//DTD XHTML 1.0 Transitional//EN"
    "http://www.w3.org/TR/xhtml1/DTD/xhtml1-transitional.dtd">
<html xmlns="http://www.w3.org/1999/xhtml" xml:lang="en" lang="en">
 <head>
  <title>
</title>
<meta http-equiv="Content-Type" content="text/html;charset=utf-8" />
  <meta name='ocr-system' content='tesseract 3.04.00' />
  <meta name='ocr-capabilities' content='ocr_page ocr_carea ocr_par ocr_line ocrx_word'/>
</head>
<body>
  <div class='ocr_page' id='page_1' title='image "./selectaeoratione00ciceuoft_0488.png"; bbox 0 0 1790 3090; ppageno 0'>
   <div class='ocr_carea' id='block_1_1' title="bbox 87 175 1120 224">
    <p class='ocr_par' dir='ltr' id='par_1_1' title="bbox 87 175 1120 224">
     <span class='ocr_line' id='line_1_1' title="bbox 87 175 1120 224; baseline -0.014 0"><span class='ocrx_word' id='word_1_1' title='bbox 87 178 175 224; x_wconf 83' lang='lat'><strong>446</strong></span> <span class='ocrx_word' id='word_1_2' title='bbox 768 175 1034 213; x_wconf 76' lang='lat' dir='ltr'>PHILIPPICA</span> <span class='ocrx_word' id='word_1_3' title='bbox 1074 177 1120 211; x_wconf 78' lang='lat'><strong>11.</strong></span> 
     </span>
    </p>
   </div>
   <div class='ocr_carea' id='block_1_2' title="bbox 14 249 1790 1273">
    <p class='ocr_par' dir='ltr' id='par_1_2' title="bbox 14 249 1790 423">
     <span class='ocr_line' id='line_1_2' title="bbox 14 249 1786 323; baseline 0.002 -28"><span class='ocrx_word' id='word_1_4' title='bbox 14 265 80 303; x_wconf 46' lang='grc' dir='ltr'><strong>ἠ’</strong></span> <span class='ocrx_word' id='word_1_5' title='bbox 105 259 178 323; x_wconf 51' lang='lat'><strong>⁴⁸³2?</strong></span> <span class='ocrx_word' id='word_1_6' title='bbox 190 252 523 310; x_wconf 82' lang='lat' dir='ltr'><strong>pulcherrimam</strong></span> <span class='ocrx_word' id='word_1_7' title='bbox 558 252 770 295; x_wconf 81' lang='lat' dir='ltr'><strong>transiliat</strong></span> <span class='ocrx_word' id='word_1_8' title='bbox 800 254 951 306; x_wconf 84' lang='lat' dir='ltr'><strong>oratio,</strong></span> <span class='ocrx_word' id='word_1_9' title='bbox 980 253 1035 295; x_wconf 88' lang='lat' dir='ltr'><strong>ad</strong></span> <span class='ocrx_word' id='word_1_10' title='bbox 1058 251 1307 309; x_wconf 79' lang='lat' dir='ltr'>Lupercalia</span> <span class='ocrx_word' id='word_1_11' title='bbox 1329 251 1563 296; x_wconf 80' lang='lat' dir='ltr'><strong>veniamus.</strong></span> <span class='ocrx_word' id='word_1_12' title='bbox 1621 249 1721 298; x_wconf 87' lang='lat' dir='ltr'><strong>Non</strong></span> <span class='ocrx_word' id='word_1_13' title='bbox 1783 302 1786 305; x_wconf 61' lang='grc'>,</span> 
     </span>
     <span class='ocr_line' id='line_1_3' title="bbox 135 304 1790 369; baseline 0.003 -17.686"><span class='ocrx_word' id='word_1_14' title='bbox 135 307 417 360; x_wconf 60' lang='lat' dir='ltr'><strong>&#39;‘sdissimulat,</strong></span> <span class='ocrx_word' id='word_1_15' title='bbox 442 309 558 351; x_wconf 90' lang='lat' dir='ltr'><strong>P.C.</strong></span> <span class='ocrx_word' id='word_1_16' title='bbox 577 311 781 365; x_wconf 79' lang='lat' dir='ltr'>Apparet,</span> <span class='ocrx_word' id='word_1_17' title='bbox 815 325 908 353; x_wconf 89' lang='lat' dir='ltr'><strong>esse</strong></span> <span class='ocrx_word' id='word_1_18' title='bbox 930 317 1217 362; x_wconf 83' lang='lat' dir='ltr'><strong>commotum3</strong></span> <span class='ocrx_word' id='word_1_19' title='bbox 1250 304 1390 362; x_wconf 76' lang='lat' dir='ltr'><strong>s‘iidat,</strong></span> <span class='ocrx_word' id='word_1_20' title='bbox 1409 310 1563 366; x_wconf 89' lang='lat' dir='ltr'><strong>pallet:</strong></span> <span class='ocrx_word' id='word_1_21' title='bbox 1595 306 1790 369; x_wconf 33' lang='lat' dir='ltr'><strong>quid-js&lt;</strong></span> 
     </span>
     <span class='ocr_line' id='line_1_4' title="bbox 158 365 1718 423; baseline 0.002 -16"><span class='ocrx_word' id='word_1_22' title='bbox 158 367 279 418; x_wconf 86' lang='lat' dir='ltr'><strong>libet,</strong></span> <span class='ocrx_word' id='word_1_23' title='bbox 311 365 439 407; x_wconf 74' lang='lat' dir='ltr'><strong>modo</strong></span> <span class='ocrx_word' id='word_1_24' title='bbox 471 381 522 407; x_wconf 90' lang='lat' dir='ltr'><strong>ne</strong></span> <span class='ocrx_word' id='word_1_25' title='bbox 553 366 773 416; x_wconf 85' lang='lat' dir='ltr'><strong>bnauseet,</strong></span> <span class='ocrx_word' id='word_1_26' title='bbox 811 368 955 419; x_wconf 87' lang='lat' dir='ltr'><strong>faciat,</strong></span> <span class='ocrx_word' id='word_1_27' title='bbox 991 367 1109 422; x_wconf 88' lang='lat' dir='ltr'><strong>quod</strong></span> <span class='ocrx_word' id='word_1_28' title='bbox 1140 367 1183 408; x_wconf 88' lang='lat' dir='ltr'><strong>in</strong></span> <span class='ocrx_word' id='word_1_29' title='bbox 1213 368 1381 423; x_wconf 89' lang='lat' dir='ltr'><strong>porticu</strong></span> <span class='ocrx_word' id='word_1_30' title='bbox 1418 367 1618 409; x_wconf 68' lang='lat' dir='ltr'><strong>Minucia</strong></span> <span class='ocrx_word' id='word_1_31' title='bbox 1656 369 1718 410; x_wconf 88' lang='lat' dir='ltr'><strong>fe-</strong></span> 
     </span>
    </p>

    <p class='ocr_par' dir='ltr' id='par_1_3' title="bbox 113 423 1715 706">
     <span class='ocr_line' id='line_1_5' title="bbox 113 423 1715 480; baseline 0.001 -15"><span class='ocrx_word' id='word_1_32' title='bbox 113 432 141 472; x_wconf 88' lang='lat'><strong><em>5</em></strong></span> <span class='ocrx_word' id='word_1_33' title='bbox 161 424 232 465; x_wconf 86' lang='lat' dir='ltr'><strong>cit.</strong></span> <span class='ocrx_word' id='word_1_34' title='bbox 275 424 382 471; x_wconf 84' lang='lat' dir='ltr'><strong>Quae</strong></span> <span class='ocrx_word' id='word_1_35' title='bbox 402 429 547 479; x_wconf 88' lang='lat' dir='ltr'><strong>potest</strong></span> <span class='ocrx_word' id='word_1_36' title='bbox 568 437 661 464; x_wconf 89' lang='lat' dir='ltr'><strong>esse</strong></span> <span class='ocrx_word' id='word_1_37' title='bbox 689 423 966 479; x_wconf 83' lang='lat' dir='ltr'><strong>turpitudinis</strong></span> <span class='ocrx_word' id='word_1_38' title='bbox 987 430 1116 464; x_wconf 81' lang='lat' dir='ltr'><strong>tantae</strong></span> <span class='ocrx_word' id='word_1_39' title='bbox 1138 424 1360 466; x_wconf 74' lang='lat' dir='ltr'><strong>defensio?</strong></span> <span class='ocrx_word' id='word_1_40' title='bbox 1393 423 1520 480; x_wconf 87' lang='lat' dir='ltr'><strong>cupio</strong></span> <span class='ocrx_word' id='word_1_41' title='bbox 1542 424 1715 477; x_wconf 86' lang='lat' dir='ltr'><strong>audire;</strong></span> 
     </span>
     <span class='ocr_line' id='line_1_6' title="bbox 157 479 1712 537; baseline 0.002 -17"><span class='ocrx_word' id='word_1_42' title='bbox 157 487 204 521; x_wconf 88' lang='lat' dir='ltr'><strong>ut</strong></span> <span class='ocrx_word' id='word_1_43' title='bbox 237 479 420 529; x_wconf 87' lang='lat' dir='ltr'><strong>videam,</strong></span> <span class='ocrx_word' id='word_1_44' title='bbox 454 479 527 520; x_wconf 92' lang='lat' dir='ltr'><strong>ubi</strong></span> <span class='ocrx_word' id='word_1_45' title='bbox 562 479 744 521; x_wconf 88' lang='lat' dir='ltr'><strong>rhetoris</strong></span> <span class='ocrx_word' id='word_1_46' title='bbox 782 487 899 522; x_wconf 86' lang='lat' dir='ltr'><strong>tanta</strong></span> <span class='ocrx_word' id='word_1_47' title='bbox 932 494 1111 531; x_wconf 83' lang='lat' dir='ltr'><strong>merceS,</strong></span> <span class='ocrx_word' id='word_1_48' title='bbox 1148 481 1222 521; x_wconf 92' lang='lat' dir='ltr'><strong>ubi</strong></span> <span class='ocrx_word' id='word_1_49' title='bbox 1254 495 1432 537; x_wconf 89' lang='lat' dir='ltr'><strong>campus</strong></span> <span class='ocrx_word' id='word_1_50' title='bbox 1462 481 1712 534; x_wconf 82' lang='lat' dir='ltr'><strong>Leontinus,</strong></span> 
     </span>
     <span class='ocr_line' id='line_1_7' title="bbox 155 535 1714 595; baseline 0.001 -18"><span class='ocrx_word' id='word_1_51' title='bbox 155 543 382 592; x_wconf 79' lang='lat' dir='ltr'><strong>appareat..</strong></span> <span class='ocrx_word' id='word_1_52' title='bbox 417 535 625 587; x_wconf 15' lang='lat' dir='ltr'><strong>&#39;Sedebat</strong></span> <span class='ocrx_word' id='word_1_53' title='bbox 645 536 689 576; x_wconf 91' lang='lat' dir='ltr'><strong>in</strong></span> <span class='ocrx_word' id='word_1_54' title='bbox 711 536 880 578; x_wconf 80' lang='lat' dir='ltr'><strong>Rostris</strong></span> <span class='ocrx_word' id='word_1_55' title='bbox 903 538 1072 592; x_wconf 79' lang='lat' dir='ltr'><strong>collega</strong></span> <span class='ocrx_word' id='word_1_56' title='bbox 1091 543 1205 587; x_wconf 85' lang='lat' dir='ltr'><strong>tuus,</strong></span> <span class='ocrx_word' id='word_1_57' title='bbox 1228 536 1411 579; x_wconf 89' lang='lat' dir='ltr'><strong>amictus</strong></span> <span class='ocrx_word' id='word_1_58' title='bbox 1432 538 1538 594; x_wconf 64' lang='lat' dir='ltr'><strong>toga</strong></span> <span class='ocrx_word' id='word_1_59' title='bbox 1556 553 1714 595; x_wconf 89' lang='lat' dir='ltr'><strong>purpu-</strong></span> 
     </span>
     <span class='ocr_line' id='line_1_8' title="bbox 154 592 1710 646; baseline 0.002 -13"><span class='ocrx_word' id='word_1_60' title='bbox 154 593 243 644; x_wconf 65' lang='lat' dir='ltr'><strong>rea,</strong></span> <span class='ocrx_word' id='word_1_61' title='bbox 275 593 318 634; x_wconf 93' lang='lat' dir='ltr'><strong>in</strong></span> <span class='ocrx_word' id='word_1_62' title='bbox 354 592 462 634; x_wconf 71' lang='lat' dir='ltr'><strong>sella</strong></span> <span class='ocrx_word' id='word_1_63' title='bbox 498 595 637 643; x_wconf 64' lang='lat' dir='ltr'><strong>aurea,</strong></span> <span class='ocrx_word' id='word_1_64' title='bbox 670 601 925 635; x_wconf 87' lang='lat' dir='ltr'><strong>coronatus:</strong></span> <span class='ocrx_word' id='word_1_65' title='bbox 957 593 1211 635; x_wconf 87' lang='lat' dir='ltr'><strong>adscendis:</strong></span> <span class='ocrx_word' id='word_1_66' title='bbox 1243 595 1416 635; x_wconf 86' lang='lat' dir='ltr'><strong>accedis</strong></span> <span class='ocrx_word' id='word_1_67' title='bbox 1453 596 1507 636; x_wconf 88' lang='lat' dir='ltr'><strong>ad</strong></span> <span class='ocrx_word' id='word_1_68' title='bbox 1536 595 1710 646; x_wconf 83' lang='lat' dir='ltr'><strong>sellam3</strong></span> 
     </span>
     <span class='ocr_line' id='line_1_9' title="bbox 153 649 1710 706; baseline 0.002 -16"><span class='ocrx_word' id='word_1_69' title='bbox 153 649 234 701; x_wconf 87' lang='lat' dir='ltr'><strong>(ita</strong></span> <span class='ocrx_word' id='word_1_70' title='bbox 247 664 339 691; x_wconf 89' lang='lat' dir='ltr'><strong>eras</strong></span> <span class='ocrx_word' id='word_1_71' title='bbox 357 650 590 706; x_wconf 85' lang='lat' dir='ltr'><strong>Lupercus,</strong></span> <span class='ocrx_word' id='word_1_72' title='bbox 603 657 652 690; x_wconf 91' lang='lat' dir='ltr'><strong>ut</strong></span> <span class='ocrx_word' id='word_1_73' title='bbox 668 657 710 691; x_wconf 88' lang='lat' dir='ltr'><strong>te</strong></span> <span class='ocrx_word' id='word_1_74' title='bbox 725 651 943 691; x_wconf 87' lang='lat' dir='ltr'><strong>consulem</strong></span> <span class='ocrx_word' id='word_1_75' title='bbox 957 665 1051 691; x_wconf 85' lang='lat' dir='ltr'><strong>esse</strong></span> <span class='ocrx_word' id='word_1_76' title='bbox 1065 649 1309 691; x_wconf 85' lang='lat' dir='ltr'><strong>meminisse</strong></span> <span class='ocrx_word' id='word_1_77' title='bbox 1325 651 1542 703; x_wconf 89' lang='lat' dir='ltr'><strong>deberes):</strong></span> <span class='ocrx_word' id='word_1_78' title='bbox 1565 652 1710 693; x_wconf 84' lang='lat' dir='ltr'><strong>diade-</strong></span> 
     </span>
    </p>

    <p class='ocr_par' dir='ltr' id='par_1_4' title="bbox 84 706 1710 877">
     <span class='ocr_line' id='line_1_10' title="bbox 84 706 1709 754; baseline 0.002 -8"><span class='ocrx_word' id='word_1_79' title='bbox 84 713 135 754; x_wconf 86' lang='grc'><strong>10</strong></span> <span class='ocrx_word' id='word_1_80' title='bbox 155 721 223 747; x_wconf 88' lang='lat' dir='ltr'><strong>ma</strong></span> <span class='ocrx_word' id='word_1_81' title='bbox 244 706 450 748; x_wconf 83' lang='lat' dir='ltr'><strong>ostendis.</strong></span> <span class='ocrx_word' id='word_1_82' title='bbox 501 707 697 747; x_wconf 85' lang='lat' dir='ltr'><strong>Gemitus</strong></span> <span class='ocrx_word' id='word_1_83' title='bbox 719 714 811 748; x_wconf 92' lang='lat' dir='ltr'><strong>toto</strong></span> <span class='ocrx_word' id='word_1_84' title='bbox 830 707 934 748; x_wconf 86' lang='lat' dir='ltr'><strong>foro.</strong></span> <span class='ocrx_word' id='word_1_85' title='bbox 968 706 1094 747; x_wconf 87' lang='lat' dir='ltr'><strong>Unde</strong></span> <span class='ocrx_word' id='word_1_86' title='bbox 1115 706 1342 748; x_wconf 74' lang='lat' dir='ltr'><strong>diadema?</strong></span> <span class='ocrx_word' id='word_1_87' title='bbox 1395 722 1481 748; x_wconf 90' lang='lat' dir='ltr'><strong>non</strong></span> <span class='ocrx_word' id='word_1_88' title='bbox 1503 708 1615 749; x_wconf 88' lang='lat' dir='ltr'><strong>enim</strong></span> <span class='ocrx_word' id='word_1_89' title='bbox 1636 709 1709 749; x_wconf 87' lang='lat' dir='ltr'><strong>ab-</strong></span> 
     </span>
     <span class='ocr_line' id='line_1_11' title="bbox 144 763 1710 821; baseline 0.001 -17"><span class='ocrx_word' id='word_1_90' title='bbox 144 763 312 818; x_wconf 86' lang='lat' dir='ltr'><strong>jectum</strong></span> <span class='ocrx_word' id='word_1_91' title='bbox 344 763 591 815; x_wconf 81' lang='lat' dir='ltr'><strong>sustuleras,</strong></span> <span class='ocrx_word' id='word_1_92' title='bbox 623 763 699 804; x_wconf 87' lang='lat' dir='ltr'><strong>sed</strong></span> <span class='ocrx_word' id='word_1_93' title='bbox 730 765 933 805; x_wconf 82' lang='lat' dir='ltr'><strong>attuleras</strong></span> <span class='ocrx_word' id='word_1_94' title='bbox 965 764 1094 805; x_wconf 87' lang='lat' dir='ltr'><strong>domo</strong></span> <span class='ocrx_word' id='word_1_95' title='bbox 1121 763 1375 805; x_wconf 85' lang='lat' dir='ltr'><strong>meditatum</strong></span> <span class='ocrx_word' id='word_1_96' title='bbox 1402 771 1445 805; x_wconf 92' lang='lat' dir='ltr'><strong>et</strong></span> <span class='ocrx_word' id='word_1_97' title='bbox 1470 764 1710 821; x_wconf 81' lang='lat' dir='ltr'><strong>cogitatum</strong></span> 
     </span>
     <span class='ocr_line' id='line_1_12' title="bbox 151 819 1709 877; baseline 0.001 -16"><span class='ocrx_word' id='word_1_98' title='bbox 151 821 307 862; x_wconf 83' lang='lat' dir='ltr'><strong>scelus.</strong></span> <span class='ocrx_word' id='word_1_99' title='bbox 367 819 432 860; x_wconf 94' lang='lat' dir='ltr'><strong>Tu</strong></span> <span class='ocrx_word' id='word_1_100' title='bbox 452 819 651 861; x_wconf 84' lang='lat' dir='ltr'><strong>diadema</strong></span> <span class='ocrx_word' id='word_1_101' title='bbox 670 819 922 876; x_wconf 88' lang='lat' dir='ltr'><strong>imponebas</strong></span> <span class='ocrx_word' id='word_1_102' title='bbox 943 835 1041 861; x_wconf 87' lang='lat' dir='ltr'><strong>cum</strong></span> <span class='ocrx_word' id='word_1_103' title='bbox 1065 821 1296 876; x_wconf 80' lang='lat' dir='ltr'><strong>cplangore</strong></span> <span class='ocrx_word' id='word_1_104' title='bbox 1317 821 1485 877; x_wconf 85' lang='lat' dir='ltr'><strong>populi3</strong></span> <span class='ocrx_word' id='word_1_105' title='bbox 1516 821 1588 863; x_wconf 89' lang='lat' dir='ltr'><strong>ille</strong></span> <span class='ocrx_word' id='word_1_106' title='bbox 1611 836 1709 863; x_wconf 89' lang='lat' dir='ltr'><strong>cum</strong></span> 
     </span>
    </p>

    <p class='ocr_par' dir='ltr' id='par_1_5' title="bbox 104 875 1707 989">
     <span class='ocr_line' id='line_1_13' title="bbox 104 875 1707 935; baseline 0.002 -19"><span class='ocrx_word' id='word_1_107' title='bbox 104 901 106 904; x_wconf 58' lang='lat'>&gt;</span> <span class='ocrx_word' id='word_1_108' title='bbox 132 876 303 932; x_wconf 79' lang='lat' dir='ltr'><strong>plausu</strong></span> <span class='ocrx_word' id='word_1_109' title='bbox 344 876 580 931; x_wconf 82' lang='lat' dir='ltr'><strong>rejiciebat.</strong></span> <span class='ocrx_word' id='word_1_110' title='bbox 651 875 715 917; x_wconf 87' lang='lat' dir='ltr'><strong>Tu</strong></span> <span class='ocrx_word' id='word_1_111' title='bbox 751 892 852 932; x_wconf 82' lang='lat' dir='ltr'><strong>ergo</strong></span> <span class='ocrx_word' id='word_1_112' title='bbox 889 892 1015 929; x_wconf 89' lang='lat' dir='ltr'><strong>unus,</strong></span> <span class='ocrx_word' id='word_1_113' title='bbox 1047 877 1268 928; x_wconf 90' lang='lat' dir='ltr'><strong>scelerate,</strong></span> <span class='ocrx_word' id='word_1_114' title='bbox 1299 877 1495 919; x_wconf 81' lang='lat' dir='ltr'><strong>inventus</strong></span> <span class='ocrx_word' id='word_1_115' title='bbox 1526 893 1587 930; x_wconf 91' lang='lat' dir='ltr'><strong>es,</strong></span> <span class='ocrx_word' id='word_1_116' title='bbox 1619 879 1707 935; x_wconf 83' lang='lat' dir='ltr'><strong>qui,</strong></span> 
     </span>
     <span class='ocr_line' id='line_1_14' title="bbox 150 932 1707 989; baseline 0.002 -16"><span class='ocrx_word' id='word_1_117' title='bbox 150 932 249 974; x_wconf 74' lang='lat' dir='ltr'><strong>cum</strong></span> <span class='ocrx_word' id='word_1_118' title='bbox 280 939 431 973; x_wconf 88' lang='lat' dir='ltr'><strong>auctor</strong></span> <span class='ocrx_word' id='word_1_119' title='bbox 460 932 581 988; x_wconf 77' lang='lat' dir='ltr'><strong>regni</strong></span> <span class='ocrx_word' id='word_1_120' title='bbox 613 947 745 983; x_wconf 80' lang='lat' dir='ltr'><strong>esseS‚</strong></span> <span class='ocrx_word' id='word_1_121' title='bbox 784 948 894 984; x_wconf 90' lang='lat' dir='ltr'><strong>eum,</strong></span> <span class='ocrx_word' id='word_1_122' title='bbox 931 949 1058 989; x_wconf 84' lang='lat' dir='ltr'><strong>quem</strong></span> <span class='ocrx_word' id='word_1_123' title='bbox 1090 933 1301 989; x_wconf 81' lang='lat' dir='ltr'><strong>collegam</strong></span> <span class='ocrx_word' id='word_1_124' title='bbox 1331 934 1536 985; x_wconf 78' lang='lat' dir='ltr'><strong>habebas,</strong></span> <span class='ocrx_word' id='word_1_125' title='bbox 1568 935 1707 977; x_wconf 86' lang='lat' dir='ltr'><strong>dorni-</strong></span> 
     </span>
    </p>

    <p class='ocr_par' dir='ltr' id='par_1_6' title="bbox 78 989 1704 1273">
     <span class='ocr_line' id='line_1_15' title="bbox 78 989 1704 1046; baseline 0.002 -17"><span class='ocrx_word' id='word_1_126' title='bbox 78 995 131 1037; x_wconf 88' lang='lat'><strong>15</strong></span> <span class='ocrx_word' id='word_1_127' title='bbox 149 1003 250 1029; x_wconf 91' lang='lat' dir='ltr'><strong>num</strong></span> <span class='ocrx_word' id='word_1_128' title='bbox 278 989 434 1030; x_wconf 90' lang='lat' dir='ltr'><strong>habere</strong></span> <span class='ocrx_word' id='word_1_129' title='bbox 465 990 618 1039; x_wconf 80' lang='lat' dir='ltr'><strong>velles3</strong></span> <span class='ocrx_word' id='word_1_130' title='bbox 650 996 693 1030; x_wconf 89' lang='lat' dir='ltr'><strong>et</strong></span> <span class='ocrx_word' id='word_1_131' title='bbox 723 989 838 1030; x_wconf 88' lang='lat' dir='ltr'><strong>idem</strong></span> <span class='ocrx_word' id='word_1_132' title='bbox 868 989 1098 1041; x_wconf 81' lang='lat' dir='ltr'><strong>dtentares,</strong></span> <span class='ocrx_word' id='word_1_133' title='bbox 1130 991 1234 1045; x_wconf 87' lang='lat' dir='ltr'><strong>quid</strong></span> <span class='ocrx_word' id='word_1_134' title='bbox 1263 992 1447 1046; x_wconf 89' lang='lat' dir='ltr'><strong>populus</strong></span> <span class='ocrx_word' id='word_1_135' title='bbox 1482 992 1704 1033; x_wconf 88' lang='lat' dir='ltr'><strong>Romanus</strong></span> 
     </span>
     <span class='ocr_line' id='line_1_16' title="bbox 148 1045 1704 1104; baseline 0.003 -18"><span class='ocrx_word' id='word_1_136' title='bbox 148 1046 254 1087; x_wconf 84' lang='lat' dir='ltr'><strong>ferre</strong></span> <span class='ocrx_word' id='word_1_137' title='bbox 278 1052 321 1086; x_wconf 89' lang='lat' dir='ltr'><strong>et</strong></span> <span class='ocrx_word' id='word_1_138' title='bbox 340 1045 429 1101; x_wconf 88' lang='lat' dir='ltr'><strong>pati</strong></span> <span class='ocrx_word' id='word_1_139' title='bbox 450 1052 610 1100; x_wconf 88' lang='lat' dir='ltr'><strong>posset.</strong></span> <span class='ocrx_word' id='word_1_140' title='bbox 671 1046 732 1087; x_wconf 92' lang='lat' dir='ltr'><strong>At</strong></span> <span class='ocrx_word' id='word_1_141' title='bbox 752 1046 882 1086; x_wconf 88' lang='lat' dir='ltr'><strong>etiam</strong></span> <span class='ocrx_word' id='word_1_142' title='bbox 903 1046 1237 1087; x_wconf 84' lang='lat' dir='ltr'><strong>misericordiam</strong></span> <span class='ocrx_word' id='word_1_143' title='bbox 1258 1048 1489 1101; x_wconf 87' lang='lat' dir='ltr'><strong>captabas:</strong></span> <span class='ocrx_word' id='word_1_144' title='bbox 1522 1049 1704 1104; x_wconf 78' lang='lat' dir='ltr'><strong>supplex</strong></span> 
     </span>
     <span class='ocr_line' id='line_1_17' title="bbox 146 1102 1700 1160; baseline 0.001 -16"><span class='ocrx_word' id='word_1_145' title='bbox 146 1109 190 1144; x_wconf 83' lang='lat' dir='ltr'><strong>te</strong></span> <span class='ocrx_word' id='word_1_146' title='bbox 212 1102 267 1143; x_wconf 89' lang='lat' dir='ltr'><strong>ad</strong></span> <span class='ocrx_word' id='word_1_147' title='bbox 287 1102 417 1157; x_wconf 86' lang='lat' dir='ltr'><strong>pedes</strong></span> <span class='ocrx_word' id='word_1_148' title='bbox 435 1102 690 1157; x_wconf 80' lang='lat' dir='ltr'><strong>abjiciebas3</strong></span> <span class='ocrx_word' id='word_1_149' title='bbox 713 1102 817 1159; x_wconf 82' lang='lat' dir='ltr'><strong>quid</strong></span> <span class='ocrx_word' id='word_1_150' title='bbox 834 1104 1007 1159; x_wconf 73' lang='lat' dir='ltr'><strong>petens?</strong></span> <span class='ocrx_word' id='word_1_151' title='bbox 1029 1109 1075 1143; x_wconf 88' lang='lat' dir='ltr'><strong>ut</strong></span> <span class='ocrx_word' id='word_1_152' title='bbox 1090 1102 1294 1144; x_wconf 80' lang='lat' dir='ltr'><strong>servires?</strong></span> <span class='ocrx_word' id='word_1_153' title='bbox 1315 1103 1411 1144; x_wconf 88' lang='lat' dir='ltr'><strong>Tibi</strong></span> <span class='ocrx_word' id='word_1_154' title='bbox 1428 1104 1502 1144; x_wconf 87' lang='lat' dir='ltr'><strong>uni</strong></span> <span class='ocrx_word' id='word_1_155' title='bbox 1518 1112 1700 1160; x_wconf 87' lang='lat' dir='ltr'><strong>peteres,</strong></span> 
     </span>
     <span class='ocr_line' id='line_1_18' title="bbox 147 1159 1702 1215; baseline 0.003 -16"><span class='ocrx_word' id='word_1_156' title='bbox 147 1159 222 1215; x_wconf 91' lang='lat' dir='ltr'><strong>qui</strong></span> <span class='ocrx_word' id='word_1_157' title='bbox 252 1159 312 1199; x_wconf 88' lang='lat' dir='ltr'><strong>ita</strong></span> <span class='ocrx_word' id='word_1_158' title='bbox 346 1159 372 1199; x_wconf 70' lang='lat' dir='ltr'><strong>a</strong></span> <span class='ocrx_word' id='word_1_159' title='bbox 401 1174 531 1214; x_wconf 90' lang='lat' dir='ltr'><strong>puero</strong></span> <span class='ocrx_word' id='word_1_160' title='bbox 562 1159 741 1211; x_wconf 85' lang='lat' dir='ltr'><strong>vixeras,</strong></span> <span class='ocrx_word' id='word_1_161' title='bbox 773 1166 822 1200; x_wconf 89' lang='lat' dir='ltr'><strong>ut</strong></span> <span class='ocrx_word' id='word_1_162' title='bbox 851 1159 995 1201; x_wconf 86' lang='lat' dir='ltr'><strong>omnia</strong></span> <span class='ocrx_word' id='word_1_163' title='bbox 1023 1166 1230 1215; x_wconf 86' lang='lat' dir='ltr'><strong>paterere,</strong></span> <span class='ocrx_word' id='word_1_164' title='bbox 1261 1166 1310 1201; x_wconf 92' lang='lat' dir='ltr'><strong>ut</strong></span> <span class='ocrx_word' id='word_1_165' title='bbox 1339 1160 1467 1202; x_wconf 77' lang='lat' dir='ltr'><strong>facile</strong></span> <span class='ocrx_word' id='word_1_166' title='bbox 1499 1161 1702 1204; x_wconf 80' lang='lat' dir='ltr'><strong>serviresz</strong></span> 
     </span>
     <span class='ocr_line' id='line_1_19' title="bbox 147 1215 1704 1273; baseline 0.003 -17"><span class='ocrx_word' id='word_1_167' title='bbox 147 1215 175 1256; x_wconf 71' lang='lat' dir='ltr'><strong>a</strong></span> <span class='ocrx_word' id='word_1_168' title='bbox 213 1215 337 1257; x_wconf 89' lang='lat' dir='ltr'><strong>nobis</strong></span> <span class='ocrx_word' id='word_1_169' title='bbox 377 1216 623 1273; x_wconf 88' lang='lat' dir='ltr'><strong>populoque</strong></span> <span class='ocrx_word' id='word_1_170' title='bbox 668 1216 866 1259; x_wconf 89' lang='lat' dir='ltr'><strong>Romano</strong></span> <span class='ocrx_word' id='word_1_171' title='bbox 907 1216 1157 1258; x_wconf 87' lang='lat' dir='ltr'><strong>mandatum</strong></span> <span class='ocrx_word' id='word_1_172' title='bbox 1195 1216 1240 1258; x_wconf 83' lang='lat' dir='ltr'><strong>id</strong></span> <span class='ocrx_word' id='word_1_173' title='bbox 1279 1216 1393 1259; x_wconf 75' lang='lat' dir='ltr'><strong>certe</strong></span> <span class='ocrx_word' id='word_1_174' title='bbox 1424 1232 1510 1259; x_wconf 89' lang='lat' dir='ltr'><strong>non</strong></span> <span class='ocrx_word' id='word_1_175' title='bbox 1571 1218 1704 1260; x_wconf 84' lang='lat' dir='ltr'><strong>habe-</strong></span> 
     </span>
    </p>
   </div>
   <div class='ocr_carea' id='block_1_3' title="bbox 279 1404 1578 1460">
    <p class='ocr_par' dir='ltr' id='par_1_7' title="bbox 279 1404 1578 1460">
     <span class='ocr_line' id='line_1_20' title="bbox 279 1404 1578 1460; baseline 0.002 -14"><span class='ocrx_word' id='word_1_176' title='bbox 279 1406 613 1459; x_wconf 61' lang='lat' dir='ltr'><strong>“turpissimam</strong></span> <span class='ocrx_word' id='word_1_177' title='bbox 701 1404 900 1448; x_wconf 66' lang='lat' dir='ltr'><strong>bevomat.</strong></span> <span class='ocrx_word' id='word_1_178' title='bbox 990 1408 1190 1460; x_wconf 57' lang='lat' dir='ltr'><strong>‘gemma</strong></span> <span class='ocrx_word' id='word_1_179' title='bbox 1280 1404 1578 1460; x_wconf 53' lang='lat' dir='ltr'><strong>“aperiret-is.</strong></span> 
     </span>
    </p>
   </div>
   <div class='ocr_carea' id='block_1_4' title="bbox 141 1573 901 1876">
    <p class='ocr_par' dir='ltr' id='par_1_8' title="bbox 141 1573 901 1876">
     <span class='ocr_line' id='line_1_21' title="bbox 186 1573 901 1618; baseline 0.001 -11"><span class='ocrx_word' id='word_1_180' title='bbox 186 1578 219 1607; x_wconf 68' lang='grc' dir='ltr'><strong>Ξ.</strong></span> <span class='ocrx_word' id='word_1_181' title='bbox 254 1573 456 1618; x_wconf 65' lang='lat' dir='ltr'><strong>Lupmalia]</strong></span> <span class='ocrx_word' id='word_1_182' title='bbox 502 1576 686 1618; x_wconf 86' lang='lat' dir='ltr'><strong>Lupercalia</strong></span> <span class='ocrx_word' id='word_1_183' title='bbox 707 1588 793 1609; x_wconf 86' lang='lat' dir='ltr'><strong>sacra</strong></span> <span class='ocrx_word' id='word_1_184' title='bbox 815 1588 901 1618; x_wconf 86' lang='lat' dir='ltr'><strong>quae-</strong></span> 
     </span>
     <span class='ocr_line' id='line_1_22' title="bbox 143 1619 901 1661; baseline 0.003 -12"><span class='ocrx_word' id='word_1_185' title='bbox 143 1619 216 1650; x_wconf 81' lang='lat' dir='ltr'><strong>dam</strong></span> <span class='ocrx_word' id='word_1_186' title='bbox 240 1620 374 1659; x_wconf 84' lang='lat' dir='ltr'><strong>fuerunt,</strong></span> <span class='ocrx_word' id='word_1_187' title='bbox 398 1631 468 1661; x_wconf 81' lang='lat' dir='ltr'><strong>quae</strong></span> <span class='ocrx_word' id='word_1_188' title='bbox 484 1631 589 1652; x_wconf 89' lang='lat' dir='ltr'><strong>mense</strong></span> <span class='ocrx_word' id='word_1_189' title='bbox 605 1620 772 1651; x_wconf 83' lang='lat' dir='ltr'><strong>Februario</strong></span> <span class='ocrx_word' id='word_1_190' title='bbox 798 1621 816 1651; x_wconf 69' lang='grc' dir='ltr'><strong>εἰ</strong></span> <span class='ocrx_word' id='word_1_191' title='bbox 839 1621 901 1651; x_wconf 92' lang='lat' dir='ltr'><strong>Lu-</strong></span> 
     </span>
     <span class='ocr_line' id='line_1_23' title="bbox 141 1662 900 1704; baseline 0.005 -13"><span class='ocrx_word' id='word_1_192' title='bbox 141 1662 255 1702; x_wconf 79' lang='lat' dir='ltr'><strong>percis,</strong></span> <span class='ocrx_word' id='word_1_193' title='bbox 278 1663 310 1693; x_wconf 84' lang='lat' dir='ltr'><strong>id</strong></span> <span class='ocrx_word' id='word_1_194' title='bbox 335 1669 393 1699; x_wconf 86' lang='lat' dir='ltr'><strong>est,</strong></span> <span class='ocrx_word' id='word_1_195' title='bbox 416 1664 628 1694; x_wconf 81' lang='lat' dir='ltr'><strong>sacerdotibus</strong></span> <span class='ocrx_word' id='word_1_196' title='bbox 645 1664 760 1701; x_wconf 87' lang='lat' dir='ltr'><strong>Panos,</strong></span> <span class='ocrx_word' id='word_1_197' title='bbox 782 1664 816 1694; x_wconf 88' lang='lat' dir='ltr'><strong>in</strong></span> <span class='ocrx_word' id='word_1_198' title='bbox 831 1663 900 1704; x_wconf 89' lang='lat' dir='ltr'><strong>ejus</strong></span> 
     </span>
     <span class='ocr_line' id='line_1_24' title="bbox 142 1705 899 1746; baseline 0.004 -12"><span class='ocrx_word' id='word_1_199' title='bbox 142 1705 290 1735; x_wconf 86' lang='lat' dir='ltr'><strong>honorem</strong></span> <span class='ocrx_word' id='word_1_200' title='bbox 312 1706 556 1737; x_wconf 87' lang='lat' dir='ltr'><strong>celebrabantur.</strong></span> <span class='ocrx_word' id='word_1_201' title='bbox 601 1706 697 1746; x_wconf 82' lang='lat' dir='ltr'><strong>Nam,</strong></span> <span class='ocrx_word' id='word_1_202' title='bbox 723 1714 756 1737; x_wconf 85' lang='lat' dir='ltr'><strong>ut</strong></span> <span class='ocrx_word' id='word_1_203' title='bbox 770 1707 814 1737; x_wconf 86' lang='lat' dir='ltr'><strong>ait</strong></span> <span class='ocrx_word' id='word_1_204' title='bbox 829 1706 899 1737; x_wconf 88' lang='lat' dir='ltr'><strong>Ser-</strong></span> 
     </span>
     <span class='ocr_line' id='line_1_25' title="bbox 142 1748 900 1791; baseline 0.004 -14"><span class='ocrx_word' id='word_1_205' title='bbox 142 1748 211 1778; x_wconf 87' lang='lat' dir='ltr'><strong>vius</strong></span> <span class='ocrx_word' id='word_1_206' title='bbox 234 1748 265 1778; x_wconf 90' lang='lat' dir='ltr'><strong>in</strong></span> <span class='ocrx_word' id='word_1_207' title='bbox 281 1748 334 1780; x_wconf 88' lang='lat' dir='ltr'><strong>lib.</strong></span> <span class='ocrx_word' id='word_1_208' title='bbox 353 1751 383 1778; x_wconf 90' lang='lat'><strong>8.</strong></span> <span class='ocrx_word' id='word_1_209' title='bbox 408 1749 540 1785; x_wconf 77' lang='lat' dir='ltr'><strong>AEne&#39;r&#39;d,</strong></span> <span class='ocrx_word' id='word_1_210' title='bbox 556 1749 631 1779; x_wconf 87' lang='lat' dir='ltr'><strong>dum</strong></span> <span class='ocrx_word' id='word_1_211' title='bbox 647 1750 698 1780; x_wconf 87' lang='lat' dir='ltr'><strong>illa</strong></span> <span class='ocrx_word' id='word_1_212' title='bbox 716 1761 900 1791; x_wconf 83' lang='lat' dir='ltr'><strong>perageren-</strong></span> 
     </span>
     <span class='ocr_line' id='line_1_26' title="bbox 141 1792 899 1831; baseline 0.004 -11"><span class='ocrx_word' id='word_1_213' title='bbox 141 1795 191 1820; x_wconf 83' lang='lat' dir='ltr'><strong>tur</strong></span> <span class='ocrx_word' id='word_1_214' title='bbox 223 1792 394 1831; x_wconf 88' lang='lat' dir='ltr'><strong>quondam,</strong></span> <span class='ocrx_word' id='word_1_215' title='bbox 429 1802 541 1831; x_wconf 83' lang='lat' dir='ltr'><strong>pecora</strong></span> <span class='ocrx_word' id='word_1_216' title='bbox 566 1792 776 1823; x_wconf 81' lang='lat' dir='ltr'><strong>Romanorum</strong></span> <span class='ocrx_word' id='word_1_217' title='bbox 798 1793 899 1824; x_wconf 73' lang='lat' dir='ltr'><strong>subito</strong></span> 
     </span>
     <span class='ocr_line' id='line_1_27' title="bbox 142 1832 899 1876; baseline 0.004 -13"><span class='ocrx_word' id='word_1_218' title='bbox 142 1832 162 1862; x_wconf 65' lang='lat' dir='ltr'><strong>a</strong></span> <span class='ocrx_word' id='word_1_219' title='bbox 177 1833 344 1864; x_wconf 84' lang='lat' dir='ltr'><strong>latronibus</strong></span> <span class='ocrx_word' id='word_1_220' title='bbox 357 1839 445 1875; x_wconf 85' lang='lat' dir='ltr'><strong>rapta</strong></span> <span class='ocrx_word' id='word_1_221' title='bbox 460 1841 540 1867; x_wconf 87' lang='lat' dir='ltr'><strong>sunt.</strong></span> <span class='ocrx_word' id='word_1_222' title='bbox 586 1835 649 1875; x_wconf 87' lang='lat' dir='ltr'><strong>Illi,</strong></span> <span class='ocrx_word' id='word_1_223' title='bbox 671 1835 815 1876; x_wconf 82' lang='lat' dir='ltr'><strong>projectis</strong></span> <span class='ocrx_word' id='word_1_224' title='bbox 830 1847 899 1866; x_wconf 86' lang='lat' dir='ltr'><strong>ves-</strong></span> 
     </span>
    </p>
   </div>
   <div class='ocr_carea' id='block_1_5' title="bbox 941 1574 1707 1780">
    <p class='ocr_par' dir='ltr' id='par_1_9' title="bbox 941 1574 1707 1703">
     <span class='ocr_line' id='line_1_28' title="bbox 943 1574 1703 1618; baseline 0 -10"><span class='ocrx_word' id='word_1_225' title='bbox 943 1576 997 1608; x_wconf 70' lang='lat' dir='ltr'><strong>rea</strong></span> <span class='ocrx_word' id='word_1_226' title='bbox 1020 1587 1107 1618; x_wconf 83' lang='lat' dir='ltr'><strong>reges</strong></span> <span class='ocrx_word' id='word_1_227' title='bbox 1138 1577 1316 1614; x_wconf 82' lang='lat' dir='ltr'><strong>utebantur,</strong></span> <span class='ocrx_word' id='word_1_228' title='bbox 1350 1587 1443 1618; x_wconf 85' lang='lat' dir='ltr'><strong>quam</strong></span> <span class='ocrx_word' id='word_1_229' title='bbox 1468 1574 1562 1608; x_wconf 85' lang='lat' dir='ltr'><strong>etiam</strong></span> <span class='ocrx_word' id='word_1_230' title='bbox 1586 1576 1703 1609; x_wconf 74' lang='lat' dir='ltr'><strong>Caesari</strong></span> 
     </span>
     <span class='ocr_line' id='line_1_29' title="bbox 942 1618 1707 1661; baseline 0 -11"><span class='ocrx_word' id='word_1_231' title='bbox 942 1625 1067 1651; x_wconf 77' lang='lat' dir='ltr'><strong>senatus</strong></span> <span class='ocrx_word' id='word_1_232' title='bbox 1076 1621 1226 1656; x_wconf 86' lang='lat' dir='ltr'><strong>decrevit,</strong></span> <span class='ocrx_word' id='word_1_233' title='bbox 1234 1631 1303 1651; x_wconf 92' lang='lat' dir='ltr'><strong>cum</strong></span> <span class='ocrx_word' id='word_1_234' title='bbox 1311 1625 1465 1661; x_wconf 83' lang='lat' dir='ltr'><strong>potestate</strong></span> <span class='ocrx_word' id='word_1_235' title='bbox 1476 1619 1628 1661; x_wconf 67' lang='lat' dir='ltr'><strong>perpetuo</strong></span> <span class='ocrx_word' id='word_1_236' title='bbox 1637 1618 1707 1651; x_wconf 85' lang='lat' dir='ltr'><strong>lau-</strong></span> 
     </span>
     <span class='ocr_line' id='line_1_30' title="bbox 941 1663 1688 1703; baseline 0.001 -10"><span class='ocrx_word' id='word_1_237' title='bbox 941 1673 1024 1694; x_wconf 85' lang='lat' dir='ltr'><strong>ream</strong></span> <span class='ocrx_word' id='word_1_238' title='bbox 1037 1674 1194 1699; x_wconf 88' lang='lat' dir='ltr'><strong>coronam,</strong></span> <span class='ocrx_word' id='word_1_239' title='bbox 1207 1668 1239 1693; x_wconf 90' lang='lat' dir='ltr'><strong>et</strong></span> <span class='ocrx_word' id='word_1_240' title='bbox 1251 1673 1375 1694; x_wconf 85' lang='lat' dir='ltr'><strong>auream</strong></span> <span class='ocrx_word' id='word_1_241' title='bbox 1390 1663 1422 1693; x_wconf 91' lang='lat' dir='ltr'><strong>in</strong></span> <span class='ocrx_word' id='word_1_242' title='bbox 1436 1663 1517 1694; x_wconf 90' lang='lat' dir='ltr'><strong>ludis</strong></span> <span class='ocrx_word' id='word_1_243' title='bbox 1529 1664 1688 1703; x_wconf 79' lang='lat' dir='ltr'><strong>gestandi.</strong></span> 
     </span>
    </p>

    <p class='ocr_par' dir='ltr' id='par_1_10' title="bbox 945 1706 1703 1780">
     <span class='ocr_line' id='line_1_31' title="bbox 985 1706 1703 1747; baseline 0.001 -11"><span class='ocrx_word' id='word_1_244' title='bbox 985 1706 1034 1736; x_wconf 63' lang='grc' dir='ltr'><strong>ΙΙ).</strong></span> <span class='ocrx_word' id='word_1_245' title='bbox 1068 1707 1249 1747; x_wconf 74' lang='lat' dir='ltr'><strong>Adscendis]</strong></span> <span class='ocrx_word' id='word_1_246' title='bbox 1311 1706 1489 1737; x_wconf 87' lang='lat' dir='ltr'><strong>Adscendit</strong></span> <span class='ocrx_word' id='word_1_247' title='bbox 1518 1707 1558 1737; x_wconf 88' lang='lat' dir='ltr'><strong>ad</strong></span> <span class='ocrx_word' id='word_1_248' title='bbox 1585 1706 1703 1737; x_wconf 86' lang='lat' dir='ltr'><strong>Rostra</strong></span> 
     </span>
     <span class='ocr_line' id='line_1_32' title="bbox 945 1751 1114 1780; baseline 0.006 -1"><span class='ocrx_word' id='word_1_249' title='bbox 945 1751 1114 1780; x_wconf 80' lang='lat' dir='ltr'><strong>Antonius.</strong></span> 
     </span>
    </p>
   </div>
   <div class='ocr_carea' id='block_1_6' title="bbox 945 1791 1703 1865">
    <p class='ocr_par' dir='ltr' id='par_1_11' title="bbox 945 1791 1703 1865">
     <span class='ocr_line' id='line_1_33' title="bbox 945 1791 1703 1865; baseline 0.003 -43"><span class='ocrx_word' id='word_1_250' title='bbox 945 1834 971 1865; x_wconf 81' lang='lat' dir='ltr'>C</span> <span class='ocrx_word' id='word_1_251' title='bbox 988 1792 1036 1822; x_wconf 88' lang='lat' dir='ltr'><strong>Ib.</strong></span> <span class='ocrx_word' id='word_1_252' title='bbox 1061 1793 1178 1824; x_wconf 79' lang='lat' dir='ltr'><strong>Accedis</strong></span> <span class='ocrx_word' id='word_1_253' title='bbox 1198 1792 1235 1823; x_wconf 80' lang='lat' dir='ltr'><strong>ad</strong></span> <span class='ocrx_word' id='word_1_254' title='bbox 1249 1792 1374 1832; x_wconf 67' lang='lat' dir='ltr'><strong>sellam]</strong></span> <span class='ocrx_word' id='word_1_255' title='bbox 1424 1791 1463 1823; x_wconf 88' lang='lat' dir='ltr'><strong>In</strong></span> <span class='ocrx_word' id='word_1_256' title='bbox 1486 1792 1549 1834; x_wconf 67' lang='lat' dir='ltr'><strong>qua</strong></span> <span class='ocrx_word' id='word_1_257' title='bbox 1571 1793 1703 1824; x_wconf 85' lang='lat' dir='ltr'><strong>sedebat</strong></span> 
     </span>
     <span class='ocr_line' id='line_1_34' title="bbox 974 1845 1060 1865; baseline 0.012 -1"><span class='ocrx_word' id='word_1_258' title='bbox 974 1845 1060 1865; x_wconf 79' lang='lat' dir='ltr'><strong>aesar.</strong></span> 
     </span>
    </p>
   </div>
   <div class='ocr_carea' id='block_1_7' title="bbox 139 1876 900 2864">
    <p class='ocr_par' dir='ltr' id='par_1_12' title="bbox 140 1876 899 2176">
     <span class='ocr_line' id='line_1_35' title="bbox 140 1876 899 1919; baseline 0.004 -13"><span class='ocrx_word' id='word_1_259' title='bbox 140 1876 236 1915; x_wconf 85' lang='lat' dir='ltr'><strong>tibus,</strong></span> <span class='ocrx_word' id='word_1_260' title='bbox 260 1876 393 1907; x_wconf 90' lang='lat' dir='ltr'><strong>latrones</strong></span> <span class='ocrx_word' id='word_1_261' title='bbox 423 1878 576 1918; x_wconf 84' lang='lat' dir='ltr'><strong>persecuti</strong></span> <span class='ocrx_word' id='word_1_262' title='bbox 600 1883 683 1914; x_wconf 84' lang='lat' dir='ltr'><strong>sunt,</strong></span> <span class='ocrx_word' id='word_1_263' title='bbox 706 1879 816 1919; x_wconf 89' lang='lat' dir='ltr'><strong>quibus</strong></span> <span class='ocrx_word' id='word_1_264' title='bbox 841 1889 899 1919; x_wconf 91' lang='lat' dir='ltr'><strong>op-</strong></span> 
     </span>
     <span class='ocr_line' id='line_1_36' title="bbox 140 1920 897 1962; baseline 0.003 -13"><span class='ocrx_word' id='word_1_265' title='bbox 140 1920 266 1959; x_wconf 81' lang='lat' dir='ltr'><strong>pressis,</strong></span> <span class='ocrx_word' id='word_1_266' title='bbox 289 1930 326 1950; x_wconf 75' lang='lat' dir='ltr'><strong>ac</strong></span> <span class='ocrx_word' id='word_1_267' title='bbox 348 1921 480 1959; x_wconf 80' lang='lat' dir='ltr'><strong>receptis</strong></span> <span class='ocrx_word' id='word_1_268' title='bbox 497 1921 670 1960; x_wconf 83' lang='lat' dir='ltr'><strong>pecoribus,</strong></span> <span class='ocrx_word' id='word_1_269' title='bbox 694 1927 820 1962; x_wconf 88' lang='lat' dir='ltr'><strong>propter</strong></span> <span class='ocrx_word' id='word_1_270' title='bbox 835 1924 897 1952; x_wconf 83' lang='lat' dir='ltr'><strong>reni</strong></span> 
     </span>
     <span class='ocr_line' id='line_1_37' title="bbox 140 1962 897 2003; baseline 0.003 -11"><span class='ocrx_word' id='word_1_271' title='bbox 140 1962 221 1992; x_wconf 72' lang='lat' dir='ltr'><strong>bene</strong></span> <span class='ocrx_word' id='word_1_272' title='bbox 238 1968 357 2003; x_wconf 85' lang='lat' dir='ltr'><strong>gestam</strong></span> <span class='ocrx_word' id='word_1_273' title='bbox 377 1963 394 1993; x_wconf 70' lang='lat' dir='ltr'><strong>a</strong></span> <span class='ocrx_word' id='word_1_274' title='bbox 415 1964 517 1999; x_wconf 87' lang='lat' dir='ltr'><strong>nudis,</strong></span> <span class='ocrx_word' id='word_1_275' title='bbox 540 1965 734 1994; x_wconf 88' lang='lat' dir='ltr'><strong>consuetudo</strong></span> <span class='ocrx_word' id='word_1_276' title='bbox 756 1964 897 2000; x_wconf 88' lang='lat' dir='ltr'><strong>invaluit,</strong></span> 
     </span>
     <span class='ocr_line' id='line_1_38' title="bbox 141 2006 897 2047; baseline 0.003 -13"><span class='ocrx_word' id='word_1_277' title='bbox 141 2011 176 2035; x_wconf 89' lang='lat' dir='ltr'><strong>ut</strong></span> <span class='ocrx_word' id='word_1_278' title='bbox 198 2006 273 2035; x_wconf 90' lang='lat' dir='ltr'><strong>nudi</strong></span> <span class='ocrx_word' id='word_1_279' title='bbox 298 2006 483 2047; x_wconf 82' lang='lat' dir='ltr'><strong>Lupercalia</strong></span> <span class='ocrx_word' id='word_1_280' title='bbox 510 2006 713 2037; x_wconf 84' lang='lat' dir='ltr'><strong>celebrarent.</strong></span> <span class='ocrx_word' id='word_1_281' title='bbox 782 2007 897 2037; x_wconf 83' lang='lat' dir='ltr'><strong>Eorum</strong></span> 
     </span>
     <span class='ocr_line' id='line_1_39' title="bbox 141 2048 898 2088; baseline 0.005 -11"><span class='ocrx_word' id='word_1_282' title='bbox 141 2048 257 2088; x_wconf 82' lang='lat' dir='ltr'><strong>primus</strong></span> <span class='ocrx_word' id='word_1_283' title='bbox 279 2048 433 2078; x_wconf 83' lang='lat' dir='ltr'><strong>institutor</strong></span> <span class='ocrx_word' id='word_1_284' title='bbox 448 2048 600 2080; x_wconf 87' lang='lat' dir='ltr'><strong>Romulus</strong></span> <span class='ocrx_word' id='word_1_285' title='bbox 623 2049 640 2078; x_wconf 73' lang='lat' dir='ltr'><strong>a</strong></span> <span class='ocrx_word' id='word_1_286' title='bbox 661 2049 789 2080; x_wconf 85' lang='lat' dir='ltr'><strong>Valerio</strong></span> <span class='ocrx_word' id='word_1_287' title='bbox 808 2050 898 2081; x_wconf 76' lang='lat' dir='ltr'><strong>Max.</strong></span> 
     </span>
     <span class='ocr_line' id='line_1_40' title="bbox 141 2091 898 2132; baseline 0.004 -12"><span class='ocrx_word' id='word_1_288' title='bbox 141 2091 274 2128; x_wconf 82' lang='lat' dir='ltr'><strong>dicitur;</strong></span> <span class='ocrx_word' id='word_1_289' title='bbox 305 2091 432 2132; x_wconf 81' lang='lat' dir='ltr'><strong>vultque</strong></span> <span class='ocrx_word' id='word_1_290' title='bbox 455 2092 486 2122; x_wconf 90' lang='lat' dir='ltr'><strong>in</strong></span> <span class='ocrx_word' id='word_1_291' title='bbox 511 2093 689 2123; x_wconf 85' lang='lat' dir='ltr'><strong>memoriam</strong></span> <span class='ocrx_word' id='word_1_292' title='bbox 712 2092 841 2123; x_wconf 87' lang='lat' dir='ltr'><strong>Romuli</strong></span> <span class='ocrx_word' id='word_1_293' title='bbox 867 2099 898 2123; x_wconf 86' lang='lat' dir='ltr'><strong>et</strong></span> 
     </span>
     <span class='ocr_line' id='line_1_41' title="bbox 140 2133 755 2176; baseline 0.003 -13"><span class='ocrx_word' id='word_1_294' title='bbox 140 2133 250 2171; x_wconf 87' lang='lat' dir='ltr'><strong>Remi,</strong></span> <span class='ocrx_word' id='word_1_295' title='bbox 267 2134 447 2164; x_wconf 86' lang='lat' dir='ltr'><strong>nutritorum</strong></span> <span class='ocrx_word' id='word_1_296' title='bbox 461 2135 479 2164; x_wconf 67' lang='grc' dir='ltr'><strong>εἶ</strong></span> <span class='ocrx_word' id='word_1_297' title='bbox 496 2134 581 2176; x_wconf 67' lang='lat' dir='ltr'><strong>lupa,</strong></span> <span class='ocrx_word' id='word_1_298' title='bbox 597 2135 755 2165; x_wconf 81' lang='lat' dir='ltr'><strong>celebrari.</strong></span> 
     </span>
    </p>

    <p class='ocr_par' dir='ltr' id='par_1_13' title="bbox 139 2177 898 2379">
     <span class='ocr_line' id='line_1_42' title="bbox 184 2177 898 2219; baseline 0.003 -12"><span class='ocrx_word' id='word_1_299' title='bbox 184 2180 215 2207; x_wconf 84' lang='lat'><strong>4.</strong></span> <span class='ocrx_word' id='word_1_300' title='bbox 241 2177 362 2207; x_wconf 69' lang='lat' dir='ltr'><strong>Portica</strong></span> <span class='ocrx_word' id='word_1_301' title='bbox 383 2177 544 2219; x_wconf 57' lang='lat' dir='ltr'><strong>Minucia]</strong></span> <span class='ocrx_word' id='word_1_302' title='bbox 590 2178 730 2209; x_wconf 82' lang='lat' dir='ltr'><strong>Porticus</strong></span> <span class='ocrx_word' id='word_1_303' title='bbox 752 2178 805 2209; x_wconf 85' lang='lat' dir='ltr'><strong>illa</strong></span> <span class='ocrx_word' id='word_1_304' title='bbox 831 2179 898 2209; x_wconf 86' lang='lat' dir='ltr'><strong>Mi-</strong></span> 
     </span>
     <span class='ocr_line' id='line_1_43' title="bbox 141 2219 894 2263; baseline 0.004 -14"><span class='ocrx_word' id='word_1_305' title='bbox 141 2220 233 2250; x_wconf 83' lang='lat' dir='ltr'><strong>nucia</strong></span> <span class='ocrx_word' id='word_1_306' title='bbox 257 2220 288 2249; x_wconf 89' lang='lat' dir='ltr'><strong>in</strong></span> <span class='ocrx_word' id='word_1_307' title='bbox 312 2219 394 2250; x_wconf 67' lang='lat' dir='ltr'><strong>nona</strong></span> <span class='ocrx_word' id='word_1_308' title='bbox 411 2221 503 2251; x_wconf 84' lang='lat' dir='ltr'><strong>Urbis</strong></span> <span class='ocrx_word' id='word_1_309' title='bbox 520 2221 645 2261; x_wconf 76' lang='lat' dir='ltr'><strong>regione</strong></span> <span class='ocrx_word' id='word_1_310' title='bbox 662 2221 730 2255; x_wconf 84' lang='lat' dir='ltr'><strong>fuit,</strong></span> <span class='ocrx_word' id='word_1_311' title='bbox 746 2232 816 2263; x_wconf 76' lang='lat' dir='ltr'><strong>quae</strong></span> <span class='ocrx_word' id='word_1_312' title='bbox 829 2222 894 2252; x_wconf 87' lang='lat' dir='ltr'><strong>Mi-</strong></span> 
     </span>
     <span class='ocr_line' id='line_1_44' title="bbox 140 2262 895 2304; baseline 0.004 -12"><span class='ocrx_word' id='word_1_313' title='bbox 140 2263 235 2293; x_wconf 86' lang='lat' dir='ltr'><strong>nucia</strong></span> <span class='ocrx_word' id='word_1_314' title='bbox 247 2262 295 2293; x_wconf 87' lang='lat' dir='ltr'><strong>vel</strong></span> <span class='ocrx_word' id='word_1_315' title='bbox 311 2263 330 2292; x_wconf 67' lang='lat' dir='ltr'><strong>a</strong></span> <span class='ocrx_word' id='word_1_316' title='bbox 347 2263 435 2303; x_wconf 69' lang='lat' dir='ltr'><strong>porta</strong></span> <span class='ocrx_word' id='word_1_317' title='bbox 452 2264 537 2294; x_wconf 84' lang='lat' dir='ltr'><strong>dicta</strong></span> <span class='ocrx_word' id='word_1_318' title='bbox 552 2269 608 2300; x_wconf 84' lang='lat' dir='ltr'><strong>est,</strong></span> <span class='ocrx_word' id='word_1_319' title='bbox 625 2264 674 2294; x_wconf 90' lang='lat' dir='ltr'><strong>vel</strong></span> <span class='ocrx_word' id='word_1_320' title='bbox 691 2265 729 2294; x_wconf 90' lang='lat' dir='ltr'><strong>ab</strong></span> <span class='ocrx_word' id='word_1_321' title='bbox 743 2264 895 2304; x_wconf 71' lang='lat' dir='ltr'><strong>arajuxta</strong></span> 
     </span>
     <span class='ocr_line' id='line_1_45' title="bbox 139 2305 896 2348; baseline 0.004 -13"><span class='ocrx_word' id='word_1_322' title='bbox 139 2305 236 2340; x_wconf 89' lang='lat' dir='ltr'><strong>illam,</strong></span> <span class='ocrx_word' id='word_1_323' title='bbox 259 2317 330 2346; x_wconf 81' lang='lat' dir='ltr'><strong>quae</strong></span> <span class='ocrx_word' id='word_1_324' title='bbox 351 2307 494 2337; x_wconf 88' lang='lat' dir='ltr'><strong>Minucio</strong></span> <span class='ocrx_word' id='word_1_325' title='bbox 508 2318 595 2338; x_wconf 86' lang='lat' dir='ltr'><strong>sacra</strong></span> <span class='ocrx_word' id='word_1_326' title='bbox 609 2307 677 2343; x_wconf 81' lang='lat' dir='ltr'><strong>suit,</strong></span> <span class='ocrx_word' id='word_1_327' title='bbox 693 2318 786 2348; x_wconf 86' lang='lat' dir='ltr'><strong>quem</strong></span> <span class='ocrx_word' id='word_1_328' title='bbox 803 2308 896 2338; x_wconf 87' lang='lat' dir='ltr'><strong>deum</strong></span> 
     </span>
     <span class='ocr_line' id='line_1_46' title="bbox 141 2347 448 2379; baseline 0.003 -1"><span class='ocrx_word' id='word_1_329' title='bbox 141 2347 279 2379; x_wconf 85' lang='lat' dir='ltr'><strong>Romani</strong></span> <span class='ocrx_word' id='word_1_330' title='bbox 293 2349 448 2379; x_wconf 87' lang='lat' dir='ltr'><strong>colebant.</strong></span> 
     </span>
    </p>

    <p class='ocr_par' dir='ltr' id='par_1_14' title="bbox 142 2391 896 2477">
     <span class='ocr_line' id='line_1_47' title="bbox 186 2391 896 2434; baseline 0.004 -13"><span class='ocrx_word' id='word_1_331' title='bbox 186 2394 217 2422; x_wconf 86' lang='lat'><strong>6.</strong></span> <span class='ocrx_word' id='word_1_332' title='bbox 244 2391 301 2421; x_wconf 82' lang='lat' dir='ltr'><strong>Ubi</strong></span> <span class='ocrx_word' id='word_1_333' title='bbox 325 2393 475 2434; x_wconf 51' lang='lat' dir='ltr'><strong>rhetoris]</strong></span> <span class='ocrx_word' id='word_1_334' title='bbox 530 2393 655 2423; x_wconf 82' lang='lat' dir='ltr'><strong>Sextum</strong></span> <span class='ocrx_word' id='word_1_335' title='bbox 683 2393 830 2424; x_wconf 89' lang='lat' dir='ltr'><strong>Clodium</strong></span> <span class='ocrx_word' id='word_1_336' title='bbox 849 2393 896 2424; x_wconf 89' lang='lat' dir='ltr'><strong>in-</strong></span> 
     </span>
     <span class='ocr_line' id='line_1_48' title="bbox 142 2433 794 2477; baseline 0.006 -14"><span class='ocrx_word' id='word_1_337' title='bbox 142 2433 255 2475; x_wconf 81' lang='lat' dir='ltr'><strong>telligit</strong></span> <span class='ocrx_word' id='word_1_338' title='bbox 269 2435 423 2465; x_wconf 85' lang='lat' dir='ltr'><strong>rhetorem</strong></span> <span class='ocrx_word' id='word_1_339' title='bbox 437 2446 536 2472; x_wconf 89' lang='lat' dir='ltr'><strong>suum,</strong></span> <span class='ocrx_word' id='word_1_340' title='bbox 553 2437 593 2466; x_wconf 89' lang='lat' dir='ltr'><strong>de</strong></span> <span class='ocrx_word' id='word_1_341' title='bbox 610 2447 671 2477; x_wconf 90' lang='lat' dir='ltr'><strong>quo</strong></span> <span class='ocrx_word' id='word_1_342' title='bbox 689 2436 794 2477; x_wconf 60' lang='lat' dir='ltr'><strong>supra.</strong></span> 
     </span>
    </p>

    <p class='ocr_par' dir='ltr' id='par_1_15' title="bbox 141 2477 897 2604">
     <span class='ocr_line' id='line_1_49' title="bbox 185 2477 897 2519; baseline 0.004 -13"><span class='ocrx_word' id='word_1_343' title='bbox 185 2479 216 2507; x_wconf 87' lang='grc'><strong>’7.</strong></span> <span class='ocrx_word' id='word_1_344' title='bbox 241 2477 280 2507; x_wconf 84' lang='lat' dir='ltr'><strong>In</strong></span> <span class='ocrx_word' id='word_1_345' title='bbox 300 2477 410 2508; x_wconf 80' lang='lat' dir='ltr'><strong>Rostris</strong></span> <span class='ocrx_word' id='word_1_346' title='bbox 423 2479 530 2519; x_wconf 80' lang='lat' dir='ltr'><strong>collega</strong></span> <span class='ocrx_word' id='word_1_347' title='bbox 545 2480 642 2519; x_wconf 53' lang='lat' dir='ltr'><strong>titus]</strong></span> <span class='ocrx_word' id='word_1_348' title='bbox 679 2478 795 2509; x_wconf 83' lang='lat' dir='ltr'><strong>Rostra</strong></span> <span class='ocrx_word' id='word_1_349' title='bbox 809 2485 897 2510; x_wconf 84' lang='lat' dir='ltr'><strong>erant</strong></span> 
     </span>
     <span class='ocr_line' id='line_1_50' title="bbox 141 2520 895 2560; baseline 0.003 -10"><span class='ocrx_word' id='word_1_350' title='bbox 141 2520 175 2550; x_wconf 80' lang='lat' dir='ltr'><strong>in</strong></span> <span class='ocrx_word' id='word_1_351' title='bbox 190 2520 256 2550; x_wconf 83' lang='lat' dir='ltr'><strong>foro</strong></span> <span class='ocrx_word' id='word_1_352' title='bbox 268 2520 425 2560; x_wconf 86' lang='lat' dir='ltr'><strong>Romano,</strong></span> <span class='ocrx_word' id='word_1_353' title='bbox 450 2521 502 2552; x_wconf 89' lang='lat' dir='ltr'><strong>ubi</strong></span> <span class='ocrx_word' id='word_1_354' title='bbox 522 2522 716 2552; x_wconf 81' lang='lat' dir='ltr'><strong>habebantur</strong></span> <span class='ocrx_word' id='word_1_355' title='bbox 730 2522 895 2552; x_wconf 86' lang='lat' dir='ltr'><strong>conciones</strong></span> 
     </span>
     <span class='ocr_line' id='line_1_51' title="bbox 143 2563 361 2604; baseline 0.005 -11"><span class='ocrx_word' id='word_1_356' title='bbox 143 2564 182 2593; x_wconf 82' lang='lat' dir='ltr'><strong>ad</strong></span> <span class='ocrx_word' id='word_1_357' title='bbox 201 2563 361 2604; x_wconf 86' lang='lat' dir='ltr'><strong>populum.</strong></span> 
     </span>
    </p>

    <p class='ocr_par' dir='ltr' id='par_1_16' title="bbox 144 2605 898 2733">
     <span class='ocr_line' id='line_1_52' title="bbox 186 2605 897 2648; baseline 0.003 -13"><span class='ocrx_word' id='word_1_358' title='bbox 186 2605 236 2637; x_wconf 91' lang='lat' dir='ltr'><strong>Ib.</strong></span> <span class='ocrx_word' id='word_1_359' title='bbox 250 2606 368 2648; x_wconf 73' lang='lat' dir='ltr'><strong>Collega</strong></span> <span class='ocrx_word' id='word_1_360' title='bbox 383 2606 478 2646; x_wconf 63' lang='lat' dir='ltr'><strong>tuus]</strong></span> <span class='ocrx_word' id='word_1_361' title='bbox 505 2606 606 2637; x_wconf 80' lang='lat' dir='ltr'><strong>Julius</strong></span> <span class='ocrx_word' id='word_1_362' title='bbox 618 2607 721 2638; x_wconf 82' lang='lat' dir='ltr'><strong>Caesar</strong></span> <span class='ocrx_word' id='word_1_363' title='bbox 732 2607 763 2637; x_wconf 87' lang='lat' dir='ltr'><strong>in</strong></span> <span class='ocrx_word' id='word_1_364' title='bbox 776 2607 897 2638; x_wconf 85' lang='lat' dir='ltr'><strong>Rostris</strong></span> 
     </span>
     <span class='ocr_line' id='line_1_53' title="bbox 144 2649 898 2691; baseline 0.001 -11"><span class='ocrx_word' id='word_1_365' title='bbox 144 2649 296 2688; x_wconf 78' lang='lat' dir='ltr'><strong>sedebat3</strong></span> <span class='ocrx_word' id='word_1_366' title='bbox 320 2650 360 2680; x_wconf 90' lang='lat' dir='ltr'><strong>ad</strong></span> <span class='ocrx_word' id='word_1_367' title='bbox 385 2659 438 2680; x_wconf 89' lang='lat' dir='ltr'><strong>eos</strong></span> <span class='ocrx_word' id='word_1_368' title='bbox 465 2649 536 2680; x_wconf 66' lang='lat' dir='ltr'><strong>vcro</strong></span> <span class='ocrx_word' id='word_1_369' title='bbox 553 2649 672 2680; x_wconf 72' lang='lat' dir='ltr'><strong>tantum</strong></span> <span class='ocrx_word' id='word_1_370' title='bbox 688 2651 836 2691; x_wconf 83' lang='lat' dir='ltr'><strong>pertinuit</strong></span> <span class='ocrx_word' id='word_1_371' title='bbox 850 2660 898 2681; x_wconf 85' lang='lat' dir='ltr'><strong>se-</strong></span> 
     </span>
     <span class='ocr_line' id='line_1_54' title="bbox 144 2692 504 2733; baseline 0.003 -12"><span class='ocrx_word' id='word_1_372' title='bbox 144 2693 229 2729; x_wconf 88' lang='lat' dir='ltr'><strong>dere,</strong></span> <span class='ocrx_word' id='word_1_373' title='bbox 245 2693 299 2733; x_wconf 89' lang='lat' dir='ltr'><strong>qui</strong></span> <span class='ocrx_word' id='word_1_374' title='bbox 309 2692 504 2732; x_wconf 83' lang='lat' dir='ltr'><strong>judicabant.</strong></span> 
     </span>
    </p>

    <p class='ocr_par' dir='ltr' id='par_1_17' title="bbox 146 2734 898 2819">
     <span class='ocr_line' id='line_1_55' title="bbox 187 2734 898 2777; baseline 0.004 -13"><span class='ocrx_word' id='word_1_375' title='bbox 187 2734 237 2765; x_wconf 88' lang='lat' dir='ltr'><strong>Ib.</strong></span> <span class='ocrx_word' id='word_1_376' title='bbox 263 2735 341 2777; x_wconf 64' lang='lat' dir='ltr'><strong>Togd</strong></span> <span class='ocrx_word' id='word_1_377' title='bbox 353 2736 529 2777; x_wconf 64' lang='lat' dir='ltr'><strong>purpure-¹2]</strong></span> <span class='ocrx_word' id='word_1_378' title='bbox 575 2735 662 2777; x_wconf 86' lang='lat' dir='ltr'><strong>Toga</strong></span> <span class='ocrx_word' id='word_1_379' title='bbox 678 2746 834 2777; x_wconf 87' lang='lat' dir='ltr'><strong>purpurea</strong></span> <span class='ocrx_word' id='word_1_380' title='bbox 848 2747 898 2768; x_wconf 90' lang='lat' dir='ltr'><strong>re-</strong></span> 
     </span>
     <span class='ocr_line' id='line_1_56' title="bbox 146 2778 628 2819; baseline 0.006 -11"><span class='ocrx_word' id='word_1_381' title='bbox 146 2789 219 2819; x_wconf 83' lang='lat' dir='ltr'><strong>gum</strong></span> <span class='ocrx_word' id='word_1_382' title='bbox 234 2784 300 2808; x_wconf 86' lang='lat' dir='ltr'><strong>erat</strong></span> <span class='ocrx_word' id='word_1_383' title='bbox 316 2784 348 2808; x_wconf 87' lang='lat' dir='ltr'><strong>et</strong></span> <span class='ocrx_word' id='word_1_384' title='bbox 364 2778 628 2819; x_wconf 84' lang='lat' dir='ltr'><strong>triumphantium.</strong></span> 
     </span>
    </p>

    <p class='ocr_par' dir='ltr' id='par_1_18' title="bbox 188 2821 900 2864">
     <span class='ocr_line' id='line_1_57' title="bbox 188 2821 900 2864; baseline 0.004 -12"><span class='ocrx_word' id='word_1_385' title='bbox 188 2824 219 2852; x_wconf 82' lang='lat'><strong>8.</strong></span> <span class='ocrx_word' id='word_1_386' title='bbox 242 2821 281 2853; x_wconf 80' lang='grc' dir='ltr'><strong>Ιιι</strong></span> <span class='ocrx_word' id='word_1_387' title='bbox 302 2822 369 2853; x_wconf 62' lang='lat' dir='ltr'><strong>sella</strong></span> <span class='ocrx_word' id='word_1_388' title='bbox 384 2821 486 2861; x_wconf 74' lang='grc' dir='ltr'><strong>αιινεά,</strong></span> <span class='ocrx_word' id='word_1_389' title='bbox 509 2823 689 2864; x_wconf 63' lang='lat' dir='ltr'><strong>coronatus]</strong></span> <span class='ocrx_word' id='word_1_390' title='bbox 736 2823 819 2855; x_wconf 71' lang='lat' dir='ltr'><strong>Sella</strong></span> <span class='ocrx_word' id='word_1_391' title='bbox 844 2834 900 2855; x_wconf 89' lang='lat' dir='ltr'><strong>au-</strong></span> 
     </span>
    </p>
   </div>
   <div class='ocr_carea' id='block_1_8' title="bbox 936 1877 1702 2856">
    <p class='ocr_par' dir='ltr' id='par_1_19' title="bbox 939 1877 1702 2132">
     <span class='ocr_line' id='line_1_58' title="bbox 987 1877 1702 1920; baseline 0.001 -12"><span class='ocrx_word' id='word_1_392' title='bbox 987 1880 1017 1908; x_wconf 89' lang='lat'><strong>9.</strong></span> <span class='ocrx_word' id='word_1_393' title='bbox 1039 1877 1089 1907; x_wconf 84' lang='lat' dir='ltr'><strong>Ita</strong></span> <span class='ocrx_word' id='word_1_394' title='bbox 1107 1888 1170 1908; x_wconf 83' lang='lat' dir='ltr'><strong>eras</strong></span> <span class='ocrx_word' id='word_1_395' title='bbox 1183 1878 1359 1920; x_wconf 54' lang='lat' dir='ltr'><strong>Lupercus]</strong></span> <span class='ocrx_word' id='word_1_396' title='bbox 1404 1877 1564 1918; x_wconf 86' lang='lat' dir='ltr'><strong>Lupercus</strong></span> <span class='ocrx_word' id='word_1_397' title='bbox 1585 1879 1624 1909; x_wconf 89' lang='lat' dir='ltr'><strong>ab</strong></span> <span class='ocrx_word' id='word_1_398' title='bbox 1651 1889 1702 1910; x_wconf 90' lang='lat' dir='ltr'><strong>ar-</strong></span> 
     </span>
     <span class='ocr_line' id='line_1_59' title="bbox 941 1920 1702 1961; baseline 0 -10"><span class='ocrx_word' id='word_1_399' title='bbox 941 1921 1046 1951; x_wconf 87' lang='lat' dir='ltr'><strong>cendis</strong></span> <span class='ocrx_word' id='word_1_400' title='bbox 1075 1920 1156 1961; x_wconf 87' lang='lat' dir='ltr'><strong>lupis</strong></span> <span class='ocrx_word' id='word_1_401' title='bbox 1189 1921 1321 1951; x_wconf 81' lang='lat' dir='ltr'><strong>dicitur:</strong></span> <span class='ocrx_word' id='word_1_402' title='bbox 1359 1922 1467 1952; x_wconf 89' lang='lat' dir='ltr'><strong>consul</strong></span> <span class='ocrx_word' id='word_1_403' title='bbox 1490 1920 1560 1951; x_wconf 76' lang='lat' dir='ltr'><strong>vero</strong></span> <span class='ocrx_word' id='word_1_404' title='bbox 1583 1932 1602 1951; x_wconf 85' lang='lat' dir='ltr'><strong>a</strong></span> <span class='ocrx_word' id='word_1_405' title='bbox 1624 1931 1702 1951; x_wconf 89' lang='lat' dir='ltr'><strong>con-</strong></span> 
     </span>
     <span class='ocr_line' id='line_1_60' title="bbox 941 1963 1701 2004; baseline 0.001 -11"><span class='ocrx_word' id='word_1_406' title='bbox 941 1963 1082 1999; x_wconf 87' lang='lat' dir='ltr'><strong>sulendo,</strong></span> <span class='ocrx_word' id='word_1_407' title='bbox 1099 1963 1173 2004; x_wconf 88' lang='lat' dir='ltr'><strong>quia</strong></span> <span class='ocrx_word' id='word_1_408' title='bbox 1189 1964 1296 2004; x_wconf 86' lang='lat' dir='ltr'><strong>patriae</strong></span> <span class='ocrx_word' id='word_1_409' title='bbox 1307 1964 1468 1994; x_wconf 86' lang='lat' dir='ltr'><strong>consulere</strong></span> <span class='ocrx_word' id='word_1_410' title='bbox 1484 1965 1591 1996; x_wconf 86' lang='lat' dir='ltr'><strong>(lebet.</strong></span> <span class='ocrx_word' id='word_1_411' title='bbox 1635 1964 1701 1994; x_wconf 91' lang='lat' dir='ltr'><strong>Lu-</strong></span> 
     </span>
     <span class='ocr_line' id='line_1_61' title="bbox 939 2006 1694 2046; baseline 0.001 -10"><span class='ocrx_word' id='word_1_412' title='bbox 939 2016 1101 2046; x_wconf 80' lang='lat' dir='ltr'><strong>percorum</strong></span> <span class='ocrx_word' id='word_1_413' title='bbox 1122 2011 1226 2036; x_wconf 85' lang='lat' dir='ltr'><strong>autem</strong></span> <span class='ocrx_word' id='word_1_414' title='bbox 1243 2006 1400 2046; x_wconf 87' lang='lat' dir='ltr'><strong>proprium</strong></span> <span class='ocrx_word' id='word_1_415' title='bbox 1415 2010 1482 2036; x_wconf 87' lang='lat' dir='ltr'><strong>erat</strong></span> <span class='ocrx_word' id='word_1_416' title='bbox 1495 2006 1694 2042; x_wconf 88' lang='lat' dir='ltr'><strong>insolescere,</strong></span> 
     </span>
     <span class='ocr_line' id='line_1_62' title="bbox 939 2049 1697 2090; baseline 0.003 -12"><span class='ocrx_word' id='word_1_417' title='bbox 939 2049 1074 2079; x_wconf 82' lang='lat' dir='ltr'><strong>consulis</strong></span> <span class='ocrx_word' id='word_1_418' title='bbox 1089 2053 1192 2078; x_wconf 84' lang='lat' dir='ltr'><strong>autem</strong></span> <span class='ocrx_word' id='word_1_419' title='bbox 1217 2049 1397 2089; x_wconf 83' lang='lat' dir='ltr'><strong>gravitatem</strong></span> <span class='ocrx_word' id='word_1_420' title='bbox 1420 2059 1483 2090; x_wconf 86' lang='lat' dir='ltr'><strong>prae</strong></span> <span class='ocrx_word' id='word_1_421' title='bbox 1506 2059 1540 2080; x_wconf 86' lang='lat' dir='ltr'><strong>se</strong></span> <span class='ocrx_word' id='word_1_422' title='bbox 1564 2050 1657 2087; x_wconf 78' lang='lat' dir='ltr'><strong>ferre,</strong></span> <span class='ocrx_word' id='word_1_423' title='bbox 1678 2051 1697 2080; x_wconf 67' lang='grc' dir='ltr'><strong>εἴ</strong></span> 
     </span>
     <span class='ocr_line' id='line_1_63' title="bbox 941 2091 1526 2132; baseline 0 -10"><span class='ocrx_word' id='word_1_424' title='bbox 941 2092 1003 2132; x_wconf 71' lang='lat' dir='ltr'><strong>quir</strong></span> <span class='ocrx_word' id='word_1_425' title='bbox 1020 2091 1148 2121; x_wconf 70' lang='lat' dir='ltr'><strong>maxime</strong></span> <span class='ocrx_word' id='word_1_426' title='bbox 1164 2092 1283 2122; x_wconf 87' lang='lat' dir='ltr'><strong>alienus</strong></span> <span class='ocrx_word' id='word_1_427' title='bbox 1299 2096 1347 2121; x_wconf 86' lang='lat' dir='ltr'><strong>est</strong></span> <span class='ocrx_word' id='word_1_428' title='bbox 1362 2091 1526 2122; x_wconf 88' lang='lat' dir='ltr'><strong>Antonius.</strong></span> 
     </span>
    </p>

    <p class='ocr_par' dir='ltr' id='par_1_20' title="bbox 936 2134 1701 2390">
     <span class='ocr_line' id='line_1_64' title="bbox 983 2134 1701 2177; baseline 0.001 -13"><span class='ocrx_word' id='word_1_429' title='bbox 983 2134 1034 2164; x_wconf 89' lang='lat' dir='ltr'><strong>Ib.</strong></span> <span class='ocrx_word' id='word_1_430' title='bbox 1060 2134 1236 2177; x_wconf 61' lang='lat' dir='ltr'><strong>Dimlemm]</strong></span> <span class='ocrx_word' id='word_1_431' title='bbox 1283 2134 1442 2165; x_wconf 88' lang='lat' dir='ltr'><strong>Diadema</strong></span> <span class='ocrx_word' id='word_1_432' title='bbox 1455 2145 1564 2175; x_wconf 83' lang='lat' dir='ltr'><strong>regum</strong></span> <span class='ocrx_word' id='word_1_433' title='bbox 1587 2141 1634 2166; x_wconf 84' lang='lat' dir='ltr'><strong>est</strong></span> <span class='ocrx_word' id='word_1_434' title='bbox 1651 2135 1701 2165; x_wconf 87' lang='lat' dir='ltr'><strong>in-</strong></span> 
     </span>
     <span class='ocr_line' id='line_1_65' title="bbox 941 2177 1699 2219; baseline 0 -11"><span class='ocrx_word' id='word_1_435' title='bbox 941 2177 1041 2218; x_wconf 82' lang='lat' dir='ltr'><strong>signe,</strong></span> <span class='ocrx_word' id='word_1_436' title='bbox 1057 2184 1089 2207; x_wconf 90' lang='lat' dir='ltr'><strong>et</strong></span> <span class='ocrx_word' id='word_1_437' title='bbox 1105 2177 1200 2208; x_wconf 87' lang='lat' dir='ltr'><strong>fascia</strong></span> <span class='ocrx_word' id='word_1_438' title='bbox 1224 2178 1378 2218; x_wconf 84' lang='lat' dir='ltr'><strong>quaedam,</strong></span> <span class='ocrx_word' id='word_1_439' title='bbox 1396 2188 1465 2219; x_wconf 88' lang='lat' dir='ltr'><strong>quae</strong></span> <span class='ocrx_word' id='word_1_440' title='bbox 1481 2188 1585 2209; x_wconf 90' lang='lat' dir='ltr'><strong>eorum</strong></span> <span class='ocrx_word' id='word_1_441' title='bbox 1601 2177 1699 2218; x_wconf 81' lang='lat' dir='ltr'><strong>capiti</strong></span> 
     </span>
     <span class='ocr_line' id='line_1_66' title="bbox 936 2220 1698 2262; baseline 0.001 -12"><span class='ocrx_word' id='word_1_442' title='bbox 936 2220 1173 2261; x_wconf 86' lang='lat' dir='ltr'><strong>circumligatur.</strong></span> <span class='ocrx_word' id='word_1_443' title='bbox 1234 2220 1358 2251; x_wconf 87' lang='lat' dir='ltr'><strong>Corona</strong></span> <span class='ocrx_word' id='word_1_444' title='bbox 1388 2221 1482 2251; x_wconf 86' lang='lat' dir='ltr'><strong>etiam</strong></span> <span class='ocrx_word' id='word_1_445' title='bbox 1508 2231 1615 2262; x_wconf 86' lang='lat' dir='ltr'><strong>regum</strong></span> <span class='ocrx_word' id='word_1_446' title='bbox 1638 2226 1698 2257; x_wconf 84' lang='lat' dir='ltr'><strong>est,</strong></span> 
     </span>
     <span class='ocr_line' id='line_1_67' title="bbox 937 2263 1700 2304; baseline 0.001 -11"><span class='ocrx_word' id='word_1_447' title='bbox 937 2264 994 2293; x_wconf 89' lang='lat' dir='ltr'><strong>sed</strong></span> <span class='ocrx_word' id='word_1_448' title='bbox 1010 2273 1081 2293; x_wconf 86' lang='lat' dir='ltr'><strong>cum</strong></span> <span class='ocrx_word' id='word_1_449' title='bbox 1096 2264 1154 2293; x_wconf 87' lang='lat' dir='ltr'><strong>hoc</strong></span> <span class='ocrx_word' id='word_1_450' title='bbox 1170 2263 1357 2300; x_wconf 88' lang='lat' dir='ltr'><strong>discrimine,</strong></span> <span class='ocrx_word' id='word_1_451' title='bbox 1381 2265 1465 2304; x_wconf 90' lang='lat' dir='ltr'><strong>quod</strong></span> <span class='ocrx_word' id='word_1_452' title='bbox 1487 2264 1579 2294; x_wconf 89' lang='lat' dir='ltr'><strong>etiam</strong></span> <span class='ocrx_word' id='word_1_453' title='bbox 1595 2263 1700 2304; x_wconf 81' lang='lat' dir='ltr'><strong>priva-</strong></span> 
     </span>
     <span class='ocr_line' id='line_1_68' title="bbox 939 2306 1698 2347; baseline 0.001 -11"><span class='ocrx_word' id='word_1_454' title='bbox 939 2306 977 2336; x_wconf 78' lang='lat' dir='ltr'><strong>tis</strong></span> <span class='ocrx_word' id='word_1_455' title='bbox 1001 2306 1117 2337; x_wconf 88' lang='lat' dir='ltr'><strong>civibus</strong></span> <span class='ocrx_word' id='word_1_456' title='bbox 1141 2307 1180 2336; x_wconf 92' lang='lat' dir='ltr'><strong>ob</strong></span> <span class='ocrx_word' id='word_1_457' title='bbox 1203 2317 1266 2336; x_wconf 87' lang='lat' dir='ltr'><strong>rem</strong></span> <span class='ocrx_word' id='word_1_458' title='bbox 1282 2307 1362 2337; x_wconf 77' lang='lat' dir='ltr'><strong>bene</strong></span> <span class='ocrx_word' id='word_1_459' title='bbox 1379 2312 1510 2347; x_wconf 86' lang='lat' dir='ltr'><strong>gestam,</strong></span> <span class='ocrx_word' id='word_1_460' title='bbox 1532 2312 1565 2337; x_wconf 87' lang='lat' dir='ltr'><strong>et</strong></span> <span class='ocrx_word' id='word_1_461' title='bbox 1591 2307 1698 2337; x_wconf 80' lang='lat' dir='ltr'><strong>trium-</strong></span> 
     </span>
     <span class='ocr_line' id='line_1_69' title="bbox 941 2349 1381 2390; baseline 0.002 -11"><span class='ocrx_word' id='word_1_462' title='bbox 941 2349 1122 2390; x_wconf 79' lang='lat' dir='ltr'><strong>phantibus,</strong></span> <span class='ocrx_word' id='word_1_463' title='bbox 1145 2350 1381 2380; x_wconf 85' lang='lat' dir='ltr'><strong>concederetur.</strong></span> 
     </span>
    </p>

    <p class='ocr_par' dir='ltr' id='par_1_21' title="bbox 939 2392 1695 2476">
     <span class='ocr_line' id='line_1_70' title="bbox 985 2392 1695 2434; baseline 0.001 -13"><span class='ocrx_word' id='word_1_464' title='bbox 985 2395 1037 2423; x_wconf 91' lang='lat'><strong>10.</strong></span> <span class='ocrx_word' id='word_1_465' title='bbox 1061 2392 1193 2423; x_wconf 82' lang='lat' dir='ltr'><strong>Gemitus</strong></span> <span class='ocrx_word' id='word_1_466' title='bbox 1206 2398 1264 2422; x_wconf 85' lang='lat' dir='ltr'><strong>toto</strong></span> <span class='ocrx_word' id='word_1_467' title='bbox 1276 2392 1376 2434; x_wconf 64' lang='lat' dir='ltr'><strong>fora]</strong></span> <span class='ocrx_word' id='word_1_468' title='bbox 1421 2392 1460 2423; x_wconf 91' lang='lat' dir='ltr'><strong>Id</strong></span> <span class='ocrx_word' id='word_1_469' title='bbox 1483 2397 1541 2430; x_wconf 86' lang='lat' dir='ltr'><strong>est,</strong></span> <span class='ocrx_word' id='word_1_470' title='bbox 1563 2392 1695 2434; x_wconf 88' lang='lat' dir='ltr'><strong>gemitus</strong></span> 
     </span>
     <span class='ocr_line' id='line_1_71' title="bbox 939 2435 1597 2476; baseline -0.002 -10"><span class='ocrx_word' id='word_1_471' title='bbox 939 2435 970 2466; x_wconf 85' lang='lat' dir='ltr'><strong>in</strong></span> <span class='ocrx_word' id='word_1_472' title='bbox 987 2436 1053 2466; x_wconf 84' lang='lat' dir='ltr'><strong>foro</strong></span> <span class='ocrx_word' id='word_1_473' title='bbox 1070 2435 1086 2464; x_wconf 72' lang='grc' dir='ltr'><strong>ῖι</strong></span> <span class='ocrx_word' id='word_1_474' title='bbox 1105 2440 1169 2465; x_wconf 88' lang='lat' dir='ltr'><strong>toto</strong></span> <span class='ocrx_word' id='word_1_475' title='bbox 1185 2436 1301 2476; x_wconf 89' lang='lat' dir='ltr'><strong>populo</strong></span> <span class='ocrx_word' id='word_1_476' title='bbox 1317 2436 1416 2466; x_wconf 86' lang='lat' dir='ltr'><strong>factus</strong></span> <span class='ocrx_word' id='word_1_477' title='bbox 1431 2440 1488 2466; x_wconf 91' lang='lat' dir='ltr'><strong>est.</strong></span> <span class='ocrx_word' id='word_1_478' title='bbox 1594 2437 1597 2439; x_wconf 70' lang='grc'><strong><em>’</em></strong></span> 
     </span>
    </p>

    <p class='ocr_par' dir='ltr' id='par_1_22' title="bbox 940 2477 1698 2724">
     <span class='ocr_line' id='line_1_72' title="bbox 984 2477 1697 2519; baseline 0 -11"><span class='ocrx_word' id='word_1_479' title='bbox 984 2482 1037 2508; x_wconf 90' lang='grc'><strong>11.</strong></span> <span class='ocrx_word' id='word_1_480' title='bbox 1061 2477 1238 2508; x_wconf 77' lang='lat' dir='ltr'><strong>Meditacum</strong></span> <span class='ocrx_word' id='word_1_481' title='bbox 1252 2485 1279 2509; x_wconf 81' lang='lat' dir='ltr'><strong>et</strong></span> <span class='ocrx_word' id='word_1_482' title='bbox 1292 2480 1451 2519; x_wconf 77' lang='lat' dir='ltr'><strong>cogitatum</strong></span> <span class='ocrx_word' id='word_1_483' title='bbox 1464 2477 1580 2518; x_wconf 56' lang='lat' dir='ltr'><strong>scelus]</strong></span> <span class='ocrx_word' id='word_1_484' title='bbox 1620 2477 1697 2508; x_wconf 86' lang='lat' dir='ltr'><strong>Non</strong></span> 
     </span>
     <span class='ocr_line' id='line_1_73' title="bbox 940 2520 1697 2561; baseline -0.001 -10"><span class='ocrx_word' id='word_1_485' title='bbox 940 2531 977 2551; x_wconf 89' lang='lat' dir='ltr'><strong>ex</strong></span> <span class='ocrx_word' id='word_1_486' title='bbox 999 2521 1167 2561; x_wconf 85' lang='lat' dir='ltr'><strong>improviso</strong></span> <span class='ocrx_word' id='word_1_487' title='bbox 1191 2521 1329 2551; x_wconf 85' lang='lat' dir='ltr'><strong>ostendit</strong></span> <span class='ocrx_word' id='word_1_488' title='bbox 1343 2521 1418 2551; x_wconf 85' lang='lat' dir='ltr'><strong>illud</strong></span> <span class='ocrx_word' id='word_1_489' title='bbox 1434 2520 1593 2559; x_wconf 63' lang='lat' dir='ltr'><strong>diadema,</strong></span> <span class='ocrx_word' id='word_1_490' title='bbox 1607 2521 1697 2561; x_wconf 73' lang='lat' dir='ltr'><strong>quasi</strong></span> 
     </span>
     <span class='ocr_line' id='line_1_74' title="bbox 940 2563 1696 2604; baseline 0.001 -11"><span class='ocrx_word' id='word_1_491' title='bbox 940 2564 1042 2594; x_wconf 86' lang='lat' dir='ltr'><strong>statim</strong></span> <span class='ocrx_word' id='word_1_492' title='bbox 1061 2569 1236 2604; x_wconf 80' lang='lat' dir='ltr'><strong>repertum3</strong></span> <span class='ocrx_word' id='word_1_493' title='bbox 1258 2564 1314 2594; x_wconf 86' lang='lat' dir='ltr'><strong>sed</strong></span> <span class='ocrx_word' id='word_1_494' title='bbox 1341 2573 1397 2604; x_wconf 90' lang='lat' dir='ltr'><strong>per</strong></span> <span class='ocrx_word' id='word_1_495' title='bbox 1419 2574 1571 2594; x_wconf 89' lang='lat' dir='ltr'><strong>summum</strong></span> <span class='ocrx_word' id='word_1_496' title='bbox 1595 2563 1696 2594; x_wconf 82' lang='lat' dir='ltr'><strong>scelus</strong></span> 
     </span>
     <span class='ocr_line' id='line_1_75' title="bbox 941 2605 1695 2646; baseline -0.001 -9"><span class='ocrx_word' id='word_1_497' title='bbox 941 2606 1109 2637; x_wconf 81' lang='lat' dir='ltr'><strong>meditatus</strong></span> <span class='ocrx_word' id='word_1_498' title='bbox 1142 2607 1226 2636; x_wconf 89' lang='lat' dir='ltr'><strong>dorni</strong></span> <span class='ocrx_word' id='word_1_499' title='bbox 1254 2607 1354 2637; x_wconf 88' lang='lat' dir='ltr'><strong>fuerat</strong></span> <span class='ocrx_word' id='word_1_500' title='bbox 1380 2605 1496 2636; x_wconf 81' lang='lat' dir='ltr'><strong>Caesari</strong></span> <span class='ocrx_word' id='word_1_501' title='bbox 1518 2607 1695 2646; x_wconf 83' lang='lat' dir='ltr'><strong>imponere,</strong></span> 
     </span>
     <span class='ocr_line' id='line_1_76' title="bbox 942 2648 1698 2690; baseline 0 -10"><span class='ocrx_word' id='word_1_502' title='bbox 942 2660 1005 2690; x_wconf 89' lang='lat' dir='ltr'><strong>quo</strong></span> <span class='ocrx_word' id='word_1_503' title='bbox 1021 2659 1173 2680; x_wconf 88' lang='lat' dir='ltr'><strong>summum</strong></span> <span class='ocrx_word' id='word_1_504' title='bbox 1188 2648 1254 2690; x_wconf 84' lang='lat' dir='ltr'><strong>ejus</strong></span> <span class='ocrx_word' id='word_1_505' title='bbox 1267 2649 1300 2680; x_wconf 88' lang='lat' dir='ltr'><strong>in</strong></span> <span class='ocrx_word' id='word_1_506' title='bbox 1316 2653 1412 2680; x_wconf 88' lang='lat' dir='ltr'><strong>totum</strong></span> <span class='ocrx_word' id='word_1_507' title='bbox 1426 2648 1580 2690; x_wconf 89' lang='lat' dir='ltr'><strong>populum</strong></span> <span class='ocrx_word' id='word_1_508' title='bbox 1596 2649 1698 2680; x_wconf 71' lang='lat' dir='ltr'><strong>dorni-</strong></span> 
     </span>
     <span class='ocr_line' id='line_1_77' title="bbox 942 2693 1254 2724; baseline 0 -1"><span class='ocrx_word' id='word_1_509' title='bbox 942 2698 1050 2723; x_wconf 87' lang='lat' dir='ltr'><strong>natum</strong></span> <span class='ocrx_word' id='word_1_510' title='bbox 1065 2693 1254 2724; x_wconf 86' lang='lat' dir='ltr'><strong>ostenderet.</strong></span> 
     </span>
    </p>

    <p class='ocr_par' dir='ltr' id='par_1_23' title="bbox 942 2734 1699 2856">
     <span class='ocr_line' id='line_1_78' title="bbox 988 2734 1697 2776; baseline 0 -10"><span class='ocrx_word' id='word_1_511' title='bbox 988 2738 1038 2767; x_wconf 85' lang='lat'><strong>17.</strong></span> <span class='ocrx_word' id='word_1_512' title='bbox 1078 2734 1144 2765; x_wconf 83' lang='lat' dir='ltr'><strong>Tibi</strong></span> <span class='ocrx_word' id='word_1_513' title='bbox 1178 2737 1233 2766; x_wconf 77' lang='lat' dir='ltr'><strong>uni</strong></span> <span class='ocrx_word' id='word_1_514' title='bbox 1262 2735 1394 2776; x_wconf 66' lang='lat' dir='ltr'><strong>peteres]</strong></span> <span class='ocrx_word' id='word_1_515' title='bbox 1452 2734 1625 2765; x_wconf 88' lang='lat' dir='ltr'><strong>Tolerabile</strong></span> <span class='ocrx_word' id='word_1_516' title='bbox 1649 2738 1697 2766; x_wconf 88' lang='lat' dir='ltr'><strong>fu-</strong></span> 
     </span>
     <span class='ocr_line' id='line_1_79' title="bbox 942 2778 1699 2821; baseline 0.001 -12"><span class='ocrx_word' id='word_1_517' title='bbox 942 2778 1028 2817; x_wconf 83' lang='lat' dir='ltr'><strong>isset,</strong></span> <span class='ocrx_word' id='word_1_518' title='bbox 1051 2778 1078 2811; x_wconf 86' lang='lat' dir='ltr'><strong>si</strong></span> <span class='ocrx_word' id='word_1_519' title='bbox 1100 2778 1254 2821; x_wconf 84' lang='lat' dir='ltr'><strong>petiisset,</strong></span> <span class='ocrx_word' id='word_1_520' title='bbox 1279 2783 1311 2812; x_wconf 82' lang='lat' dir='ltr'><strong>ut</strong></span> <span class='ocrx_word' id='word_1_521' title='bbox 1334 2779 1388 2815; x_wconf 82' lang='lat' dir='ltr'><strong>uni</strong></span> <span class='ocrx_word' id='word_1_522' title='bbox 1409 2778 1467 2811; x_wconf 85' lang='lat' dir='ltr'><strong>sibi</strong></span> <span class='ocrx_word' id='word_1_523' title='bbox 1489 2778 1600 2811; x_wconf 84' lang='lat' dir='ltr'><strong>servire</strong></span> <span class='ocrx_word' id='word_1_524' title='bbox 1621 2778 1699 2812; x_wconf 74' lang='lat' dir='ltr'><strong>lice·</strong></span> 
     </span>
     <span class='ocr_line' id='line_1_80' title="bbox 943 2827 1002 2856; baseline 0 -1"><span class='ocrx_word' id='word_1_525' title='bbox 943 2827 1002 2856; x_wconf 86' lang='lat' dir='ltr'><strong>ret.</strong></span> 
     </span>
    </p>
   </div>
  </div>
 </body>
</html>
