1858 3095
633 183 684 216 m
707 183 958 225 eaecxumu,
978 184 1224 220 DIVINATIO
1234 207 1244 218 .
1724 188 1774 232 13

155 259 250 303 haee
269 267 313 303 et
324 260 409 304 alia
426 261 470 302 in
485 265 528 302 te
545 259 641 301 falsi
654 261 920 303 accusatoris
933 261 1057 332 signa
1070 263 1280 318 permulta
1293 278 1306 315 ς
1325 260 1482 319 quibus
1499 275 1582 320 ego
1594 279 1709 310 nunc

156 331 243 359 non
260 326 369 360 utor.
429 316 526 359 Hoc
543 316 658 369 dico,
679 323 737 369 te,
753 317 789 359 si
811 317 998 360 maxime
1020 319 1184 375 cupias,
1206 326 1351 361 tamen
1368 332 1514 361 verum
1534 334 1708 364 accusa·
1720 321 1776 362 20

156 380 292 417 torem
313 388 406 416 esse
428 388 514 415 non
535 388 677 430 posse.
735 373 875 416 Video
904 375 1017 417 enim
1038 377 1248 431 permulta
1268 391 1362 418 esse
1381 376 1572 428 crimina,
1604 393 1711 433 quo-

155 446 249 472 rum
269 431 345 473 tibi
379 430 564 472 societas
586 446 684 473 cum
703 430 835 473 Verre
867 431 1077 487 ejusmodi
1113 440 1192 485 est,
1224 439 1270 474 ut
1304 447 1355 474 ea
1387 433 1432 474 in
1463 435 1708 476 accusando

155 488 365 543 attingere
385 501 471 528 non
492 487 668 530 audeas.
728 487 929 536 Queritur
946 488 1094 530 Sicilia
1115 496 1221 540 tota,
1244 489 1295 530 C.
1308 489 1484 530 Verrem
1501 490 1555 530 ab
1573 498 1709 532 arato-

153 544 284 595 ribus,
316 543 413 585 cum
435 544 694 586 frumentum
715 545 794 586 sibi
822 545 867 586 in
899 546 1051 586 cellam
1072 545 1380 602 imperavisset,
1411 551 1455 586 et
1475 546 1574 587 cum
1594 557 1708 589 esset

154 599 286 641 tritici
302 600 473 642 modius
491 601 585 643 H-S
604 601 662 643 ΙΙ.
706 615 752 642 ro
775 601 1001 653 frumento,
1018 602 1061 642 in
1084 603 1251 643 modios
1265 602 1469 658 singulos,
1484 602 1705 645 duodenos
1719 600 1774 641 25

152 656 373 699 sestertios
414 657 623 714 exegisse.
676 617 896 714 ¹iVIagnum
918 658 1102 700 crimen!
1136 658 1287 715 ingens
1309 658 1515 713 pecunia!
1549 659 1707 701 furtum

150 712 404 769 impudens!
436 714 591 770 injuria
610 729 698 757 non
718 713 918 756 ferenda!
951 729 1030 771 ego
1058 715 1143 757 hoc
1163 730 1248 757 uno
1268 715 1444 757 crimine
1465 715 1585 757 illum
1606 730 1708 758 con·

151 769 364 819 demnem‚
393 785 570 812 necesse
591 778 671 813 est.

208 825 288 868 IX.
314 825 394 879 Tu,
425 826 591 879 Caecili,
622 827 727 885 quid
746 828 909 870 facies?
953 827 1107 870 Utrum
1127 828 1213 871 hoc
1233 834 1400 870 tantum
1421 829 1580 871 crimen
1599 844 1706 886 prae-

151 883 391 925 termittes'l
423 898 477 925 an
497 885 706 941 objicies?
767 884 813 926 Si
835 885 1032 941 objicies,
1062 885 1180 927 id-ne
1212 886 1335 927 alteri
1367 886 1531 928 crimini
1568 886 1706 939 dabis,

152 939 270 996 quod
291 940 443 982 eodem
463 948 655 998 tempore
675 942 720 982 in
741 941 893 983 eadem
913 941 1133 998 provincia
1148 949 1194 983 tu
1214 942 1307 999 ipse
1328 941 1470 984 fecisti
1487 944 1504 984 ?
1527 943 1705 985 audebis

149 996 211 1038 ita
226 1010 430 1040 accusare
447 998 640 1049 alterum,
659 1006 722 1050 ut,
736 999 964 1055 quominus
981 1006 1073 1041 tute
1094 999 1392 1051 condemnere,
1408 1014 1602 1042 recusare
1619 1015 1706 1042 non

149 1053 322 1109 possis?
383 1054 461 1096 Sin
490 1056 814 1112 praetermittes3
836 1056 974 1112 qualis
997 1056 1076 1098 erit
1108 1056 1192 1098 ista
1221 1063 1296 1097 tua
1328 1056 1561 1108 accusatio,
1593 1071 1705 1113 quae,
1746 1053 1774 1093 5

151 1110 378 1153 domestici
398 1111 575 1168 periculi
597 1120 728 1164 metu,
750 1113 975 1154 certissimi
996 1120 1040 1154 et
1057 1112 1230 1154 maximi
1251 1112 1439 1154 criminis
1461 1128 1548 1154 non
1575 1113 1705 1155 modo

152 1166 454 1221 suspicionem,
474 1168 619 1210 verum
635 1169 766 1210 etiam
782 1170 1044 1211 mentionem
1065 1170 1218 1225 ipsam,
1238 1169 1542 1225 pertimescat?
1574 1170 1707 1227 Emp-

150 1229 242 1264 tum
263 1231 330 1265 est
349 1239 403 1265 ex
431 1224 475 1265 S.
498 1224 549 1266 C.
570 1225 828 1267 frumentum
862 1226 915 1267 ab
952 1225 1110 1267 Siculis
1145 1233 1323 1281 praetore
1344 1225 1491 1278 Verre,
1521 1240 1596 1282 pro
1619 1241 1705 1284 quo

150 1279 364 1321 frumento
386 1281 571 1335 pecunia
590 1282 730 1322 omnis
751 1282 895 1323 soluta
914 1297 1001 1323 non
1022 1289 1100 1323 est.
1133 1283 1272 1323 Grave
1293 1289 1359 1323 est
1377 1282 1462 1324 hoc
1482 1284 1642 1324 crimen
1660 1283 1706 1324 in

150 1334 341 1388 Verrem,
373 1350 515 1392 grave,
535 1351 603 1378 me
625 1343 780 1393 agente
798 1354 809 1388 3
838 1343 896 1389 te,
917 1344 1164 1389 accusante,
1185 1338 1350 1378 nullum
1368 1355 1377 1380 :
1410 1353 1502 1380 eras
1524 1339 1639 1381 enim
1658 1336 1773 1382 tulo

148 1399 360 1448 quaestor:
391 1392 618 1448 pecuniam
638 1393 857 1450 publicam
887 1401 935 1435 tu
954 1395 1194 1436 tractabas:
1227 1408 1279 1435 ex
1300 1394 1401 1450 qua,
1427 1395 1595 1436 etiamsi
1634 1411 1709 1438 cu-

149 1454 272 1505 peret
290 1454 459 1506 praetor,
491 1456 635 1492 tamen
663 1464 716 1492 ne
738 1465 825 1507 qua
843 1450 1049 1492 deductio
1070 1451 1208 1501 fieret,
1242 1450 1401 1507 magna
1421 1466 1474 1493 ex
1493 1458 1613 1508 parte
1633 1459 1708 1494 tua

146 1512 342 1561 potestas
357 1512 459 1548 erat.
504 1506 646 1563 Hujus
665 1521 837 1564 quoque
854 1507 1042 1549 criminis
1057 1506 1202 1563 igitur,
1218 1514 1260 1548 te
1277 1515 1524 1560 accusante,
1544 1509 1708 1551 mentio

147 1562 268 1604 nulla
286 1563 375 1604 fiet.
434 1561 644 1604 Silebitur
663 1570 757 1606 toto
779 1563 950 1620 judicio
969 1564 1023 1606 de
1043 1563 1243 1605 maximis
1259 1571 1303 1606 et
1322 1564 1560 1606 notissimis
1587 1565 1705 1608 illius

148 1617 272 1660 furtis
305 1625 348 1660 et
374 1618 553 1675 injuriis.
614 1620 728 1661 Mihi
749 1621 890 1673 crede,
924 1621 1089 1673 Caecili,
1120 1635 1207 1663 non
1227 1627 1374 1678 potest
1393 1621 1437 1662 in
1457 1622 1704 1664 accusando
1724 1619 1773 1661 15

148 1674 291 1717 socios
309 1674 407 1717 vere
430 1675 659 1718 defendere
679 1676 731 1727 is,
761 1677 954 1733 quicum
986 1692 1057 1719 reo
1091 1677 1318 1719 criminum
1356 1679 1564 1720 societate
1604 1693 1706 1721 con-

140 1731 322 1787 junctus
342 1739 423 1774 est.
483 1733 711 1790 Mancipes
733 1733 760 1775 a
780 1734 1028 1776 civitatibus
1045 1749 1121 1791 pro
1138 1734 1350 1776 frumento
1364 1735 1590 1791 pecuniam
1606 1750 1708 1777 exe-

149 1795 315 1845 gerunt.
373 1788 518 1838 Quid?
557 1790 656 1842 hoc,
687 1790 820 1833 Verre
858 1797 1052 1848 praetore,
1082 1791 1244 1833 factum
1276 1798 1343 1833 est
1379 1792 1545 1834 solum?
1593 1807 1706 1834 non:

150 1845 229 1887 sed
264 1844 395 1887 etiam
429 1853 640 1902 quaestore
676 1847 872 1890 Caecilio.
933 1847 1050 1896 Quid
1088 1847 1247 1904 igitur?
1277 1847 1483 1890 ³daturus
1518 1862 1564 1890 es
1602 1848 1707 1890 huic

149 1901 333 1954 crimini,
363 1902 482 1960 quod
517 1910 562 1946 et
589 1904 771 1961 potuisti
805 1904 1033 1961 prohibere
1067 1919 1122 1946 ne
1156 1905 1291 1954 fieret,
1323 1911 1366 1946 et
1400 1904 1620 1947 debuisti?
1651 1919 1706 1946 an
1718 1901 1775 1943 20

148 1964 291 2002 totum
322 1958 368 2002 id
406 1959 651 2018 relinques?
710 1961 828 2018 Ergo
858 1961 905 2004 id
941 1960 1116 2003 omnino
1159 1960 1315 2004 Verres
1352 1961 1397 2004 in
1423 1961 1594 2018 judicio
1626 1976 1707 2005 suo

603 2087 797 2140 ⁸objz'cies
816 2089 977 2129 crimen
998 2087 1099 2128 huic
1119 2084 1256 2128 Verri.

194 2215 247 2252 2'1.
274 2218 360 2250 Video
378 2220 553 2262 permulta]
598 2220 752 2258 Quartum
775 2220 910 2263 signum,
995 2223 1028 2252 7.
1054 2220 1191 2261 Emptum
1210 2221 1278 2262 est]
1322 2220 1429 2253 Sicilia
1454 2221 1550 2252 dabat
1563 2221 1711 2253 decuma-

150 2261 248 2304 qudd,
263 2261 335 2293 curn
350 2263 390 2293 sit
408 2267 591 2304 conjunctus
607 2275 677 2296 cum
692 2276 744 2296 reo
761 2265 910 2296 affinitate
952 2275 1027 2295 num
1043 2265 1238 2301 frumentum,
1255 2265 1337 2306 quod
1355 2266 1394 2295 ab
1417 2265 1585 2296 aratoribus
1607 2265 1710 2306 exige·

150 2305 323 2342 eriminum,
344 2315 408 2336 non
431 2311 536 2348 potest
561 2307 733 2339 defendere
757 2308 868 2345 socios,
890 2307 910 2339 ἃ
953 2309 1042 2339 batur
1056 2307 1124 2338 sine
1139 2308 1257 2348 preti03
1276 2312 1386 2348 praeter
1396 2307 1441 2344 id,
1455 2308 1614 2339 emebatur
1624 2308 1709 2339 aliud

151 2348 262 2390 quibus
277 2354 447 2380 accusatur.
951 2350 970 2380 5,
987 2350 1109 2387 Siculis,
1122 2361 1178 2391 pru
1193 2361 1255 2391 quo
1269 2361 1305 2381 ex
1318 2350 1599 2382 senatus-consulto
1613 2361 1709 2392 pecu-

196 2393 249 2422 23.
271 2391 315 2422 Ab
331 2392 524 2434 aratoribus]
570 2391 715 2425 Aratores
738 2398 838 2432 erant,
854 2393 907 2434 qui
951 2393 1005 2424 nia
1019 2393 1205 2425 solvebatur.

151 2443 227 2475 pop.
243 2433 338 2465 Rom.
350 2445 439 2476 agros
453 2436 667 2467 conduxerant
681 2437 721 2468 ad
749 2437 909 2468 arandum.
997 2439 1047 2467 10.
1084 2435 1236 2477 Nullum]
1294 2436 1383 2467 Illius
1420 2437 1553 2477 criminis
1592 2436 1708 2466 nullam

195 2478 249 2508 24.
275 2476 410 2519 &llam-J
434 2478 524 2510 Cella
543 2485 671 2511 vocatur
685 2479 848 2520 quodlibet
862 2489 910 2509 rc·
952 2479 1142 2510 mentionem
1154 2479 1290 2516 fecisset,
1311 2480 1337 2510 si
1355 2486 1514 2512 accusator
1526 2479 1707 2510 constitutus

151 2519 349 2561 ceptaculum
372 2521 418 2552 rei
445 2522 636 2553 domesticae.
680 2522 745 2554 Hic
764 2520 836 2554 vero
862 2522 909 2552 in-
952 2522 1062 2553 fuisset
1077 2521 1233 2553 Caecilius.

151 2562 266 2604 telligit
288 2573 443 2594 annonam
465 2564 702 2606 praetoris,quae
715 2565 748 2596 in
763 2564 909 2596 frumenti
997 2567 1048 2595 12.
1087 2564 1231 2596 Deductio
1262 2564 1379 2606 fleret]
1455 2564 1615 2595 Deduc-tio
1660 2567 1709 2593 est

151 2609 236 2636 certo
251 2616 379 2637 numero
393 2607 587 2647 praebebatur
600 2607 619 2638 ὲ
633 2607 757 2645 Siculis,
769 2608 909 2649 aquibus
953 2608 1066 2638 debitae
1102 2607 1242 2648 pecuniae
1275 2607 1498 2649 compensatio,
1544 2606 1615 2638 cum
1651 2615 1708 2646 pro

152 2646 266 2679 Verres
288 2654 321 2680 et
340 2649 505 2691 pecuniam
533 2659 589 2691 pro
614 2651 767 2682 frumento
794 2650 910 2691 exegit,
951 2661 985 2681 re
1015 2650 1121 2692 aliqua
1149 2651 1235 2682 aliud
1262 2654 1492 2691 compensatur,
1515 2654 1546 2679 et
1573 2648 1708 2679 detrahi-

153 2694 187 2720 et
200 2700 238 2721 eo
253 2691 366 2732 pretio,
389 2698 435 2732 ut,
448 2703 505 2734 pro
520 2691 641 2725 duobus
657 2693 817 2730 sestertiis,
831 2693 908 2723 duo·
953 2699 1011 2726 tur.
1705 2707 1708 2710 ·

152 2733 250 2764 denos
265 2744 321 2774 per
343 2735 479 2777 singulos
500 2735 622 2767 modios
640 2737 791 2780 exigeret,
810 2735 912 2767 sexies
996 2737 1049 2767 1⁷.
1071 2735 1250 2778 Mancipes]
1286 2734 1453 2776 Mancipes
1468 2739 1556 2766 erant
1568 2734 1710 2776 publica·

152 2775 225 2816 {¹¹⁰⁸
237 2776 333 2817 'quim
345 2779 532 2813 merebatur.
563 2778 616 2812 De
631 2779 778 2813 sestertiis
791 2779 911 2813 dictum
953 2789 1062 2854 noa-um
1071 2780 1254 2854 bprincipes,
1275 2778 1329 2822 qui
1359 2778 1528 2822 vectigalia
1549 2777 1569 2810 ἃ
1588 2777 1708 2820 populo

155 2823 202 2850 est
217 2819 319 2861 supra.
953 2832 985 2855 re
1008 2822 1069 2855 ime
1093 2827 1157 2855 ant.
