1790 3090
31 169 88 211 24

41 582 97 624 40
116 586 368 627 habebatur.

582 170 633 201 IN
655 170 911 209 CAECILIUM,
933 170 1194 204 DIVINATIO.

105 249 276 287 nostros
298 259 385 287 non
401 245 642 301 poenitebat
657 251 762 298 tum,
777 247 875 289 cum
890 248 941 289 P.
956 248 1178 299 Lentulus,
1191 247 1228 289 is
1245 247 1320 304 qui
1342 247 1541 303 princeps
1555 258 1680 289 sena-

34 299 89 341 35
108 303 178 344 tfis
198 302 294 354 fuit,
323 303 557 344 accusabat
580 302 645 343 M.
666 303 907 360 Aquilium,
939 306 1232 361 subscriptore
1269 304 1320 345 C.
1350 303 1515 345 Rutilio
1548 304 1680 354 Rufo,

110 365 185 401 aut
206 359 303 400 cum
325 359 375 400 P.
399 359 644 410 Africanus,
675 360 804 402 homo
827 363 997 413 virtute,
1028 364 1211 410 fortuna,
1243 361 1397 418 gloria,
1429 361 1555 402 rebus
1584 375 1681 414 ges-

111 416 167 457 tis
184 416 488 472 amplissimus,
520 416 804 473 posteaquam
826 418 892 459 bis
914 419 1066 460 consul
1089 426 1132 459 et
1153 433 1304 460 censor
1327 419 1476 469 fuerat,
1510 417 1556 457 L.
1578 417 1684 457 Cot-

112 480 203 514 tam
218 472 490 529 injudicium
523 472 722 514 vocabat.
781 473 884 515 Jure
904 481 996 515 tum
1030 475 1212 515 florebat
1230 475 1381 532 populi
1402 473 1589 515 Romani
1610 487 1685 514 no-

113 544 233 570 men:
258 530 354 586 jure
383 529 616 571 auctoritas
636 529 763 585 hujus
796 529 974 586 imperii,
1003 530 1274 583 civitatisque
1305 533 1523 588 majestas,
1542 529 1683 586 gravis

430 584 567 628 Nemo
589 586 822 628 mirabatur
848 588 893 628 in
910 587 1118 628 Africano
1140 587 1229 639 illo,
1261 589 1378 643 quod
1399 588 1445 628 in
1465 602 1532 629 me
1554 601 1684 635 nunc,

115 643 290 684 homine
311 643 451 698 parvis
475 643 629 699 opibus
650 658 700 684 ac
722 644 1003 686 facultatibus
1025 644 1219 700 praedito,
1243 644 1449 685 simulant
1481 659 1576 686 sese
1608 643 1687 684 mi-

116 700 213 753 rari,
246 699 344 741 cum
365 700 547 742 moleste
583 699 733 742 ferant.

794 701 911 749 Quid
938 701 1020 742 sibi
1051 701 1134 742 iste
1161 701 1282 742 vult?
1313 707 1685 743 accusatorem-ne

119 771 165 797 se
187 756 437 809 existimari,
459 757 534 813 qui
555 756 681 798 antea
704 757 932 800 defendere
954 757 1264 799 consueverat?
1295 772 1411 799 nunc
1431 757 1684 813 praesertim,

120 813 278 869 eajam
296 821 436 866 aetate,
469 813 566 855 cum
588 814 838 856 aedilitatem
868 816 1020 872 petat?

1082 814 1178 872 Ego
1198 813 1312 866 vero,
1344 822 1388 856 et
1407 814 1424 838 ‘¹
1438 814 1576 855 aetatis
1598 828 1686 854 non

44 866 100 907 45
119 870 249 911 modo
267 885 388 922 meae,
420 872 497 913 sed
527 872 665 912 multo
702 871 831 913 etiam
854 871 1100 928 superioris,
1133 880 1176 913 et
1209 872 1384 913 honoris
1415 869 1686 927 amplissimi,

117 933 224 983 puto
246 942 353 978 esse,
391 934 434 968 et
454 942 658 969 accusare
685 928 917 985 improbos,
950 936 994 970 et
1026 929 1204 970 miseros
1226 929 1591 984 calamitososque
1613 927 1688 968 de-

370 983 428 1025 Et

117 984 309 1025 fendere.

461 984 656 1040 profecto
689 993 763 1027 aut
791 986 875 1028 hoc
911 985 1146 1027 remedium
1182 993 1249 1027 est
1283 992 1454 1042 aegrotae
1479 999 1532 1026 ac
1553 982 1687 1041 prope

119 1041 357 1097 desperatae
370 1039 556 1097 Reipub.
563 1041 828 1097 judiciisque
843 1043 1054 1098 corruptis
1069 1057 1119 1084 ac
1133 1042 1438 1083 contaminatis
1454 1054 1688 1097 paucorum

117 1097 225 1139 vitio
246 1112 298 1139 ac
318 1097 599 1153 turpitudine,
618 1098 815 1140 homines
836 1100 891 1140 ad
909 1100 1054 1155 legum
1075 1099 1384 1149 defensionem,
1401 1097 1686 1154 judiciorum-

45 1149 101 1191 50
120 1169 204 1210 que
225 1154 541 1205 auctoritatem,
576 1152 707 1210 quam
723 1155 1052 1196 honestissimos
1070 1162 1113 1196 et
1133 1154 1431 1211 integerrimos
1449 1152 1690 1210 diligentis-

120 1211 340 1267 simosque
362 1211 588 1252 accedere:
621 1218 709 1262 aut,
732 1211 768 1252 si
789 1227 843 1253 ne
859 1212 945 1254 hoc
969 1211 1145 1268 quidem
1173 1211 1378 1268 prodesse
1399 1211 1572 1267 poterit,
1594 1224 1690 1267 pro-

120 1267 237 1309 fecto
275 1267 392 1308 nulia
433 1282 621 1324 unquam
653 1268 871 1310 medicina
910 1269 978 1310 his
1015 1275 1081 1310 tot
1117 1268 1404 1311 incommodis
1443 1267 1690 1324 reperietur.

121 1324 255 1365 Nulla
274 1325 388 1365 salus
406 1323 610 1380 Reipubl.
630 1326 767 1381 major
786 1332 867 1377 est,
899 1325 1031 1382 quam
1053 1340 1143 1377 eOS‚
1165 1326 1238 1381 qui
1259 1326 1441 1367 alterum
1468 1331 1689 1375 accusant,

120 1396 210 1423 non
230 1380 370 1422 minus
391 1381 445 1422 de
466 1382 605 1431 laude,
627 1382 680 1423 de
702 1383 879 1434 honore,
903 1385 956 1425 de
987 1382 1102 1424 fama
1122 1383 1215 1434 sua,
1234 1382 1366 1439 quam
1386 1383 1501 1434 illos,
1519 1381 1593 1438 qui
1621 1395 1690 1422 ac-

50 1436 105 1476 55
125 1445 344 1490 cusantur,
357 1438 410 1479 de
427 1438 569 1494 capite
587 1454 637 1480 ac
659 1439 841 1480 fortunis
859 1440 962 1489 suis,
983 1439 1299 1496 pertimescere.
1352 1439 1504 1495 Itaque
1522 1452 1691 1493 semper

123 1495 188 1536 illi
210 1495 541 1551 diligentissime
563 1496 986 1553 laboriosissimeque
1026 1495 1298 1546 accusarunt,
1328 1495 1404 1552 qui
1427 1510 1473 1538 se
1506 1494 1624 1552 ipsos
1646 1494 1691 1535 in

126 1552 357 1594 discrimen
379 1551 708 1594 existimationis
726 1553 869 1594 venire
892 1552 1086 1594 arbitrati
1104 1559 1218 1594 sunt.

768 1632 783 1656 ἃ
799 1636 1041 1676 senectutis.

167 1714 222 1743 34.
247 1711 321 1741 Czim
332 1711 407 1741 Pub.
422 1711 591 1753 Lentulus]
618 1712 779 1749 Lentulus,
796 1718 884 1753 pater

125 1755 250 1786 Lentuli
278 1755 374 1791 Surae,
391 1755 445 1796 qui
467 1754 499 1784 in
525 1765 647 1786 carcere
673 1761 801 1797 propter
823 1757 884 1787 Ca-

123 1799 221 1829 tilinae
239 1797 483 1838 conjurationem
498 1798 705 1838 strangulatus
722 1804 778 1829 est.

168 1841 218 1872 Ib.
243 1841 381 1880 Princeps
405 1841 548 1881 senatus]
594 1841 744 1882 Princeps
761 1841 885 1872 senatus

127 1885 147 1915 εἰ
161 1884 337 1915 censoribus
350 1884 376 1914 is
391 1884 562 1925 legebatur,
577 1885 630 1926 qui
656 1895 761 1916 eorum
783 1890 886 1916 vetus-

127 1928 261 1959 tissimus
278 1932 354 1957 erat.

173 1973 225 2002 35.
263 1970 309 2000 M.
326 1970 507 2011 Aquilium]
564 1970 709 2011 Aquilius
734 1971 752 2000 ἆ
776 1971 886 2001 Marco

127 2013 269 2044 Antonio
283 2014 429 2044 defensus
444 2019 504 2052 est,
517 2014 626 2054 aperta
639 2014 756 2052 tunica,
772 2019 806 2045 ut
821 2014 886 2054 ejus

127 2057 287 2088 cicatrices
300 2061 497 2097 apparerent.

171 2102 225 2131 37.
239 2099 276 2129 L.
289 2099 431 2139 Cottam]
457 2099 551 2130 Cotta
561 2100 579 2130 a
595 2100 633 2131 P.
644 2100 803 2137 Africano,
814 2106 887 2141 post

128 2143 301 2174 secundum
326 2142 522 2173 consulatum
545 2148 577 2172 et
604 2154 777 2179 censuram,
795 2155 888 2174 accu-

129 2191 213 2217 satus
229 2191 295 2217 est:
319 2185 373 2226 qui
387 2190 489 2215 tamen
505 2185 601 2228 (teste
625 2186 726 2217 Cicer.
747 2187 779 2216 in
796 2187 884 2218 Orat.

128 2240 185 2270 pro
201 2228 354 2267 Murena)
372 2228 528 2259 absolutus
546 2235 603 2265 est,
619 2241 658 2260 ne
675 2230 754 2260 tami
776 2231 886 2261 adver-

129 2273 201 2302 sarii
214 2272 354 2313 potentia
370 2282 534 2311 oppressus
549 2272 716 2303 videretur.

173 2318 225 2346 42.
252 2315 333 2349 Quid
361 2315 413 2344 sibi
440 2316 491 2344 iste
517 2316 582 2345 vult
594 2316 620 2356 ?]
689 2316 886 2346 Calumniam

127 2359 337 2399 improborum
354 2362 461 2388 contra
482 2368 514 2388 se
537 2358 676 2398 exponit,
692 2359 744 2399 qui
757 2359 887 2390 moleste

127 2402 231 2432 ferunt
254 2400 272 2431 a
296 2401 449 2432 Cicerone
473 2400 603 2431 Verrem
631 2402 783 2437 accusari,
800 2402 889 2432 veriti

127 2455 168 2475 ne
191 2445 340 2485 deinceps
357 2444 397 2474 ad
420 2443 561 2474 homines
584 2444 697 2485 probos
719 2446 887 2476 accusandi

127 2488 321 2519 consuetudo
340 2487 500 2519 deveniat.

973 1714 1025 1744 44.
1073 1713 1148 1744 Cum
1175 1715 1341 1745 aedilitatem
1374 1713 1481 1754 petat]
1544 1712 1693 1744 AEdiiitas

929 1757 1086 1787 secundus
1121 1763 1188 1787 erat
1219 1758 1425 1799 magistratu&
1449 1756 1503 1798 qui
1530 1756 1692 1796 gerebatur

928 1798 960 1829 in
990 1799 1118 1840 Repub.
1136 1800 1238 1830 Natus
1265 1806 1368 1831 autem
1393 1806 1460 1831 erat
1488 1804 1550 1830 tum
1580 1798 1691 1830 Cicero

931 1853 1026 1872 annos
1043 1845 1096 1874 36.
1112 1844 1177 1874 haec
1194 1849 1299 1874 autem
1322 1848 1396 1874 aetas
1420 1842 1562 1873 aedilitati
1589 1841 1691 1883 legiti-

931 1896 981 1916 ma
996 1886 1065 1916 fuit.

975 1930 1026 1959 45.
1050 1929 1103 1959 Sed
1116 1930 1207 1960 multo
1221 1930 1307 1959 etiam
1321 1928 1502 1969 superioris]
1544 1925 1693 1957 Ostendit

932 1970 983 2001 hic
999 1982 1061 2002 non
1087 1972 1186 2002 solum
1210 1973 1250 2002 ad
1275 1972 1504 2007 adolescentes,
1529 1969 1584 2000 sed
1598 1969 1692 1999 etiam

933 2015 970 2045 ad
984 2015 1075 2051 viros,
1088 2016 1241 2056 pertinere
1255 2025 1365 2046 munus
1378 2013 1557 2048 accusandi,
1569 2011 1640 2043 cum
1652 2013 1693 2042 de

932 2057 1130 2089 sublevandis
1155 2058 1274 2088 miseris
1295 2058 1408 2097 agitur,
1426 2056 1496 2088 cum
1520 2056 1598 2087 illud
1615 2065 1694 2096 prae·

932 2100 1034 2131 sertim
1064 2102 1238 2142 usurparint
1271 2101 1326 2131 viri
1357 2106 1448 2132 aetate
1478 2098 1632 2142 provecti,
1663 2103 1694 2128 et

932 2144 1119 2175 consulares.

976 2186 1024 2217 Ib.
1050 2187 1177 2218 Honoris
1205 2185 1405 2226 amplissimi]
1455 2186 1517 2217 Per
1544 2186 1693 2215 honorem

933 2230 1169 2270 amplissimum,
1212 2230 1406 2260 consulatum
1444 2228 1604 2268 intelligit,
1639 2227 1694 2268 qui

933 2274 1071 2304 omnium
1089 2274 1325 2314 magistratuum
1342 2278 1408 2303 erat
1423 2272 1582 2303 maximus.

975 2318 1028 2347 47.
1050 2317 1207 2358 AEgrotae.]
1255 2317 1388 2356 AEgrota
1401 2321 1447 2346 est
1462 2314 1606 2355 Respub.
1621 2312 1691 2343 cuin

933 2359 1021 2388 malis
1037 2361 1157 2390 civibus
1169 2364 1286 2390 scatet:
1311 2360 1479 2401 desperata.
1492 2362 1550 2394 est,
1566 2355 1637 2389 esim
1653 2356 1692 2387 ab

932 2402 968 2432 iis
984 2403 1178 2443 opprimitur.

772 2560 1049 2593 PERORATIO.

183 2638 357 2681 XVIII.
388 2636 679 2686 Quamobrem
695 2635 779 2677 hoc
796 2642 998 2688 statuere,
1013 2635 1202 2693 judices,
1236 2634 1417 2686 debetis,
1447 2633 1501 2682 Q.
1524 2633 1692 2675 Caecili-

125 2712 212 2748 um,
235 2696 288 2737 de
310 2710 397 2752 quo
417 2695 537 2735 nulla
557 2707 749 2749 unquam
769 2700 784 2716 ²³
799 2694 945 2750 opinio
965 2693 1106 2744 fuerit,
1124 2693 1326 2748 nullaque
1348 2692 1391 2732 in
1416 2691 1500 2732 hoc
1520 2689 1691 2747 ipsoju-

124 2753 242 2796 dicio
264 2752 532 2810 exspectatio
552 2750 694 2792 futura
715 2750 785 2803 sit,
807 2766 891 2808 que
911 2766 1050 2809 neque
1067 2757 1116 2792 ut
1131 2749 1232 2792 ante
1253 2750 1271 2775 ¹³
1288 2749 1516 2793 collectam
1534 2748 1690 2792 famam

377 2837 393 2858 ²
408 2833 665 2877 eoeistimatio
684 2829 812 2875 bona.

1043 2829 1060 2855 ¹⁰
1071 2833 1342 2887 acquisitam·
