1790 3090
86 192 141 236 33
745 181 796 221 IN
819 180 1078 225 GATJLINAM
1100 191 1129 224 1.

158 268 351 312 omnium
370 268 540 320 '‘civi'um,
574 266 745 310 Italiam
765 268 952 327 denique
971 275 1125 323 totam,
1140 267 1198 312 ad
1219 267 1396 311 exitium
1412 272 1458 310 et
1475 268 1723 311 'vastitatem

157 332 306 369 vocas.

216 383 299 426 III.
332 381 487 432 Quare,
515 381 717 446 quoniam
749 383 808 435 id,
839 384 955 447 quod
987 384 1187 440 primum,
1227 389 1357 440 atque
1388 383 1517 439 hujus
1550 382 1719 438 imperii

157 441 483 497 disciplinaeque
505 454 712 495 maJorum
744 455 961 496 proprium
992 447 1070 492 est,
1102 441 1242 482 facere
1257 455 1345 483 non
1366 441 1532 491 aude03
1563 439 1720 481 faciam

156 497 203 538 id
224 498 343 553 quod
382 502 449 538 est
474 498 529 537 ad
563 496 864 538 aseveritatem
884 497 1038 547 lenius,
1070 503 1114 538 et
1147 497 1202 537 ad
1234 511 1504 539 communem
1535 497 1719 538 salutem

156 554 333 606 utilius3
364 568 477 603 nam,
496 553 532 595 si
552 558 594 594 te
616 553 829 595 interfici
813 567 1000 609 Jussero,
1021 552 1257 594 residebit'
1247 568 1292 594 m
1312 553 1534 610 republica
1553 553 1720 616 reliqua

113 613 140 653 5
159 611 477 667 conjuratorum
504 624 679 651 manus·
670 642 681 662 ,
718 609 785 651 sin
805 616 851 650 tu
871 610 1009 666 (quod.
1027 615 1071 651 te
1085 609 1343 665 jamdudum
1361 612 1527 674 hortor)
1549 609 1719 662 exieris,

158 667 430 709 exhaurietur
449 681 501 708 ex
521 667 624 708 mbe
641 673 811 708 tuorum
830 667 1038 708 comitum
1051 680 1207 723 magna
1227 673 1270 708 et
1289 667 1532 730 perniciosa
1551 666 1721 708 sentina

162 724 463 780 [reipublicae].
511 723 627 772 Quid
649 731 729 776 est,
751 723 967 765 Catilina?
989 738 1091 765 num
1106 702 1279 765 doubitas
1300 724 1358 773 id,
1378 739 1445 765 me
1467 724 1720 779 imperante,

159 781 315 830 facere,
345 781 489 837 quod
473 796 566 836 Jam
581 781 658 822 tua
678 786 831 837 sponte
849 780 1065 822 faciebas?
1109 780 1237 822 Exire
1258 795 1311 822 ex
1329 781 1432 822 urbe
1451 781 1604 821 consul
1619 781 1720 821 hos-

159 844 249 879 tem
258 839 410 894 Jubet
441 838 680 894 interrogas
701 853 784 889 me,
812 852 916 879 num
936 837 981 878 in
1001 837 1229 879 exsilium?
1259 851 1346 879 non
1361 837 1525 893 jubeo:
1557 837 1648 887 sed,
1681 836 1718 877 si

90 897 142 938 10
161 909 229 936 me
265 872 470 946 consulis,
516 896 693 938 suadeo.
752 894 870 943 Quid
909 894 1037 944 enim,
1069 894 1271 946 Catilina,
1296 900 1370 975 best
1399 893 1516 958 quod
1554 899 1598 935 te
1625 893 1719 949 jam

159 951 206 991 in
226 951 312 992 hac
328 952 431 993 urbe
452 952 663 993 delectare
679 952 833 1008 possit,
866 951 909 992 in
930 967 1017 1007 qua
1037 966 1163 993 nemo
1185 958 1264 1003 est,
1296 951 1453 992 bextra
1467 951 1594 992 istam
1615 965 1719 992 con-

154 1007 414 1063 jurationem
444 1008 706 1064 perditorum
736 1008 973 1058 hominum,
997 1008 1070 1064 qui
1093 1015 1135 1050 te
1166 1023 1253 1050 non
1271 1014 1451 1060 metuat,
1485 1021 1613 1048 nemo
1644 1007 1719 1063 qui

159 1072 205 1105 te
226 1079 310 1105 non
331 1064 497 1106 oderit?
557 1065 666 1113 Quae
697 1071 800 1106 nota
836 1065 1086 1106 domesticae
1116 1065 1395 1120 turpitudinis
1426 1079 1515 1105 non
1546 1064 1722 1105 cinusta

158 1121 259 1162 vitae
279 1127 364 1162 tuae
397 1127 483 1172 est3
516 1121 633 1176 quod
660 1121 918 1183 privatarum
950 1136 1087 1161 rerum
1119 1121 1307 1163 dedecus
1339 1136 1427 1162 non
1455 1121 1619 1161 dhaeret
1638 1121 1721 1174 [iu-

90 1183 142 1224 15
160 1177 301 1218 famiae
311 1177 347 1232 ?]
377 1192 474 1233 quae
494 1177 630 1218 libido
651 1179 706 1219 ab
728 1177 880 1229 oculis,
912 1177 1027 1233 quod
1057 1177 1225 1218 facinus
1259 1194 1285 1218 a
1311 1177 1508 1218 manibus
1528 1191 1719 1233 unquam

158 1234 261 1286 tuis,
275 1234 393 1291 quod
410 1232 664 1290 flagitium
645 1249 671 1274 a
687 1239 779 1275 toto
794 1248 985 1314 corpore,
999 1233 1158 1275 abfuit?
1220 1234 1302 1276 Cui
1313 1240 1362 1275 tu
1377 1234 1721 1286 adolescentulo,

191 1306 290 1332 uem
318 1292 655 1354 corruptelarum
671 1290 921 1333 illecebris
933 1290 1201 1342 irretivisses,
1224 1306 1312 1333 non
1327 1297 1402 1332 aut
1421 1291 1477 1332 ad
1497 1290 1724 1333 audaciam

158 1307 330 1398 ifierrum,
360 1355 435 1389 aut
455 1348 509 1390 ad
530 1347 756 1390 libidinem
775 1349 926 1411 facem,
944 1348 1199 1404 praetulisti?
1270 1348 1387 1398 Quid
1406 1347 1536 1389 vero.
1523 1347 1540 1377 Ῥ
1569 1362 1721 1404 nuper,

160 1405 271 1456 cum,
320 1411 457 1447 morte
502 1404 753 1468 fsuperioris
783 1404 943 1454 uxoris,
973 1420 1095 1447 novls
1126 1405 1288 1462 nuptiis
1329 1405 1505 1447 domum
1541 1419 1722 1447 vacuam

85 1469 142 1510 20
160 1461 354 1515 fecisses,
385 1477 494 1504 non·
499 1477 554 1504 ne
585 1461 715 1504 etiam
736 1462 819 1503 alio
838 1461 1082 1503 incredibili
1105 1463 1265 1505 scelere
1296 1462 1380 1504 hoc
1415 1462 1555 1505 scelus
1571 1477 1722 1503 cumu-

158 1519 290 1560 lasti?
329 1520 456 1583 quod
483 1533 564 1576 ego
592 1519 884 1583 praetermitto,
916 1525 960 1560 et
978 1518 1105 1560 facile
1134 1520 1276 1575 patior
1309 1519 1438 1569 sileri,
1472 1533 1526 1560 ne
1557 1518 1603 1559 in
1635 1518 1724 1560 hac

157 1576 332 1618 civitate
350 1575 459 1617 tanti
478 1554 681 1617 facinoris
701 1575 944 1617 immanitas
964 1583 1040 1616 aut
1058 1576 1288 1627 exstitisse,
1310 1583 1385 1617 aut
1402 1590 1490 1617 non
1503 1574 1727 1617 vindicata

159 1648 270 1685 esse,
301 1633 513 1675 videatur.
590 1632 879 1695 Praetermitto
911 1631 1053 1673 ruinas
1084 1632 1349 1675 fortunarum
1398 1639 1582 1682 tuarum,
1614 1647 1721 1689 quas

159 1704 309 1732 omnes
325 1689 573 1747 impendere
591 1690 670 1732 tibi
688 1688 894 1748 proximis
917 1688 1067 1732 Idibus
1089 1690 1274 1733 senties:
1306 1690 1362 1732 ad
1381 1689 1456 1732 illa
1468 1689 1611 1743 venio,
1624 1704 1721 1746 quae

743 1834 761 1859 ¹³
771 1837 956 1889 eoeceptz‘s
986 1837 1076 1878 tuis
1094 1836 1346 1890 conjuratis.
1482 1841 1499 1859 ⁶
1513 1827 1666 1892 ἰφῃῑαια.

807 1898 821 1915 ⁸
836 1894 1051 1936 ademisse&
1239 1891 1253 1916 f
1260 1894 1438 1947 prioris-

216 1842 232 1860 2
243 1828 385 1880 miritis
403 1849 610 1917 &efferum

475 1898 633 1935 manet.

203 2032 235 2063 6.
259 2031 393 2064 Sentina
397 2030 413 2071 ]
458 2028 682 2071 Metapliora
666 2041 686 2059 a
700 2028 784 2065 navi,
808 2038 845 2059 ex
859 2029 922 2070 qua

159 2074 316 2115 quidquid
330 2085 419 2116 aquae
435 2078 468 2104 et
480 2074 617 2104 sordium
639 2077 698 2109 est,
722 2072 754 2103 in
769 2073 921 2103 sentinam

159 2117 282 2148 influit:
306 2117 362 2154 i1a,
386 2121 540 2158 quotquot
567 2116 699 2157 improbi
725 2120 757 2145 at
779 2115 922 2146 scelerati

159 2159 284 2190 fuerunt
308 2159 495 2197 incivitate,
518 2160 557 2190 ad
590 2159 756 2190 Catilinam
785 2158 919 2199 profecti

159 2208 243 2233 sunt.
288 2203 397 2240 Quint.
425 2203 479 2234 lib.
502 2204 534 2234 Β.
556 2202 664 2233 laudat
686 2203 766 2232 hanc
794 2201 920 2233 Cicero-

160 2245 208 2276 nis
229 2247 442 2287 metaphoram
474 2247 515 2277 ad
552 2245 726 2276 foeditatem
762 2245 921 2276 hominurn

158 2288 409 2330 significandum.

205 2335 236 2364 9.
260 2332 453 2373 Ncmjubm]
498 2330 675 2372 Nonjubet
690 2336 725 2362 ut
746 2332 839 2362 abeat
859 2332 922 2364 Ca-

161 2374 249 2404 tilina
276 2376 309 2406 in
337 2375 490 2414 exsilium,
514 2375 570 2406 sed
587 2375 700 2405 suadet
722 2374 864 2413 tantum,
856 2386 864 2392 ·
887 2375 920 2405 id

163 2421 267 2448 autem
291 2419 379 2456 dicit,
407 2424 444 2449 ut
468 2422 625 2448 removeat
647 2428 665 2447 a
690 2428 723 2448 se
749 2418 915 2455 invidiam;

162 2470 235 2490 nam
251 2462 367 2502 regium
379 2461 540 2502 imperium
558 2471 621 2502 prae
636 2471 669 2491 se
692 2461 797 2497 fen-,et
825 2460 850 2491 si
865 2460 918 2502 ju-

163 2501 273 2534 beret
265 2512 309 2534 ire
323 2504 355 2534 in
368 2504 516 2535 exsilium.

207 2548 261 2577 13.
285 2546 680 2587 Domesticaeturpitudinis]
718 2545 750 2577 Si
760 2545 917 2583 Sallustio,

164 2587 344 2625 Plutarcho,
370 2595 402 2620 et
425 2589 563 2621 Asconio
583 2590 756 2629 credamUS,
781 2589 921 2620 Catilina

163 2632 288 2663 fratrem
323 2633 447 2669 occidit,
486 2638 518 2664 et
551 2633 659 2669 filium,
690 2636 726 2663 ut
759 2631 920 2663 Aureliam

165 2674 342 2706 Orestillam
365 2681 491 2706 uxorem
514 2677 659 2715 duceret3
685 2682 717 2706 et
744 2675 838 2706 filiam
864 2675 920 2706 de-

163 2719 259 2760 nique
274 2729 360 2750 suam
372 2719 508 2750 violavit.

208 2762 261 2793 1¹7.
282 2763 331 2792 Ad
355 2761 664 2805 audaciamferrum]
711 2762 749 2792 Id
766 2766 825 2800 est,
842 2773 920 2804 quos

164 2810 343 2846 corruperat
379 2805 495 2837 nefarie
528 2805 675 2844 Catilina,
708 2814 763 2835 eos
796 2806 846 2836 vel
879 2806 920 2839 ad

162 2857 260 2890 arma,
282 2848 333 2883 vel
347 2850 388 2893 acl
402 2850 465 2883 vim
478 2848 667 2890 faciendam,
689 2848 855 2884 excitabat.

1010 2030 1062 2059 18.
1084 2028 1133 2058 Ad
1156 2028 1332 2070 libidinem]
1378 2027 1491 2060 Scribit
1520 2028 1560 2059 de
1588 2039 1627 2061 eo
1653 2028 1722 2060 Sal-

964 2072 1084 2108 lustius,
1118 2071 1203 2112 quod
1237 2072 1370 2113 juvenes
1407 2072 1465 2102 sibi
1511 2072 1721 2108 devinciebat,

965 2125 1056 2156 quos,
1077 2114 1248 2145 secundum
1264 2115 1415 2158 cujusque
1438 2115 1586 2153 studium,
1609 2125 1721 2148 accen-

962 2159 1059 2189 debat
1071 2158 1110 2195 ad
1123 2158 1212 2189 vitia.

1007 2203 1060 2232 19.
1086 2201 1213 2231 Vacaam
1227 2200 1372 2243 fecisses]
1431 2201 1570 2233 Domum
1590 2207 1721 2233 vacuam

963 2245 1050 2281 fecit,
1073 2245 1215 2275 necando
1238 2244 1346 2282 filium,
1379 2254 1472 2288 quern
1500 2256 1538 2276 ex
1564 2245 1722 2287 superiore

965 2298 1059 2318 uxore
1070 2288 1232 2318 habuerat.
1390 2323 1392 2325 ‚

1010 2334 1061 2362 20.
1085 2330 1253 2361 Incredibili
1271 2331 1396 2373 scelera]
1440 2331 1563 2368 Filiam,
1575 2341 1668 2373 quam
1683 2341 1721 2362 ex

966 2374 1119 2405 adulterio
1131 2380 1318 2415 susceperat,
1332 2379 1458 2405 uxorem
1472 2374 1569 2405 duxit.

1005 2419 1057 2448 24.
1082 2419 1228 2450 Proximis
1252 2417 1383 2459 Idibus]
1426 2417 1503 2448 Idus
1532 2416 1719 2448 Novembris

962 2466 1060 2496 notat,
1086 2471 1149 2501 quo
1176 2465 1316 2501 tempore
1331 2471 1454 2491 usuram
1477 2461 1604 2492 creditae
1624 2471 1722 2502 pecu-

962 2503 1021 2533 niae
1058 2503 1236 2534 foeneratori
1270 2503 1389 2534 solvere
1425 2504 1610 2544 oportebat3
1632 2504 1718 2534 unde

961 2545 1120 2582 Horatius,
1158 2545 1325 2577 Faenerator
1379 2546 1484 2587 Alfius,
1529 2546 1581 2584 &0⁴-
1612 2556 1720 2577 ornnem

962 2590 1066 2630 ‘relegit
1085 2589 1185 2620 Idibus
1203 2591 1369 2629 pecuniam,
1389 2591 1495 2630 quaerit
1518 2589 1659 2620 Kalendis
1668 2599 1723 2630 po-

964 2643 1039 2663 nere.
1099 2630 1179 2663 Cum
1214 2638 1318 2663 autem
1352 2634 1466 2663 eodem
1493 2632 1548 2663 illo
1577 2637 1717 2674 tempore

963 2675 1051 2706 multi
1075 2686 1134 2706 aere
1159 2675 1259 2706 alieno
1287 2681 1476 2713 tenerentur,
1501 2680 1533 2706 et
1555 2675 1587 2706 in
1611 2675 1717 2717 primis

964 2717 1111 2756 Catilina,
1135 2723 1167 2749 et
1191 2729 1285 2749 nemo
1309 2719 1417 2750 debita
1443 2718 1587 2756 solveret,
1610 2728 1715 2749 eorum

963 2762 1045 2792 bona
1069 2762 1289 2802 proscribenda
1311 2763 1431 2793 censuit
1444 2762 1568 2799 Cicero,
1591 2768 1627 2792 ut
1652 2772 1718 2794 cre-

965 2804 1114 2836 ditoribus
1138 2805 1227 2836 fieret
1252 2804 1349 2844 satis;
1381 2806 1475 2847 quare
1499 2804 1636 2836 Catilina
1658 2805 1718 2836 sibi

964 2849 1153 2884 fortunarum
1164 2848 1283 2894 ruina&
1296 2848 1480 2893 impendere
1491 2848 1656 2885 sentiebat.
1718 2858 1721 2861 ’
