1790 3090
101 138 185 184 144

793 138 886 172 PRO
916 139 1132 174 MURENA.

170 230 283 270 meo,
295 217 473 274 populo,
489 215 690 273 plebique
703 214 923 269 Romanae,
938 216 1049 259 bene
1070 223 1200 276 atque
1217 218 1400 262 feliciter
1415 221 1627 275 eveniret3
1658 237 1728 265 ea-

125 277 152 317 5
172 275 270 317 dem
286 289 434 331 precor
450 275 503 315 ab
526 273 679 314 iisdem
696 274 777 316 diis
799 274 1111 317 immortalibus
1133 276 1188 318 ob
1208 277 1402 333 ejusdem
1418 278 1606 321 hominis
1627 295 1730 322 con-

171 332 355 373 sulatum
374 329 460 372 una
480 345 579 372 cum
607 337 621 354 ⁰
634 331 771 372 salute
792 331 1086 384 obtinendum,
1108 339 1153 374 et
1174 339 1221 374 ut
1242 341 1394 376 vestrae
1413 342 1579 377 mentes
1598 343 1726 393 atque

170 388 392 430 sententiae
413 402 510 428 curn
541 387 687 443 populi
719 387 847 429 Rom.
867 389 1087 430 voluntate
1110 389 1408 447 suffragiisque
1429 392 1726 444 consentiant3

169 459 304 501 eaque
326 459 393 485 res
424 443 547 485 vobis
579 444 826 499 populoque
849 443 976 485 Rom.
997 460 1164 500 pacem,
1185 448 1555 503 tranquillitatem,
1578 449 1728 502 otium,

168 500 543 556 concordiamque,
565 500 727 542 afferat.
760 500 890 548 Quod
911 500 948 541 si
970 500 1045 542 illa
1064 502 1269 543 sollennis
1290 505 1561 548 comitiorum
1582 521 1728 562 preca-

98 559 149 600 10
167 558 243 610 tio,
258 558 553 599 consularibus
566 556 769 619 auspiciis
784 563 1050 609 consecrata,
1066 564 1231 600 tantam
1243 559 1375 602 habet
1388 561 1431 602 in
1445 578 1491 604 se
1507 563 1593 604 vim
1610 569 1653 604 et
1667 577 1729 605 re-

166 615 385 672 ligionem,
413 621 619 671 quantam
650 613 898 669 relpublieae
930 613 1118 670 dignitas
1149 617 1359 671 postulat3
1392 617 1507 660 idem
1530 634 1610 676 ego
1633 635 1729 661 sum

165 678 379 728 precatus,
399 678 448 712 ut
463 671 524 712 eis
546 685 718 727 quoque
740 670 1001 722 hominibus,
1020 671 1176 727 quibus
1197 672 1270 714 hic
1286 676 1551 728 consulatus,
1573 691 1641 717 me
1663 691 1730 718 ro·

166 735 296 783 gante
330 728 472 780 datus,
493 734 620 779 esset,
645 742 695 769 ea
715 742 781 768 res
803 727 960 779 fauste,
984 728 1181 781 feliciter,
1202 730 1491 787 prospereque
1525 733 1728 774 eveniret.

166 786 275 834 Quae
295 784 393 826 cum
421 784 484 826 ita
513 784 613 836 sint,
637 784 825 841 judices,
848 791 891 825 et
921 784 1018 826 cum
1048 786 1185 827 omnis
1217 787 1393 828 deorum
1424 789 1729 831 immortalium

95 843 147 885 15
164 847 357 898 potestas
379 848 454 882 aut
472 842 675 882 translata
695 841 752 882 sit
771 842 827 882 ad.
846 856 937 892 VOS,
960 848 1035 883 aut
1068 843 1085 866 ἃ
1100 842 1214 884 certe
1247 845 1566 887 communicata
1585 846 1728 888 vobis-

165 913 264 939 cum
282 913 292 949 ;
323 898 438 939 idem
454 898 604 940 consul
620 912 716 939 eum
729 904 879 939 vestrae
896 899 998 940 fidei
1016 900 1302 952 commendat,
1321 902 1395 957 qui
1412 902 1539 944 antea
1557 902 1640 944 diis
1653 902 1728 944 im-

163 953 418 996 mortalibus
439 954 770 1006 commendavit,
793 961 842 995 ut
863 956 1056 1010 ejusdem
1087 957 1273 998 homin-is
1293 973 1399 1000 voce
1423 966 1466 1000 et
1487 960 1731 1001 declaratus

163 1011 331 1063 consul,
364 1017 407 1060 et
438 1011 655 1063 defensus,
677 1010 936 1052 beneficium
963 1013 1112 1068 populi
1143 1013 1271 1055 Rom.
1293 1030 1392 1055 cum
1423 1015 1565 1057 vestra
1599 1023 1728 1072 atque

163 1067 354 1109 omnium
374 1067 530 1108 civium
562 1068 700 1108 salute
734 1073 916 1109 tueatur.

977 1068 1047 1119 Et,
1068 1070 1273 1124 quoniam
1294 1070 1336 1111 in
1359 1072 1442 1113 hoc
1475 1071 1617 1113 officio
1639 1079 1729 1114 stu-

89 1127 145 1168 QO
164 1124 282 1165 dium
299 1138 404 1165 meae
418 1124 679 1165 defensionis
696 1124 749 1165 ab
764 1124 1103 1177 accusatoribus,
1114 1132 1244 1182 atque
1261 1126 1390 1168 etiam
1404 1129 1497 1184 ipsa
1510 1129 1728 1185 susceptio

162 1195 304 1225 causae
336 1181 592 1238 reprehensa
633 1186 725 1233 est3
757 1180 990 1238 antequam
1028 1197 1105 1239 pro
1149 1183 1194 1225 L.
1212 1183 1399 1226 Murena
1435 1185 1576 1228 dicere
1608 1185 1730 1228 lusti-

444 1386 459 1404 0
472 1381 747 1423 absolutione„

158 1665 289 1697 ferebat.
347 1664 484 1696 Tributis
521 1664 614 1696 etiam
652 1663 785 1695 minores
822 1663 920 1705 magi-

158 1713 271 1739 stratus
291 1709 496 1747 creabantur3
520 1714 614 1750 atque
634 1708 667 1738 in
682 1708 720 1738 iis
736 1708 829 1737 etiam
845 1718 919 1748 age-

158 1752 249 1782 batur
272 1753 311 1782 de
334 1751 453 1791 legibus
478 1752 627 1787 ferendis,
642 1761 717 1791 quas
739 1750 838 1791 plebs,
854 1761 919 1780 nia-

160 1795 287 1835 gistratu
297 1794 422 1835 publico
436 1800 577 1836 rogante,
589 1794 809 1826 constituebat.
833 1793 920 1824 Nota

159 1844 274 1875 autem,
286 1837 371 1879 quOd
383 1837 475 1868 etiam
486 1838 621 1869 Comitia
634 1837 744 1868 Calata
758 1836 919 1867 nominan-

159 1886 220 1919 tur,
233 1892 295 1911 non
321 1885 424 1910 autem
452 1880 607 1921 proprium
630 1887 661 1910 et
685 1880 843 1919 peculiare
864 1890 919 1920 ge-

158 1935 215 1954 nus
239 1924 400 1961 efficiunt;
423 1934 495 1954 nam
522 1924 625 1954 omnia
649 1926 781 1963 primum
806 1922 918 1953 Calata

160 1967 297 1998 Comitia
314 1967 398 1996 dicta
412 1971 492 2002 sunt,
505 1967 559 2007 qui
574 1977 629 2007 per
641 1975 799 2006 praecones
814 1970 917 2006 patres

158 2010 359 2045 vocabantur,
381 2008 498 2049 plebeii
527 2008 597 2039 vero
630 2020 686 2050 per
722 2008 914 2047 cornicines;

158 2054 197 2083 ab
212 2052 270 2084 hac
294 2056 398 2083 autem
423 2063 499 2083 voce
527 2052 642 2088 calare,
657 2052 691 2082 id
716 2056 774 2087 est,
795 2061 916 2087 vocare,

156 2096 241 2127 dicta
257 2101 339 2126 sunt.
382 2093 466 2127 Cum
491 2105 563 2125 vero
581 2095 708 2126 verbum
733 2094 791 2124 hoc
808 2094 916 2124 desiis-

155 2145 204 2170 set
227 2139 258 2169 in
284 2150 339 2169 usu
363 2150 444 2177 esse,
459 2143 611 2168 retentum
627 2142 674 2169 est
696 2147 810 2168 nomen
826 2137 919 2168 Cala-

153 2187 252 2213 torum
276 2182 480 2213 comitiorum
501 2182 533 2211 in
556 2181 604 2211 his
627 2179 746 2211 tantum
767 2190 837 2221 quae
860 2191 916 2221 pro

154 2225 287 2265 collegio
302 2226 494 2266 pontificum,
510 2231 564 2255 aut
579 2225 659 2266 regis
679 2233 848 2262 sacrorum,
862 2228 916 2254 aut

153 2269 314 2299 flaminum
338 2268 630 2309 inaugurandorum,
644 2267 694 2297 vel
714 2271 914 2297 testamento-

152 2323 219 2342 rum
249 2312 486 2349 condensorum,
509 2309 603 2342 causa
627 2311 753 2341 fiebant.
799 2309 850 2340 De
866 2310 912 2340 his

153 2355 295 2385 omnibus
318 2354 451 2386 comitiis
473 2354 539 2384 fuse.
562 2357 674 2384 tractat
696 2352 845 2390 Rosinus,
859 2353 913 2386 lib.

153 2399 184 2429 6.
199 2399 280 2428 hunc
293 2399 430 2429 consule.

194 2443 226 2471 4.
250 2440 373 2480 Populo,
384 2438 541 2481 plebique]
586 2438 680 2470 Plebs
696 2437 714 2468 a
733 2438 851 2480 populo
874 2449 912 2470 eo

153 2483 269 2519 differt,
285 2494 346 2524 quo
363 2483 482 2523 species
507 2482 524 2512 ῖι
552 2492 682 2523 genere;
707 2492 778 2512 nam
802 2482 912 2522 appel-

152 2526 270 2556 latione
293 2526 401 2566 populi
427 2526 560 2556 universi
579 2525 664 2556 cives
689 2525 913 2565 significantur,

153 2569 381 2599 connumeratis
402 2570 497 2599 etiam
513 2568 649 2609 patriciis
665 2572 698 2598 et
708 2567 911 2599 senatoribus.

154 2612 262 2643 Plebis
294 2616 398 2642 autem
432 2611 656 2652 appellatione,
679 2610 744 2641 sine
777 2611 911 2651 patriciis

152 2660 185 2685 et
212 2655 416 2690 senatoribus,
445 2654 548 2686 caeteri
576 2654 659 2684 cives
691 2654 912 2694 significantur.

151 2698 233 2728 Hinc
246 2698 471 2738 plebis-scitum
482 2697 627 2728 definitur
635 2697 694 2733 lex,
705 2708 798 2738 quam
810 2697 912 2738 plebs,

150 2751 212 2771 non
240 2741 384 2782 populus,
410 2741 535 2782 accipit.
580 2740 633 2770 Ad
654 2741 778 2781 plebem
806 2746 910 2771 autem

150 2784 305 2824 pertinere
333 2785 538 2816 censebantur
566 2783 707 2826 opifices,
720 2783 826 2816 rustici
855 2783 910 2825 qui

1248 1382 1266 1405 ‘¹
1279 1385 1444 1425 saltem.

964 1671 1055 1703 agros
1075 1663 1230 1702 colebant,
1246 1669 1278 1696 et
1293 1665 1431 1706 deniquo
1454 1665 1615 1697 hominum
1630 1676 1730 1706 genus

963 1705 1130 1746 abjectum,
1146 1709 1230 1748 quod
1254 1709 1348 1739 vitam
1364 1708 1519 1740 laboribus
1539 1715 1667 1750 propter
1681 1710 1729 1740 in-

963 1748 1071 1790 opiam
1085 1751 1249 1782 tolerabat.

1006 1797 1039 1825 ¹7.
1062 1793 1248 1836 Suffragiis]
1292 1794 1408 1835 Populi
1434 1794 1586 1835 suffragiis
1616 1804 1729 1825 consu-

963 1835 1008 1866 les
1024 1836 1237 1876 eligebanturg
1263 1836 1365 1879 iisque
1386 1838 1494 1869 consul
1510 1839 1647 1868 Murena
1662 1838 1728 1869 fao-

961 1883 1010 1909 tus
1027 1886 1085 1911 est.

1005 1924 1037 1954 9.
1082 1922 1166 1957 Quod
1181 1924 1205 1953 si
1226 1923 1279 1953 illa
1300 1923 1464 1964 sollennia]
1509 1922 1618 1964 Auget
1641 1922 1726 1953 illam

959 1965 1063 2005 ipsam
1086 1966 1270 1996 sententiam
1281 1975 1291 2004 ;
1322 1967 1348 1997 si
1364 1977 1426 2007 qua
1440 1967 1484 1997 vis
1505 1971 1552 1997 est
1567 1967 1599 1996 in
1618 1976 1726 2007 preca-

960 2008 1058 2045 tione,
1074 2009 1159 2049 quod
1185 2009 1223 2038 ad
1241 2008 1402 2049 publicum
1423 2009 1476 2050 jus
1501 2008 1624 2045 attinet,
1640 2019 1725 2039 eam-

958 2051 1031 2081 dem
1061 2061 1128 2082 esse
1149 2051 1193 2082 ait
1217 2051 1249 2081 in
1270 2051 1391 2092 privato
1404 2062 1412 2089 ;
1435 2051 1504 2082 curn
1528 2051 1621 2092 igitur
1642 2052 1726 2082 facta

960 2094 999 2124 sit
1014 2105 1070 2135 pro
1087 2099 1152 2125 toto
1179 2104 1256 2136 pop.
1273 2094 1368 2126 Rom.
1384 2095 1478 2126 etiam
1495 2095 1576 2126 facta
1601 2099 1649 2126 est
1668 2105 1724 2136 pro

961 2136 1109 2168 Murena.

1004 2184 1057 2212 12.
1081 2180 1133 2211 Eis
1146 2190 1253 2220 quoque
1266 2180 1453 2221 hominibus.]
1479 2179 1584 2211 Silano
1600 2184 1632 2210 et
1647 2180 1724 2210 Mu-

958 2233 1040 2254 renae
1055 2224 1157 2254 fausta
1180 2229 1322 2264 precatus
1337 2230 1396 2262 est,
1410 2222 1480 2255 cum
1504 2233 1562 2265 pro
1578 2227 1643 2254 toto
1665 2234 1723 2265 po-

957 2267 1033 2307 pulo
1048 2277 1156 2309 preces
1167 2267 1253 2297 fecit.
1363 2300 1366 2301 ⁷

1000 2310 1051 2340 lb.
1075 2310 1125 2340 Me
1146 2310 1293 2352 rogante]
1339 2309 1401 2341 Vel
1428 2309 1472 2340 ait
1500 2319 1533 2340 se
1561 2308 1721 2350 praefuisse

956 2352 1089 2384 comitiis
1103 2353 1292 2389 centuriatis,
1308 2352 1339 2383 in
1361 2353 1472 2394 quibus
1487 2352 1624 2383 Murena
1637 2362 1725 2382 crea-

957 2400 1004 2426 tus
1022 2401 1079 2432 cst,
1093 2396 1141 2427 vel
1158 2407 1191 2427 se
1206 2396 1357 2437 populum
1380 2394 1546 2436 rogavisse,
1563 2400 1596 2425 ut
1609 2395 1720 2425 Mure-

956 2449 1028 2469 nam
1045 2439 1203 2470 consulem
1219 2439 1359 2479 eligeret.
1403 2439 1455 2470 Sic
1481 2441 1584 2468 autem
1610 2438 1719 2468 consul

955 2483 1105 2522 rogabat:
1133 2482 1243 2518 Velitis,
1255 2483 1395 2523 jubeatis,
1413 2481 1552 2518 Quirites,
1575 2481 1651 2511 hunc
1665 2487 1718 2512 aut

955 2524 1042 2554 illum
1052 2525 1277 2565 consulemfie‘ri.

1000 2570 1052 2598 18.
1083 2568 1259 2610 Beneficium
1284 2577 1353 2607 pop.
1365 2566 1468 2607 Rom]
1514 2566 1717 2597 Consulatum

956 2610 1139 2641 beneficium
1155 2611 1263 2652 populi
1280 2615 1382 2646 vocat,
1393 2610 1466 2651 quia
1481 2619 1500 2640 a
1514 2611 1633 2651 populo
1650 2610 1717 2640 Ro-

955 2665 1046 2684 mano
1066 2654 1218 2695 suffragiis
1240 2654 1396 2690 Murenae,
1410 2657 1443 2684 et
1466 2653 1585 2684 consuli
1607 2653 1718 2690 cuivis,

954 2697 1195 2729 concedebatur.

997 2741 1049 2771 19.
1075 2740 1115 2771 Et
1128 2739 1296 2782 quoniam]
1328 2738 1438 2770 Altera
1453 2749 1523 2780 pars
1539 2739 1670 2781 exordii,
1685 2738 1717 2770 in

952 2783 1016 2825 qu&
1029 2783 1160 2824 objectis
1172 2783 1230 2816 sibi
1243 2783 1422 2816 criminibus
1436 2782 1616 2825 respondet.
