1838 3017
719 159 778 190 DE
801 157 1075 191 sannorum.
1596 159 1690 208 483

117 235 196 281 set,
229 231 424 273 Centone
449 230 749 289 Tuditanoque
784 233 1048 283 consulibus,
1084 245 1218 288 usque
1249 231 1304 273 ad
1335 231 1673 277 adolescentiam

115 300 254 329 meam
286 288 493 344 processit
529 296 667 330 aetate.
716 289 831 338 Quid
853 290 905 330 de
926 288 975 330 P.
995 289 1145 330 Licinii
1165 289 1307 330 Crassi
1330 296 1372 330 et
1392 289 1601 345 pontificii
1625 297 1670 332 et

115 342 254 385 civilis
268 346 377 400 juris
395 345 538 386 studio
553 346 725 401 loquar?
747 353 820 387 aut
836 346 888 387 de
903 346 972 401 huj
982 361 1028 387 us
1043 345 1092 386 P.
1103 345 1415 402 Scipi011is‚qui
1433 344 1500 385 his
1515 347 1666 400 paucis

114 398 264 442 diebus
288 401 489 442 Pontifex
525 401 741 444 Maximus
773 404 910 444 factus
943 403 1036 443 est?
1097 403 1231 458 Atqui
1265 417 1338 444 eos
1370 416 1532 452 omnes,
1556 417 1664 458 quos

113 458 453 508 commemoravi,
475 458 539 499 liis
561 460 714 500 studiis
735 460 963 516 flagrantes
986 473 1109 500 senes
1129 459 1321 499 vidimus.
1385 458 1448 498 M.
1465 457 1564 499 vero
1582 459 1666 500 Ce-

111 512 287 567 thegum
327 519 473 570 (quem
514 515 628 557 recte
663 516 826 556 Samiae
863 518 1089 556 medullam
1134 515 1244 555 dixit
1280 514 1461 564 Ennius)
1501 522 1663 570 quanto

111 568 254 610 studio
272 571 458 612 exerceri
477 571 518 611 in
536 572 720 613 dicendo
735 572 997 621 videbamus,
1012 572 1140 613 etiam
1155 571 1317 612 senem!
1350 570 1457 617 Quae
1472 578 1572 611 sunt
1587 571 1665 627 igi-

111 630 179 664 tur
199 626 433 681 epularum,
457 636 530 668 aut
551 629 761 680 ludorum,
779 636 853 669 aut
869 635 1121 678 scortorum,
1135 628 1375 682 voluptates
1394 641 1492 666 cum
1510 626 1576 668 his
1593 642 1665 668 vo-

109 679 343 736 luptatibus
360 686 657 740 comparandae
666 687 681 725 ’ἶ
705 690 847 741 Atque
864 685 956 725 haec
973 684 1146 740 quidem
1163 682 1304 723 studia
1321 682 1546 733 doctrinae3
1568 698 1665 739 quae

109 737 283 792 quidem
300 741 580 796 prudentibus
599 749 641 782 et
657 742 764 782 bene
787 740 996 781 institutis
1014 740 1170 794 pariter
1187 753 1283 779 cum
1300 745 1424 779 aetate
1441 746 1664 790 crescunt;

109 800 157 833 ut
177 794 406 837 honestum
427 797 530 838 illud
552 797 725 838 Solonis
745 796 814 847 sit,
833 796 948 852 quod
966 795 1027 836 ait
1043 795 1252 836 versiculo
1275 795 1462 851 quodam
1479 798 1546 846 (ut
1564 794 1665 837 ante

103 848 227 901 dixi),
244 867 456 894 senescere
475 869 519 894 se
541 856 674 893 multa
698 855 837 894 indies
859 854 1167 900 addiscentem
1192 850 1278 907 qua
1295 851 1513 907 voluptate
1531 852 1664 893 animi

108 906 226 947 nulla
247 911 361 949 certe
382 916 527 964 potest
547 924 640 951 esse
662 910 809 964 major.

161 961 256 1003 XV.
294 963 429 1006 Venio
449 980 564 1007 nunc
585 966 640 1006 ad
661 966 903 1021 voluptates
925 965 1222 1021 agricolarum,
1247 964 1403 1020 quibus
1426 978 1507 1020 ego
1527 963 1664 1006 incre-

105 1017 295 1061 dibiliter
327 1021 542 1074 delector;
575 1038 670 1079 quae
701 1037 782 1063 nec
813 1022 900 1062 ulla
922 1021 1211 1077 impediuntur
1233 1028 1470 1071 senectute,
1493 1027 1536 1061 et
1557 1021 1663 1062 mihi

106 1075 160 1115 ad
192 1077 398 1132 sapientis
417 1079 546 1120 vitam
567 1078 761 1135 proxime
783 1078 981 1119 videntur
1001 1078 1230 1120 accedere:
1262 1077 1423 1118 habent
1453 1077 1566 1118 enim
1594 1091 1663 1118 ra-

105 1130 268 1174 tionem
289 1149 388 1175 cum
408 1135 534 1183 terra,
557 1151 653 1191 quae
673 1150 892 1191 nunquam
913 1142 1083 1176 recusat
1113 1133 1352 1190 imperium,
1372 1148 1454 1174 nec
1475 1147 1664 1189 unquam

108 1186 201 1229 sine
234 1193 360 1230 usura
390 1191 546 1242 reddit,
579 1192 694 1248 quod
725 1191 912 1246 accepit3
956 1191 1032 1232 sed
1062 1190 1168 1231 alias
1206 1191 1382 1240 minore,
1413 1190 1664 1245 plerumque

107 1245 267 1300 majore
289 1262 387 1288 cum
408 1247 590 1289 foenore:
624 1262 883 1304 quamquam
914 1262 981 1288 me
1013 1248 1187 1303 quidem
1214 1261 1301 1287 non
1322 1246 1486 1287 fructus
1517 1245 1664 1297 modo,

110 1302 185 1341 sed
207 1302 337 1343 etiarn
358 1303 492 1358 ipsius
515 1312 635 1345 terrae
655 1304 720 1345 vis
740 1318 791 1344 ac
811 1311 963 1344 natura
993 1304 1201 1354 delectat3
1228 1318 1338 1358 quae,
1370 1303 1471 1344 cum
1501 1302 1664 1359 gremio

108 1357 273 1400 mollito
295 1373 346 1400 ac
366 1360 546 1402 subacto
565 1375 710 1402 semen
727 1374 921 1416 sparsum
938 1360 1122 1415 excepit,
1138 1358 1321 1415 primum
1338 1358 1382 1399 id
1400 1366 1666 1400 occaecatum

109 1413 308 1456 cohibet:
341 1430 394 1457 ex
415 1431 500 1473 quo
523 1417 711 1468 occasio,
733 1431 828 1472 quae
848 1416 932 1458 hoc
960 1416 1105 1466 efficit,
1138 1415 1359 1456 nominata
1388 1421 1478 1466 est3
1510 1415 1666 1457 deinde

110 1470 372 1526 tepefactum
389 1487 543 1528 vapore
565 1482 609 1514 et
628 1488 874 1529 compressu
895 1487 973 1514 suo
995 1472 1196 1523 diffindit,
1213 1479 1256 1513 et
1275 1471 1393 1512 elicit
1410 1472 1667 1513 herbescen-

113 1532 201 1568 tem
223 1542 274 1568 ex
297 1543 348 1569 eo
370 1528 653 1581 viriditaten13
684 1544 794 1585 quae,
825 1530 927 1570 nixa
947 1529 1063 1570 fibris
1085 1528 1294 1584 stirpium,
1317 1528 1476 1569 sensim
1497 1528 1668 1569 adoles-

111 1582 186 1634 cit,
221 1584 451 1641 culmoque
486 1593 626 1627 erecta
662 1586 920 1655 geniculato,
951 1584 1118 1641 vaginis
1147 1586 1240 1640 jam
1271 1584 1395 1640 quasi
1428 1584 1667 1639 pubescens

103 1638 359 1691 includitur;
391 1641 414 1682 ὲ
446 1642 601 1697 quibus
633 1657 729 1683 cum
759 1641 988 1691 emerserit,
1021 1641 1164 1681 fundit
1194 1640 1359 1697 frugem
1381 1640 1490 1696 spici
1513 1641 1661 1682 ordine

105 1702 328 1747 structam,
345 1704 388 1739 et
404 1705 553 1739 contra
568 1698 708 1739 avium
725 1698 936 1739 minorum
951 1712 1117 1738 morsus
1135 1696 1364 1753 [munitur]
1384 1697 1493 1736 vallo
1511 1696 1664 1738 arista-

108 1766 213 1794 rum.
276 1753 390 1802 Quid
413 1769 493 1811 ego
513 1754 664 1796 vitium
687 1762 818 1806 satus,
847 1761 978 1805 ortus,
1008 1753 1285 1804 incrementa,
1306 1754 1666 1795 commemorem?

107 1807 262 1851 Satiari
285 1811 570 1852 delectatione
587 1826 672 1852 non
691 1825 882 1867 possum,
896 1818 943 1851 ut
959 1825 1063 1851 meae
1085 1809 1319 1851 senectutis
1335 1809 1572 1864 requietem
1589 1810 1664 1850 ob-

103 1865 445 1923 lectamentaque
485 1867 750 1923 pernoscatis
769 1883 780 1918 ;
827 1867 978 1909 omitto
1018 1866 1132 1908 enim
1168 1866 1253 1907 vim
1292 1865 1430 1921 ipsam
1470 1865 1662 1907 omnium

103 1937 199 1978 quae
220 1931 475 1980 generantur
495 1923 518 1965 ὲ
540 1923 670 1975 terra3
702 1939 795 1980 quae
817 1938 869 1965 ex
891 1923 963 1965 fici
983 1922 1150 1965 tantulo
1172 1935 1319 1978 grano,
1347 1927 1421 1963 aut
1451 1935 1504 1962 ex
1534 1922 1659 1964 acino

100 1978 295 2030 vinaceo,
334 1987 408 2021 aut
441 1995 494 2021 ex
533 1987 782 2021 caeterarum
818 1980 989 2035 frugum
1033 1994 1084 2020 ac
1123 1978 1319 2034 stirpium
1357 1977 1659 2021 minutissimis

104 2035 353 2087 seminibus,
379 2043 522 2077 tantos
542 2042 716 2077 truncos
737 2050 962 2091 ramosque
983 2041 1192 2090 procreat.
1252 2033 1457 2084 Malleoli,
1487 2034 1657 2089 plantae,

104 2099 332 2141 sarmenta,
354 2091 622 2143 viviradices,
644 2091 914 2148 propagines,
944 2105 1086 2131 nonne
1117 2105 1168 2131 ea
1197 2089 1402 2140 efficiunt,
1433 2096 1482 2130 ut
1511 2104 1658 2145 quem-

101 2148 166 2190 vis
197 2163 292 2190 cum
325 2148 606 2189 admiratione
636 2147 877 2189 delectent?
937 2146 1050 2187 Vitis
1080 2146 1270 2202 quidem,
1290 2160 1385 2202 quae
1404 2145 1558 2186 natura
1588 2161 1659 2189 ca.-

105 2204 218 2246 duca
237 2212 317 2256 est,
338 2211 394 2253 et,
426 2204 508 2245 nisi
529 2204 636 2245 fulta
656 2204 726 2254 sit,
748 2204 802 2244 ad
823 2210 978 2245 terram
999 2203 1151 2250 fertur3
1181 2202 1346 2253 eadem,
1367 2208 1416 2242 ut
1436 2216 1482 2243 se
1505 2202 1665 2259 erigat,

104 2261 324 2303 claviculis
346 2261 450 2312 suis,
471 2262 592 2317 quasi
615 2261 824 2311 manibus,
848 2259 1057 2316 quidquid
1079 2265 1147 2300 est
1166 2265 1306 2310 nacta,
1331 2258 1657 2314 complectitur:

103 2333 246 2374 quam,
268 2325 506 2373 serpentem
530 2317 756 2373 multiplici
778 2318 900 2371 lapsu
923 2324 968 2357 et
986 2315 1178 2367 erratico,
1206 2314 1315 2356 ferro
1337 2321 1564 2370 amputans
1584 2329 1660 2357 co2

104 2381 222 2416 ercet
243 2389 308 2416 ars
329 2374 618 2430 agricolarum,
641 2388 693 2415 ne
715 2373 917 2414 silvescat
936 2371 1175 2422 sarmentis,
1206 2378 1250 2412 et
1278 2371 1318 2412 in
1342 2385 1492 2412 omnes
1512 2378 1657 2428 partes

101 2430 234 2472 nimia
263 2431 475 2472 fundatur.
538 2431 705 2486 Itaque,
736 2430 909 2471 ineunte
935 2443 1046 2477 vere,
1074 2428 1120 2469 in
1150 2428 1203 2468 iis
1234 2442 1331 2484 quae
1360 2426 1512 2468 relicta
1541 2435 1656 2480 sunt,

101 2487 287 2540 exsistit,
303 2493 523 2544 tamquam
540 2487 594 2528 ad
609 2486 810 2528 articulos
827 2492 1148 2535 sarmentorum,
1167 2498 1231 2535 ea,
1248 2498 1343 2540 quae
1363 2497 1532 2539 gemma
1552 2484 1657 2526 dici-

101 2550 190 2586 tur:
223 2543 249 2585 a
279 2543 365 2600 qua
394 2544 534 2585 oriens
566 2558 648 2584 uva
677 2557 771 2584 sese
793 2541 1004 2593 ostendit3
1036 2556 1148 2597 quae,
1165 2547 1209 2582 et
1229 2554 1360 2582 succo
1382 2547 1505 2581 terrae
1524 2546 1568 2581 et
1587 2555 1656 2582 ca-

99 2600 189 2641 lore
210 2600 313 2642 solis
335 2615 588 2663 augescens,
614 2598 747 2656 primo
768 2606 833 2640 est
853 2598 1082 2654 peracerba
1102 2603 1300 2652 gustatu3
1331 2595 1487 2637 deinde
1517 2602 1655 2637 matu-

100 2662 192 2697 rata
220 2656 451 2707 dulcesc1t;
482 2657 722 2712 vestitaque
743 2654 973 2712 pampinis,
998 2669 1080 2696 nec
1099 2652 1272 2695 modico
1298 2659 1444 2708 tepore
1460 2658 1590 2703 caret,
1613 2658 1658 2694 et

100 2712 256 2754 nimios
278 2713 382 2754 solis
410 2713 601 2756 defendit
621 2713 817 2762 ardores3
849 2710 938 2767 qua
968 2709 1071 2767 quid
1092 2715 1237 2766 potest
1257 2723 1367 2758 esse,
1395 2706 1494 2748 cum
1514 2707 1658 2750 fructu

96 2768 247 2821 laetius,
260 2774 351 2811 tum
367 2770 576 2828 adspectu
591 2767 838 2826 pulchrius?
855 2781 994 2864 2cujus
1013 2765 1188 2824 quidem
1208 2779 1295 2811 non
1315 2762 1477 2808 utilitas
1497 2777 1567 2808 me
1587 2779 1663 2827 so·-

905 2836 929 2864 L
