1790 3090
56 222 114 263 20
132 220 278 261 obrem
301 219 374 261 ill-a
394 230 524 268 arma,
547 215 833 268 centuriones,
853 217 1066 267 cohortes,
1098 227 1185 256 non
1202 213 1437 271 periculum
1456 214 1595 266 nobis,
1617 215 1695 257 sed

757 143 851 176 PRO
877 142 1071 175 MILONE.

130 276 392 333 praesidium,
408 273 681 315 denuntiant:
713 287 849 329 neque
866 272 1017 322 solum,
1040 278 1088 312 ut
1103 270 1265 326 quieto,
1279 271 1357 313 sed
1371 271 1500 312 etiam
1515 278 1563 311 ut
1579 285 1695 327 mag-

131 348 188 375 no
203 333 344 374 animo
362 333 510 382 simus,
527 331 769 380 hortantur3
800 345 939 385 neque
954 327 1160 370 auxilium
1173 327 1304 370 modo
1319 327 1558 370 defensioni
1577 342 1695 379 meae,

131 390 276 431 verum
292 389 423 430 etiam
439 386 672 438 silentium,
694 386 966 442 pollicentur.
1018 384 1205 440 Reliqua
1218 384 1317 426 vero
1338 384 1582 436 multitudo,
1603 399 1699 440 quae

132 446 307 501 quidem
329 452 395 486 est
415 444 587 494 civium,
608 449 702 485 tota
722 449 868 483 nostra
887 449 970 483 est:
1003 456 1142 503 neque
1165 454 1310 482 eorum
1331 441 1572 497 quisquam,
1589 455 1698 496 quos

57 505 114 546 25
133 501 322 557 undique
345 501 560 542 intuentes
584 514 635 540 ex
657 498 740 540 hoc
760 499 854 554 ipso
874 499 970 539 loco
992 497 1179 548 cernitis,
1201 498 1315 539 unde
1336 497 1480 554 aliqua
1499 512 1596 553 pars
1617 496 1699 538 fori

132 558 296 614 adspici
317 563 476 613 potest,
508 563 551 598 et
571 556 698 611 hujus
721 555 907 596 gexitum
921 553 1076 610 judicii
1099 560 1400 609 exspectantes
1421 554 1590 603 videtis,
1612 567 1699 594 non

132 613 230 655 cuin
269 613 413 655 virtuti
454 612 632 653 Milonis
672 612 801 662 favet,
832 618 924 652 tuin
955 611 1008 651 de
1045 625 1106 661 se,
1142 610 1194 651 de
1226 610 1371 651 liberis
1405 611 1507 661 suis,
1543 611 1596 651 de
1627 624 1699 665 pa-

131 670 228 721 tri-fi,
265 671 318 710 de
354 669 550 718 fortunis,
584 668 790 709 hodierno
826 667 895 709 die
928 667 1164 708 hdecertari
1192 674 1328 723 putat.

1389 667 1533 709 Unum
1564 680 1700 722 genus

132 733 199 768 est
231 726 458 768 adversum
488 726 774 780 infestumque
806 723 945 774 nobis,
985 738 1130 765 eorum
1166 739 1275 779 quos
1313 723 1365 765 P.
1403 722 1548 765 Clodii
1585 722 1701 763 furor

58 787 115 827 30
133 783 307 839 rapinis,
347 782 576 833 incendiis,
615 788 658 822 et
688 781 886 822 omnibus
922 779 1060 821 exitiis
1099 780 1299 836 publicis,
1333 780 1476 836 pavit3
1524 779 1599 842 qui
1628 779 1700 820 he-

133 839 278 881 sternit
314 839 442 880 etiam
482 838 689 880 concione
726 837 889 878 incitati
929 844 1042 887 sunt,
1083 844 1132 878 ut
1168 837 1288 879 vobis
1321 852 1426 878 voce
1469 836 1700 892 ⁵prae1rent,

134 895 238 950 quid
253 894 521 950 judicaretis.

583 894 775 941 Quorum
810 894 969 934 clamor
996 893 1031 933 si
1059 893 1132 949 qui
1160 893 1271 934 forte
1303 893 1442 943 fuerit,
1472 893 1701 934 admonere

132 965 210 991 vos
251 950 439 999 debebit,
471 957 519 990 ut
552 964 649 990 eum
685 949 821 990 civem
861 949 1095 999 retineatis,
1127 950 1200 1005 qui
1231 964 1397 1004 semper
1429 964 1563 1005 genus
1595 948 1701 989 illud

131 1005 370 1057 hominum,
421 1006 715 1060 clamoresque
757 1004 980 1055 maximos,
1023 1019 1098 1059 pro
1139 1005 1282 1046 vestr-21
1321 1006 1458 1046 salute
1497 1004 1702 1061 neglexit.

133 1119 203 1169 tis,
237 1120 453 1174 deponite.

60 1068 115 1108 35
135 1062 424 1110 Quamobrem
445 1062 592 1103 adeste
621 1061 788 1112 animis,
813 1061 1001 1116 judices,
1035 1067 1078 1101 et
1107 1061 1315 1109 timorem,
1347 1061 1383 1101 si
1413 1076 1542 1117 quem
1572 1061 1704 1101 habe-

513 1119 640 1168 Nam,
673 1118 706 1158 si
727 1132 915 1173 unquam
937 1117 989 1158 de
1011 1116 1135 1158 bonis
1157 1124 1200 1158 et
1220 1117 1400 1158 fortibus
1423 1117 1539 1168 viris,
1571 1117 1607 1157 si
1629 1132 1703 1157 una

133 1178 336 1230 quamde
358 1175 468 1217 bene
500 1174 660 1215 meritis
692 1174 871 1222 civibus,
901 1180 1093 1229 potestas
1124 1173 1247 1215 vobis
1272 1174 1497 1229 judicandi
1528 1172 1634 1224 fuit3
1667 1172 1704 1213 si

133 1232 319 1288 denique
342 1246 531 1288 unquam
552 1231 699 1272 klocus
717 1230 1078 1287 amplissimorum
1096 1230 1291 1271 ordinum
1313 1230 1492 1271 delectis
1508 1229 1609 1270 viris
1631 1230 1705 1270 da-

131 1294 201 1329 tus
224 1297 302 1340 est,
335 1289 406 1330 ubi
427 1303 504 1329 sua
526 1287 667 1329 studia
691 1302 791 1342 erga
819 1287 949 1328 fortes
981 1294 1024 1327 et
1053 1287 1190 1328 bonos
1222 1288 1353 1338 cives,
1385 1302 1479 1342 quae
1509 1287 1630 1327 vultu
1660 1292 1705 1326 et

56 1347 116 1390 40
134 1345 272 1386 verbis
285 1344 398 1401 saepe
416 1343 750 1401 significitssent,
765 1359 808 1385 re
823 1351 865 1385 et
880 1343 1103 1384 sententiis
1119 1343 1400 1394 declararent3
1419 1343 1501 1384 hoc
1512 1341 1704 1398 profecto

133 1408 326 1456 tempore
348 1416 441 1442 eam
463 1407 719 1456 potestatem
740 1415 909 1441 ornnem
930 1414 1006 1440 vos
1035 1400 1219 1450 habetis,
1251 1406 1298 1440 ut
1318 1399 1534 1450 statuatis,
1565 1398 1705 1439 utrum

132 1472 226 1508 nos,
260 1458 333 1514 qui
365 1472 532 1513 semper
559 1464 709 1498 vestrae
731 1456 975 1498 auctoritati
998 1456 1132 1497 dediti
1163 1456 1337 1507 fuimus,
1369 1470 1535 1511 semper
1564 1455 1706 1495 miseri

134 1515 381 1571 lugeamus3
412 1529 481 1567 an,
512 1513 586 1555 diu
615 1514 758 1555 vexati
790 1513 815 1554 ἐι
844 1511 1147 1571 perditissimis
1170 1511 1350 1564 civibus,
1378 1511 1610 1568 aliquando
1631 1526 1706 1567 per

220 1679 236 1703 ἓ
245 1678 454 1714 eventum.
575 1673 591 1696 '¹
600 1673 827 1713 contendit.

178 1889 230 1918 20.
278 1886 488 1928 Centuriones]
534 1884 741 1917 Centuriones
770 1885 897 1926 singulis

132 1930 279 1960 centuriis
293 1935 454 1971 praeerant.

177 1972 227 2003 Ib.
263 1973 420 2013 Cohortes.]
467 1972 504 2002 In
517 1974 643 2003 cohorte
658 1972 797 2003 sexcenti
811 1975 898 2001 erant

134 2015 258 2045 milites.

178 2059 229 2089 223.
262 2057 332 2090 Quae
361 2059 475 2097 quidem
501 2063 540 2088 est
566 2057 699 2096 civium]
747 2057 818 2087 Tria
841 2057 896 2087 ad-

134 2101 307 2130 eranthuic
326 2100 447 2140 judicio
471 2101 628 2130 hominum
651 2110 785 2141 genera:
817 2099 897 2129 mili-

132 2148 193 2178 tes,
209 2154 286 2183 quos
303 2144 447 2184 apposuit
464 2143 650 2183 Pompeius3
673 2143 769 2178 cives,
785 2147 818 2172 ut
834 2142 898 2172 exi-

134 2191 199 2215 tum
216 2185 431 2226 liiijusjudicii
453 2186 613 2222 viderent;
637 2191 668 2215 et
685 2185 841 2220 Clodiani,
864 2191 898 2215 ut

131 2228 251 2258 Miloni
283 2235 442 2260 nocerent.
500 2228 596 2259 Porro
630 2229 713 2259 cives
751 2228 898 2268 appellat,

133 2276 169 2300 ut
192 2281 245 2301 eos
269 2270 288 2300 ὲ
312 2270 471 2302 Clodianis
495 2275 627 2312 separet,
652 2271 706 2312 qui
728 2271 811 2302 cives
835 2281 897 2301 non

134 2319 217 2352 sunt,
231 2313 304 2354 quia
321 2315 469 2346 seditiosi.

177 2358 230 2386 30.
256 2355 406 2398 Rapinis]
465 2356 571 2387 Malos
594 2356 676 2387 cives
700 2356 815 2397 rapinis
839 2356 897 2387 sibi

135 2397 265 2429 Clodius
280 2400 483 2437 devinxerat3
507 2409 578 2429 nam
592 2399 700 2429 Pisoni
716 2405 747 2429 et
763 2399 898 2430 Gabinio

134 2441 275 2471 vendidit
290 2442 464 2482 provincias
480 2441 667 2478 consulares,
681 2441 751 2472 cum
768 2442 812 2471 eis
830 2452 899 2481 par-

133 2484 209 2514 titus
235 2489 281 2513 cst
307 2485 456 2522 aerarium,
484 2491 515 2516 et
541 2484 704 2524 Brogitaro
732 2484 898 2514 Pessinun-

134 2531 197 2556 tem
212 2526 363 2558 vendidit.

176 2569 226 2598 Ib.
251 2568 420 2609 Incendiis]
469 2569 559 2600 Idem
574 2569 704 2600 Clodius
721 2568 831 2605 Quinti
845 2569 897 2600 Ci-

133 2612 255 2642 ceronis
282 2618 314 2642 et
342 2613 444 2644 Marci
473 2613 633 2645 Ciceronis
659 2613 798 2650 domum,
828 2622 898 2642 cum

133 2655 270 2694 praediis,
286 2661 317 2684 et
331 2654 549 2697 Nympharum
562 2655 691 2695 tcmp10,
708 2655 856 2685 incendit.

177 2696 227 2727 Ib.
252 2696 382 2739 Eoeiciis]
443 2699 600 2728 Exitiosus
629 2698 688 2727 fuit
721 2698 900 2738 reipublicae

135 2738 277 2776 Clodius,
301 2742 426 2781 quando
443 2740 555 2781 saepius
571 2740 740 2771 seditiones
757 2741 902 2771 excitavit

133 2782 165 2814 in
181 2783 258 2820 foro,
283 2793 318 2814 ac
336 2784 464 2817 maxime
480 2784 552 2818 cuni
567 2784 608 2815 de
623 2783 723 2816 reditu
741 2783 900 2815 Ciceronis

947 1671 1301 1725 iprcesoriberent.
1417 1670 1435 1694 ¹³
1444 1672 1619 1711 occasio.

940 1890 1044 1916 actum
1075 1890 1138 1916 est:
1174 1885 1301 1915 inimisit
1336 1885 1419 1915 enim
1449 1882 1648 1925 gladiatores,
1687 1883 1706 1914 ῑῖ

940 1928 1052 1969 quibus
1068 1928 1156 1958 mulii
1170 1927 1323 1958 interfecti
1342 1934 1425 1964 sunt,
1448 1932 1483 1957 ut
1504 1927 1536 1957 in
1561 1926 1709 1957 Sextiam&

942 1974 1060 2001 dictum
1076 1976 1133 2001 est.

988 2014 1032 2043 [b.
1058 2013 1198 2044 Hesterna
1222 2015 1307 2044 etiam
1330 2012 1488 2053 concione]
1545 2012 1708 2043 Munatius

942 2055 1088 2092 Plancus,
1109 2056 1247 2087 tribunus
1272 2056 1386 2097 plebis,
1407 2057 1507 2096 pridie
1531 2055 1623 2095 quiin]
1640 2057 1707 2087 haec

941 2099 1105 2129 haberetur
1119 2099 1228 2135 oratio,
1252 2099 1284 2129 in
1307 2099 1457 2130 concione
1478 2098 1628 2139 populum
1652 2099 1708 2129 ad-

941 2142 1079 2172 hortatus
1093 2146 1150 2178 est,
1167 2152 1206 2172 ne
1223 2142 1378 2172 Milonem
1392 2141 1474 2172 elabi
1490 2145 1657 2183 pateretur,
1675 2147 1707 2171 ut

942 2185 1037 2215 refert
1052 2185 1218 2215 Asconius.

986 2229 1039 2259 38.
1087 2228 1334 2267 Amplissimmmm
1363 2227 1526 2268 ordinum]

942 2277 1015 2301 sunt
1039 2270 1162 2311 judices
1191 2271 1210 2300 a
1240 2270 1393 2311 Pompeio
1423 2282 1460 2301 ex
1490 2270 1644 2300 senatorio
1675 2276 1708 2299 et

942 2314 1078 2354 equestri
1094 2314 1215 2350 ordine,
1225 2319 1255 2343 et
1265 2324 1303 2344 ex
1317 2314 1448 2344 tribunis
1461 2312 1582 2348 aerariis,
1593 2311 1706 2352 quibus

940 2366 1100 2397 nunquam
1138 2356 1302 2388 sanctiores
1334 2362 1366 2387 et
1399 2356 1542 2388 clariores
1576 2355 1706 2385 selectos

941 2399 1036 2429 fuisse
1050 2399 1204 2430 Asconius
1217 2399 1332 2433 scribit.

985 2445 1037 2472 41.
1067 2442 1105 2472 Ut
1129 2442 1291 2483 statuatis]
1338 2441 1495 2472 Videlicet
1519 2441 1551 2471 in
1575 2439 1708 2470 ferenda

943 2484 1098 2515 sententia
1131 2491 1264 2515 statuere
1297 2484 1468 2520 debebant,
1501 2482 1601 2514 utrfim
1634 2483 1708 2512 boni

941 2526 1024 2557 cives
1047 2528 1086 2556 ab
1108 2526 1256 2568 improbis
1280 2537 1402 2569 seni-ner
1421 2525 1630 2568 opprimendi,
1654 2530 1708 2555 aut

940 2568 1093 2599 liberandi
1109 2570 1181 2602 sint.

986 2615 1039 2643 42.
1088 2611 1190 2642 Vestrae
1229 2613 1398 2643 auctoritati
1430 2612 1520 2642 dediti
1553 2611 1705 2653 fuimus]

944 2654 1055 2685 Cicero
1063 2665 1185 2696 semper
1195 2656 1338 2686 addictus
1347 2656 1407 2684 fuit
1419 2655 1538 2685 senatui
1553 2659 1585 2684 et
1595 2664 1708 2694 eques-

943 2698 981 2727 tri
995 2698 1108 2734 ordini,
1125 2697 1214 2738 cujus
1231 2698 1389 2738 utriusque
1404 2707 1526 2738 semper
1541 2697 1706 2727 anctorita-

943 2745 1006 2770 tem
1023 2741 1139 2782 ubique
1154 2741 1295 2773 defendit
1317 2745 1425 2773 contra
1446 2740 1616 2772 seditiones
1632 2739 1708 2771 Clo-

944 2784 1115 2818 dianorum.
1630 2794 1634 2798 ·
1653 2792 1656 2796 ’

1594 2226 1710 2257 Selecti
