1858 3095
735 170 785 202 IN
812 169 1026 203 PISONEM.

1648 170 1745 217 259

105 248 326 300 Attamen,
349 249 383 290 si
404 248 631 291 consilium
662 250 848 305 exquiris
881 265 1038 302 meum,
1062 264 1200 306 neque
1232 263 1313 307 ego
1344 252 1589 305 cessissem,
1612 261 1658 296 et

103 319 172 346 me
194 305 286 358 ipsa
306 320 384 347 suo
401 306 628 361 complexu
651 306 786 361 patria
804 307 1029 358 tenuisset,
1046 308 1080 348 si
1103 308 1206 348 mihi
1224 322 1321 350 cum
1341 308 1415 350 illo
1434 309 1654 353 bustuario

103 361 355 416 gladiatore,
380 369 424 403 et
455 369 611 410 tecum,
637 370 680 404 et
711 377 806 403 cum
839 363 1005 417 collegii
1039 372 1126 414 tuo,
1151 365 1457 406 decertandum
1487 366 1653 408 fuisset.

102 418 203 459 Alia
230 418 344 459 enim
373 432 504 458 causa
529 419 869 473 praestantissimi
899 419 976 460 viri
1009 421 1061 467 Q.
1086 421 1250 462 Metelli
1284 421 1392 472 fuit3
1424 436 1551 478 quem
1572 437 1652 478 ego

101 474 253 525 civem,
274 488 370 515 meo
395 474 578 529 judicio,
600 490 697 516 cum
728 476 904 516 deorum
938 476 1237 517 immortalium
1270 477 1393 518 laude
1414 479 1652 535 conjung05
1671 480 1726 520 55

101 531 175 586 qui
197 530 247 571 C.
269 530 328 570 illi
351 530 505 581 Mario,
527 531 759 573 fortissimo
782 532 885 582 viro,
907 540 951 572 et
970 533 1136 573 consuli
1159 540 1202 573 et
1222 533 1390 573 sextum
1411 535 1594 586 consuli,
1611 545 1655 578 et

100 588 193 641 ejus
206 586 377 628 invictis
395 587 650 642 legionibus,
664 603 715 629 ue
733 589 859 629 armis
874 589 1139 643 confligeret,
1153 589 1392 629 cedendum
1409 604 1502 631 esse
1517 591 1653 632 duxit.

99 643 227 691 Quod
250 643 354 684 mihi
378 643 507 698 igitur
525 653 739 686 certamen
761 652 876 685 esset
903 644 1147 698 hujusmodi
1165 645 1181 683 ’ἔ
1212 659 1311 686 cum
1333 645 1382 685 C.
1406 645 1548 687 Mario
1569 647 1653 688 sci-

97 699 215 748 licet,
246 707 320 740 aut
351 715 449 741 cum
481 701 625 756 aliquo
657 700 775 756 pari?
816 715 870 740 an
910 714 1006 740 curn
1046 700 1178 740 altero
1228 701 1405 742 barbato
1446 701 1650 758 Epicuro,

96 770 194 798 cum
215 757 349 798 altero
371 756 571 797 Catilinae
603 755 858 796 laternario?
890 769 998 811 quos
1031 769 1170 810 neque
1208 757 1412 808 (hercule)
1448 773 1544 815 ego,
1578 773 1650 801 ne-
1669 761 1723 803 60

95 827 180 868 que
212 813 485 868 supercilium
516 819 650 861 tuum,
679 826 817 867 neque
849 813 1028 866 collegae
1062 812 1124 852 tui
1161 813 1359 868 cymbala
1390 828 1441 855 ac
1473 816 1649 868 crotala,

94 867 213 924 fugi3
243 882 381 924 neque
412 876 500 909 tam
530 868 590 908 fui
621 868 814 919 timidus,
836 875 897 919 ut,
918 868 1006 924 qui,
1029 867 1071 908 in
1101 868 1299 910 maximis
1329 871 1569 913 turbinibus
1598 887 1651 914 ac

94 923 312 975 fluctibus,
336 924 581 980 reipublicae
609 939 761 965 navem
802 924 1125 980 gubernassem,
1153 925 1399 982 salvamque
1439 927 1482 968 in
1523 935 1649 983 portu

92 979 391 1032 collocassem,
412 981 564 1022 frontis
601 987 684 1022 tuee
715 981 983 1030 nubeculam,
1007 988 1098 1022 tum
1132 982 1310 1038 collegae
1344 982 1406 1023 tui
1439 985 1648 1026 contami-

91 1043 239 1077 natum
260 1037 472 1092 spiritum,
495 1037 850 1092 pertimescerem.

886 1037 1010 1078 Alios
1027 1052 1108 1093 ego
1126 1038 1211 1078 vicli
1228 1045 1403 1090 ventos3
1425 1040 1530 1082 alias
1551 1056 1648 1097 pro-
1666 1043 1721 1086 65

91 1093 212 1148 spexi
225 1093 366 1135 animo
380 1094 606 1150 procellas3
621 1094 715 1135 aliis
730 1094 1072 1149 impendentibus
1085 1096 1411 1148 tempestatibus
1424 1111 1508 1137 non
1519 1098 1646 1150 cessi,

90 1149 167 1190 sed
188 1149 254 1190 his
278 1164 409 1191 unum
430 1164 496 1191 me
520 1165 594 1205 pro
617 1151 805 1191 omnium
827 1151 963 1191 salute
986 1151 1136 1192 obtuli.
1169 1150 1320 1207 Itaque
1340 1152 1535 1194 discessu
1555 1160 1647 1196 tum

91 1219 188 1246 meo
209 1219 356 1247 omnes
389 1206 448 1246 illi
480 1206 630 1247 nefarii
663 1207 793 1262 gladii
826 1208 878 1247 de
910 1207 1108 1248 manibus
1141 1208 1447 1250 crudelissimis
1478 1210 1647 1252 excide-

90 1267 208 1312 runt3
240 1262 337 1303 cum
376 1262 549 1318 quidem
590 1269 650 1312 tu,
685 1278 710 1304 o
745 1278 893 1304 vecors
934 1269 977 1304 et
1015 1263 1186 1304 amens!
1228 1263 1324 1305 cum
1360 1280 1506 1307 omnes
1541 1267 1644 1309 boni

89 1316 224 1361 abditi
264 1317 506 1376 inclusique
547 1325 787 1370 moererent,
828 1320 986 1377 templa
1021 1326 1254 1376 gemerent,
1286 1327 1400 1363 tecta
1438 1321 1533 1379 ipsa
1570 1323 1644 1366 Ur·
1663 1325 1720 1368 70

87 1602 152 1629 tota
168 1598 335 1630 auctoritas
350 1598 470 1630 senatui
484 1603 593 1640 erepta
606 1598 718 1630 fuerat.
749 1599 843 1630 Unde

89 1641 164 1671 nihil
180 1642 219 1672 ab
236 1652 274 1671 eo
290 1641 395 1672 auxilii
410 1653 534 1682 sperare
551 1648 695 1683 potuerat
707 1643 830 1673 Cicero.

130 1685 183 1714 51.
207 1682 306 1725 Neque
319 1695 370 1725 ego
384 1686 545 1726 cessissem]
599 1685 716 1716 Maluit
730 1685 841 1716 Cicero

87 1727 199 1758 cedere
210 1727 250 1762 ei,
260 1732 292 1758 et
300 1727 384 1758 abire
395 1727 425 1758 in
438 1728 590 1767 exsilium,
601 1728 706 1769 quam,
720 1734 842 1758 certan-

86 1770 128 1799 do
151 1780 221 1800 cum
246 1770 421 1801 consulibus
446 1770 561 1801 Pisone
586 1776 618 1801 et
641 1771 793 1807 Gabinio,
810 1777 842 1802 et

86 1811 200 1843 Clodio
223 1813 344 1843 tribuno
369 1813 479 1853 plebis,
502 1824 657 1855 exponere
681 1814 842 1844 seditioni-

85 1854 142 1886 bus
158 1855 394 1896 rempublicam.

128 1898 182 1928 52.
207 1898 362 1929 Biistuario
374 1899 565 1939 gladiatore]
611 1899 755 1930 Clodium
779 1900 839 1940 sig-

86 1937 202 1976 nificat]
218 1941 284 1982 qui,
301 1946 334 1971 ut
349 1942 453 1971 scribit
468 1941 544 1977 Dio,
561 1941 614 1973 lib.
631 1944 684 1973 39.
701 1941 770 1972 cum
787 1942 836 1972 lex

85 1983 124 2011 ad
149 1983 298 2023 populum
321 1984 361 2014 de
385 1985 559 2014 revocando
575 1984 727 2015 Cicerone
741 1986 836 2015 ferre·

86 2030 145 2059 tur,
162 2025 298 2065 acceptis
321 2025 340 2055 a
355 2027 446 2056 fratre
471 2025 577 2066 Appio
601 2027 835 2067 gladiatoribus,

85 2078 163 2107 quos
177 2067 230 2098 ille
246 2069 276 2098 in
291 2068 397 2098 sunere
413 2069 514 2098 Marci
537 2070 702 2109 propinqui
718 2069 764 2099 sui
781 2070 837 2099 da-

85 2114 168 2139 turus
188 2114 265 2145 erat,
289 2110 407 2150 impetu
433 2111 465 2140 in
493 2111 719 2140 multitudinem
742 2112 837 2147 facto,

85 2151 197 2182 multos
211 2153 392 2190 vulneravit,
407 2153 580 2193 multosque
593 2153 719 2184 occidit.
756 2153 837 2183 Bus-

84 2195 199 2225 tuarius
224 2194 315 2234 porro
338 2195 450 2226 dicitur
476 2195 492 2225 a
518 2197 617 2231 busto,
639 2196 691 2226 ubi
719 2196 838 2227 scilicet

85 2242 271 2267 mortuorum
287 2238 440 2268 cadavera
454 2238 724 2269 comburebantur.

127 2280 181 2310 54.
202 2280 271 2310 Alia
285 2282 361 2310 enim
376 2279 491 2318 carism]
540 2280 663 2311 Reddit
679 2281 747 2321 jam
765 2282 835 2312 rati-

83 2332 173 2352 onem
189 2322 284 2363 quare
300 2323 433 2353 noluerit
445 2323 557 2353 Clodio
569 2323 720 2354 resistere.

126 2364 176 2395 lb.
192 2365 227 2400 Q.
241 2364 380 2406 Metelli.]
427 2365 574 2396 Metellus
587 2366 694 2396 maluit
708 2366 790 2396 abire
801 2365 834 2396 in

82 2407 336 2448 exsilium‚qu·‹'1m
348 2407 379 2437 in
394 2407 605 2439 Gracchorum
624 2409 708 2449 leges
718 2408 833 2448 jurare,

82 2449 151 2481 cum
175 2450 330 2491 Apuleius
354 2451 548 2485 Saturninus,
575 2451 678 2481 Mario
705 2451 832 2481 consule

82 2493 226 2530 confisus,
242 2494 375 2524 minatus
390 2499 437 2524 est
452 2504 485 2524 se
501 2494 734 2524 interdicturum
750 2493 833 2534 aqua

84 2542 116 2564 et
138 2535 209 2574 igne
235 2536 274 2567 iis
297 2537 351 2576 qui
374 2535 585 2576 juramentum
612 2537 831 2567 detrectarent.

81 2576 166 2608 Vide
181 2577 380 2609 Plutarchum
394 2579 427 2609 in
445 2579 558 2608 Mario.

125 2620 178 2650 59.
201 2620 275 2651 Cum
296 2622 386 2652 altero
408 2622 524 2651 barbato
544 2621 698 2662 Epicuro]
744 2622 833 2652 Piso·

82 2670 152 2691 nem
167 2662 383 2705 intelligit,qui
398 2663 525 2704 Epicuri
538 2670 630 2694 sectae
642 2665 832 2696 atlhaerebat.

83 2702 253 2735 Barbatum
265 2706 337 2737 vero
351 2712 452 2742 vocat,
465 2706 539 2747 quia
555 2707 648 2747 prisci
664 2707 709 2737 illi
732 2707 832 2748 philo-

82 2746 172 2786 sophi
189 2747 312 2778 barbam
334 2749 460 2780 alebant
481 2750 521 2779 ad
545 2749 715 2781 severitatis
730 2756 834 2781 osten-

82 2789 241 2819 tationem.
276 2788 374 2829 [Vide
390 2797 453 2822 not.
470 2801 542 2832 pag.
555 2792 646 2832 477.]

931 1601 983 1631 60.
1009 1598 1144 1631 Catilina:
1159 1601 1344 1644 laternario]
1401 1602 1570 1637 Gabinium
1587 1607 1644 1637 de-

887 1648 985 1678 notat,
1011 1644 1064 1683 qui
1091 1654 1195 1674 comes
1220 1645 1363 1676 Catilinae
1387 1652 1537 1679 nocturno
1565 1655 1646 1681 tem.

886 1695 961 1725 pore
977 1686 1042 1715 ibat
1057 1687 1095 1716 ad
1115 1692 1240 1726 stupra;
1264 1689 1347 1718 unde
1363 1689 1450 1719 Orat.
1464 1690 1534 1722 1.in
1546 1692 1643 1723 Catil.

886 1727 930 1758 sic
957 1728 1001 1758 ait
1026 1729 1067 1758 de
1091 1739 1140 1766 ρο,
1163 1730 1220 1759 Cui
1248 1736 1283 1760 τιι
1308 1731 1525 1771 adolescentulo,
1559 1746 1642 1775 quem

884 1772 1116 1809 corruptelarum
1152 1773 1288 1803 illecebris
1320 1773 1470 1810 irretisses,
1495 1787 1551 1807 mm.
1587 1784 1641 1808 aut

884 1815 923 1843 ad
948 1816 1102 1843 audaciam
1115 1814 1248 1855 ferrum,
1275 1822 1328 1845 aut
1356 1818 1395 1846 ad
1423 1818 1568 1851 libidinem
1580 1820 1639 1861 fa-

883 1867 954 1893 cem,
975 1857 1149 1896 prandisti?
1193 1859 1280 1888 Alibi
1300 1858 1426 1889 Gabinii
1453 1861 1549 1892 virum
1576 1863 1639 1894 Ca-

884 1898 1002 1929 tilinam
1029 1899 1214 1940 appellavit:
1247 1901 1433 1942 videturque
1462 1903 1512 1934 liic
1544 1905 1638 1936 eiiam

879 1942 1021 1971 eamdem
1032 1942 1264 1972 obscoenitateni
1276 1943 1461 1984 significare.
1484 1946 1640 1988 Appellat

880 1983 972 2023 igitur
997 1983 1219 2021 Laterum-ium,
1244 1985 1340 2025 quod,
1367 1992 1401 2016 ut
1425 1988 1488 2019 lieri
1511 1999 1637 2029 pueros,

880 2027 932 2065 qni
950 2026 1083 2057 laternas
1099 2033 1233 2067 gestant,
1251 2028 1269 2057 -ῖι
1285 2035 1370 2069 tergo
1393 2038 1575 2070 sequuntur.
1591 2033 1636 2064 sic

881 2068 1016 2098 Catilina
1032 2069 1168 2099 Gabinio
1183 2070 1386 2106 adolescenti,
1402 2074 1489 2112 quasi
1503 2074 1637 2105 laterna-

881 2111 936 2145 rio,
952 2110 1102 2151 perpetuo
1118 2112 1136 2141 a
1153 2117 1238 2152 tergo
1255 2113 1361 2144 affixus
1375 2119 1468 2145 esset.

925 2155 977 2183 61.
1002 2153 1167 2194 Cymbala]
1213 2154 1399 2194 Cyiubalum
1416 2167 1512 2197 genus
1528 2159 1636 2190 estin.

882 2197 1040 2226 strumenti
1066 2197 1172 2226 musici
1194 2207 1230 2227 ex
1256 2207 1327 2234 aere,
1349 2208 1521 2231 concavum
1543 2201 1634 2238 illud,

881 2243 913 2267 et
934 2239 1017 2278 quod
1041 2239 1080 2268 ad
1106 2239 1280 2269 saltandum
1307 2240 1498 2280 pulsabatur,
1516 2254 1578 2284 quo
1599 2245 1632 2275 in

880 2279 1017 2311 Deorum
1043 2281 1154 2312 Matris
1178 2283 1283 2319 sacris,
1299 2287 1330 2313 et
1352 2283 1383 2313 in
1407 2284 1488 2316 bello
1513 2287 1632 2318 Arabes

880 2325 1056 2353 utebantur.

921 2365 970 2396 Ib.
995 2366 1140 2408 Crotalu]
1185 2367 1344 2398 Crotalum
1357 2369 1633 2404 musicuininstru-

878 2414 1014 2438 mentum
1035 2415 1093 2446 est,
1110 2410 1194 2450 quod
1220 2410 1341 2450 pulsum
1366 2411 1397 2441 in
1423 2423 1499 2443 sono
1521 2426 1630 2446 vocem

875 2451 1004 2481 ciconiae
1017 2452 1165 2483 imitatur:
1184 2453 1252 2493 ipsa
1264 2454 1346 2484 enim
1359 2456 1442 2495 apud
1457 2456 1629 2500 AEgyptios

876 2493 1018 2524 Crotalus
1033 2495 1218 2536 appellatur.

919 2539 971 2567 6⁶2.
998 2536 1134 2568 Μαιίηιίε
1149 2538 1340 2579 turbinibus]
1385 2539 1447 2570 Per
1465 2543 1628 2583 metapho-

876 2588 939 2608 ram
955 2579 1252 2620 intelligitCatilinae
1265 2582 1521 2622 conjurationem,
1535 2595 1627 2625 quam

874 2621 1030 2651 exstinxit.

918 2666 970 2694 64.
995 2664 1233 2695 Contaminatum
1247 2666 1408 2706 spiritum]
1442 2667 1519 2697 Vult
1534 2669 1630 2711 signi-

875 2706 965 2737 ficare
979 2706 1124 2738 libidines
1140 2709 1299 2739 obscoenas
1316 2708 1454 2740 Gabinii.

921 2751 972 2779 69.
997 2749 1071 2780 Cme
1085 2761 1176 2781 omnes
1189 2751 1281 2790 boni.]
1334 2751 1546 2793 HyperbolIce
1561 2764 1630 2788 cru-

877 2791 1037 2823 dclitatem
1051 2792 1174 2825 Pisonis
1188 2792 1347 2825 describit.

1180 2849 1205 2874 U
