1858 3095
674 187 725 230 IN
748 187 1007 230 cummim
1031 197 1062 230 1.

95 273 300 316 invitatus
320 274 373 316 ad
395 278 507 325 tuos,
526 273 611 314 isse
632 273 831 316 videaris.
861 273 1122 331 Quanquam
1168 275 1242 317 uid
1255 275 1338 332 eigo
1354 280 1397 317 te
1414 275 1608 329 invitem,
1626 276 1653 319 ἳι

96 346 184 388 quo
199 333 290 388 jam
311 332 445 374 sciam
463 344 557 371 esse
577 331 837 387 praemissos,
858 332 930 387 qui
952 332 1030 373 tibi
1051 332 1106 373 ad
1164 346 1283 375 orum
1301 333 1525 374 Aurelium
1546 348 1654 388 prae-

100 389 358 431 stolarentur
376 387 526 430 armati
542 387 559 427 ’ἐ
592 387 726 429 sciam
746 394 918 443 pactam
939 395 982 430 et
999 389 1281 432 constitutam
1299 404 1392 432 esse
1410 404 1508 431 cum
1531 389 1654 430 Mau-
1673 398 1729 438 45

102 445 159 486 lio
179 446 322 488 diem?
353 445 379 487 zi
411 459 497 501 quo
529 444 659 486 etiam
690 445 878 501 aquilam
910 445 1026 487 illam
1055 455 1316 503 argenteam,
1339 461 1466 503 quam
1494 446 1574 488 tibi
1603 461 1657 487 ac

102 502 188 544 tuis
209 502 405 544 omnibus
426 501 713 557 perniciosam
744 516 838 543 esse
870 503 1042 544 confido
1065 511 1108 544 et
1129 503 1342 545 funestam
1364 503 1562 552 futuram,
1584 502 1656 544 cui

101 559 217 600 domi
238 566 321 600 tuae
337 557 570 600 sacrarium
587 559 796 601 scelerum
813 566 980 601 tuorum
994 560 1277 602 constitutum
1294 560 1389 611 fuit,
1408 559 1544 600 sciam
1561 574 1657 601 esse

103 615 393 672 praemissam‘?
454 614 518 656 Tu
538 616 603 657 ¹ut
624 615 698 656 ill-21
717 615 877 657 diutius
901 631 1042 658 carere
1063 617 1219 672 possis,
1242 631 1370 672 quam
1390 616 1580 657 venerari
1602 616 1658 657 ad

103 672 264 714 caedem
277 671 554 729 proficiscens
573 673 769 714 solebas?
792 672 817 713 a
834 673 956 728 cujus
965 673 1171 714 altaribus
1188 672 1304 729 περὶ*
1321 674 1448 715 istam
1465 673 1658 714 dextram
1676 680 1732 719 50

100 728 274 785 impiam
290 728 345 770 ad
362 743 511 771 necem
529 729 688 771 civium
702 729 990 770 transtulisti?
1022 729 1111 770 Ibis
1128 730 1303 771 tandem
1316 730 1563 786 aliquando,
1574 729 1659 786 quo

101 792 144 827 te
158 786 417 842 jampridem
438 792 512 828 tua
533 786 616 828 ista
635 785 851 842 cupiditas
874 785 1080 827 effrenata
1096 800 1147 827 ac
1164 787 1326 828 furiosa
1340 787 1557 842 rapiebat3
1588 801 1662 827 ne-

101 856 184 898 que
205 843 320 884 enim
341 843 421 884 tibi
442 843 535 884 haec
552 857 619 884 res
641 842 762 884 affert
782 842 989 893 dolorem,
1013 843 1091 884 sed
1111 844 1343 899 quamdam
1362 842 1661 884 incredibilem

100 899 379 955 voluptatem.
439 899 511 941 Ad
532 899 645 941 hanc
660 906 703 941 te
717 899 949 941 amentiam
964 906 1116 941 natura
1132 899 1309 957 peperit,
1325 901 1523 941 voluntas
1541 914 1662 941 exer·

102 955 203 1006 cuit,
226 956 396 998 fortuna
415 956 626 1008 servavit3
655 970 876 1013 nunquam
896 963 943 998 tu
963 971 1049 998 non
1070 956 1200 998 modo
1217 957 1367 1008 otium,
1390 957 1467 998 sed
1497 971 1550 998 ne
1571 957 1660 998 bel-
1678 964 1732 1004 55

99 1013 189 1054 lum
209 1013 398 1070 quidem,
419 1014 500 1054 nisi
520 1013 743 1062 nefarium,
765 1012 1009 1069 concupisti
1027 1031 1037 1066 3
1067 1020 1221 1055 nactus
1242 1029 1286 1055 es
1311 1028 1365 1055 ex
1383 1014 1577 1070 perditis,
1598 1021 1661 1055 at-

102 1084 187 1125 que
203 1071 257 1111 ab
273 1070 390 1112 omni
406 1085 493 1112 non
508 1069 639 1112 modo
654 1070 841 1121 fortunii,
853 1069 998 1112 verum
1015 1070 1145 1112 etiam
1159 1085 1235 1127 spe
1254 1070 1484 1119 derelictis,
1502 1070 1661 1112 confla-

101 1133 191 1168 tam
216 1126 508 1183 improborum
538 1134 745 1168 tnmanum
762 1143 774 1178 ς
804 1127 876 1169 hic
908 1134 956 1168 tu
991 1127 1078 1183 qua
1110 1127 1261 1169 laetitia
1293 1127 1508 1183 perfruere
1527 1128 1535 1168 !
1567 1127 1662 1183 qui-

104 1183 183 1224 bus
203 1183 373 1240 gaudiis
394 1183 654 1225 exsultabis!
688 1184 849 1240 quant-21
870 1183 915 1225 in
935 1184 1156 1241 voluptate
1177 1184 1459 1236 bacchabere,
1481 1183 1594 1236 cnm,
1617 1184 1662 1225 in

102 1246 224 1282 tanto
245 1255 423 1282 numero
443 1248 626 1292 tuorum,
647 1254 788 1297 neque
803 1240 952 1282 audies
969 1240 1105 1282 virum
1122 1241 1282 1282 bonum
1299 1255 1572 1297 quemquam,
1588 1256 1662 1283 ne·
1678 1248 1734 1289 60

102 1311 187 1353 que
217 1297 404 1338 videbis!
465 1297 538 1338 Ad
567 1297 695 1353 hujus
725 1297 824 1338 vitae
855 1297 1046 1339 studium
1077 1298 1301 1339 nmeditati
1331 1298 1393 1339 illi
1424 1304 1538 1350 sunt,
1561 1299 1662 1355 ⁰qui

103 1354 309 1406 feruntur,
339 1353 508 1395 labores
543 1354 628 1394 tui:
654 1354 800 1409 jacere
838 1353 971 1405 humi,
1003 1368 1092 1395 non
1124 1354 1252 1396 modo
1285 1355 1340 1395 ad
1374 1355 1660 1396 obsidendum

103 1417 310 1466 stuprum,
325 1409 471 1452 verum
495 1411 624 1452 etiam
645 1410 700 1450 ad
717 1409 883 1451 facinus
902 1410 1148 1452 obeundum
1166 1426 1177 1462 ;
1208 1410 1400 1466 vigilare,
1416 1425 1503 1452 non
1522 1410 1660 1452 solum

103 1467 158 1508 ad
179 1467 470 1509 insidiandum
491 1481 641 1508 somno
663 1467 927 1519 maritorum,
947 1466 1093 1509 verum
1115 1467 1246 1509 etiam
1258 1467 1384 1508 bonis
1402 1467 1659 1509 occisorum.

105 1523 254 1566 Habes
272 1523 347 1565 ubi
369 1530 558 1566 ostentes
577 1523 696 1565 illam
725 1524 974 1580 praeclaram
1003 1530 1122 1566 tuam
1151 1524 1403 1581 patientiam
1423 1524 1562 1575 samis,
1584 1524 1658 1566 fri-
1678 1534 1732 1576 65

105 1580 235 1637 goris,
258 1580 415 1638 inopiae
443 1595 584 1622 rerum
605 1580 820 1632 omnium3
852 1581 1006 1637 quibus
1035 1589 1078 1623 te
1109 1580 1230 1623 brevi
1263 1589 1454 1637 tempore
1490 1582 1661 1624 confec-

102 1646 197 1680 tum
218 1652 312 1680 esse
335 1637 510 1679 senties.
569 1637 754 1679 Tantum
773 1637 938 1694 profeci
960 1649 1066 1690 tum,
1089 1637 1187 1680 cum
1215 1644 1258 1679 te
1290 1636 1316 1678 a
1346 1638 1575 1679 consulatu
1595 1654 1660 1680 re-

104 1694 210 1752 puli,
218 1701 263 1737 et
271 1695 392 1738 exsul
404 1694 549 1752 potius
563 1702 580 1727 P
589 1701 769 1745 tentare,
779 1708 910 1753 quam
923 1696 1075 1738 consul
1087 1709 1256 1749 vexare,
1265 1694 1659 1752 Rempub.posses;

1666 196 1722 248 9'3

430 1823 799 1866 mmultitudinem.
897 1824 1160 1866 ”emi-citati.

753 1887 772 1912 Ρ
781 1881 1001 1924 lacessere.

105 1820 330 1876 ¹qumnodo.
1257 1823 1495 1885 &dicuntur
1512 1820 1659 1878 vulgo.

150 2029 205 2059 44.
225 2027 277 2059 Aa
291 2027 400 2060 For-um
414 2029 602 2072 Aurelium]
635 2028 785 2061 Tribunal
798 2028 859 2060 suit
901 2027 960 2060 ciie
986 2026 1112 2065 accidit,
1127 2031 1172 2064 ut,
1188 2026 1243 2068 qui
1263 2030 1336 2068 'sp'es
1358 2028 1428 2058 s‘uas
1450 2025 1483 2058 in
1507 2024 1610 2067 aliqua
1625 2035 1657 2057 re

108 2068 232 2108 Romae,
262 2071 315 2102 ubi
343 2071 457 2103 milites
483 2072 755 2104 conscribebantur
768 2083 778 2111 ;
799 2072 860 2103 fuit

107 2114 201 2144 etiam
216 2114 369 2156 oppidum
381 2115 465 2146 haud
479 2116 585 2156 procul
602 2115 641 2146 ab
657 2115 758 2156 Urbe,
772 2116 859 2146 unde

107 2157 237 2188 Aurelia
258 2157 310 2188 iria
334 2157 419 2189 dicta
448 2163 515 2195 est;
538 2157 601 2200 qua
628 2158 786 2200 profectus
813 2163 860 2189 est

105 2198 242 2231 Catilina
256 2199 289 2230 in
304 2206 404 2232 castra
418 2200 546 2232 Manlii.

147 2246 201 2274 46.
224 2244 363 2284 Aquilam
382 2243 572 2287 argenteam]
619 2243 737 2285 Aquila
751 2254 861 2285 argen-

107 2291 161 2318 fea
174 2287 296 2327 signum
311 2286 371 2318 fuit
382 2287 526 2329 legionis,
541 2287 626 2328 quod
641 2287 762 2318 Marius
777 2287 860 2318 bello

109 2329 264 2362 Cimbrico
278 2329 311 2360 in
325 2331 462 2362 exercitu
475 2331 595 2362 habuit.
639 2330 793 2372 Vegetius
808 2341 862 2361 au-

108 2378 173 2414 tem
187 2373 292 2410 refert,
307 2373 443 2415 aquilam
458 2374 616 2416 proprium
631 2373 752 2414 signum
767 2373 862 2404 fuisse

107 2415 325 2448 Romanorum
340 2427 347 2446 t
369 2416 440 2448 clim
456 2423 560 2449 autem
573 2417 654 2458 legio
669 2416 816 2458 quaelibet
828 2416 862 2447 in

108 2460 219 2491 decem
234 2459 424 2491 divideretur
445 2461 598 2498 cohortes,
612 2460 742 2501 primam
761 2459 862 2500 cujus-

108 2507 171 2544 que
182 2502 317 2576 ¹legionis
331 2504 488 2535 cohortem
512 2515 568 2546 pro
589 2503 677 2545 signo
695 2503 862 2545 sumpsisse

109 2546 179 2588 aqui
194 2552 254 2588 am.

152 2591 205 2622 48.
225 2589 422 2631 Sat-tarium]
459 2589 632 2621 Sacran'um
643 2601 699 2621 seu
713 2589 863 2622 sacellum

109 2633 194 2664 idem
217 2639 264 2664 est
277 2645 286 2672 ;
308 2640 376 2665 erat
402 2639 506 2665 autem
531 2634 636 2675 aquila
657 2634 712 2664 illa
735 2643 864 2674 parvum

107 2676 265 2718 quoddam
285 2677 445 2717 sacellum,
463 2688 518 2708 seu
542 2677 719 2717 sacrarium,
741 2677 775 2707 in
797 2685 859 2718 quo

108 2720 209 2750 inerat
241 2719 352 2762 aquilae
374 2721 492 2762 effigies
518 2729 613 2751 aurea
630 2720 681 2751 vel
701 2726 858 2760 argentea,

109 2765 179 2803 quae
192 2763 289 2793 hastae
298 2768 364 2794 erat
373 2764 530 2806 imposita,
540 2766 633 2805 quam
641 2762 696 2806 qui
706 2764 862 2806 portabat,

108 2807 251 2850 aquilifer
264 2805 435 2838 dicebatur.

149 2848 206 2888 49.
220 2847 275 2884 ,Τιι
288 2851 324 2884 ut
336 2848 393 2883 icta
401 2848 518 2884 diutim
529 2859 626 2890 carere
635 2850 752 2894 possis-J
799 2847 861 2883 Fa-

901 2071 1102 2110 collocssirunt‚
1119 2071 1158 2101 ab
1171 2071 1210 2102 ea
1224 2070 1350 2102 difficile
1366 2071 1593 2101 dimoveantur.

945 2114 998 2144 52.
1025 2114 1175 2154 Cupiditas
1196 2113 1367 2156 effrenata]
1411 2113 1602 2155 Metaphora
1617 2112 1656 2142 ab

903 2157 991 2199 equis
1004 2157 1173 2187 indomitis.

947 2202 1000 2232 54.
1024 2199 1144 2231 Natura
1154 2199 1290 2240 peperit]
1337 2199 1473 2240 Compar
1487 2210 1542 2230 seu
1558 2199 1656 2230 disso-

903 2243 1001 2274 lutum
1024 2242 1124 2279 affert,
1139 2241 1209 2274 cum
1232 2242 1369 2273 membra
1390 2243 1478 2284 paria
1501 2248 1583 2281 sunt,
1597 2252 1658 2273 nec

900 2286 1011 2328 juncta
1025 2285 1306 2327 conjunctionibus.

949 2330 1001 2361 59.
1026 2328 1230 2370 Bacchabere.]
1275 2329 1439 2368 Bacchafi,
1462 2329 1588 2360 verbum
1610 2333 1659 2360 est

902 2372 1071 2414 voluptatis
1086 2371 1178 2413 longe
1193 2372 1403 2413 gravissimum
1415 2382 1424 2411 ;
1440 2377 1472 2402 et
1487 2378 1534 2403 est
1538 2372 1658 2414 furere.

948 2418 1001 2447 6⁷2.
1026 2415 1387 2457 Obsidendumstumum.]
1427 2414 1581 2446 Obsidere
1593 2421 1659 2446 stu-

904 2470 1006 2502 prum,
1022 2464 1069 2490 est
1082 2466 1262 2500 exspectare
1285 2464 1320 2489 ut
1330 2458 1431 2489 mariti
1445 2458 1610 2495 dormiant,
1624 2463 1659 2489 ut

905 2503 1051 2534 uxoribus
1075 2513 1179 2533 eorum
1205 2502 1275 2543 quis
1302 2502 1456 2543 potiatur:
1482 2502 1565 2542 quod
1594 2507 1658 2532 tam

902 2545 1054 2576 familiare
1068 2546 1128 2576 fuit
1139 2545 1295 2581 Catilinae,
1311 2544 1404 2586 quam
1425 2544 1566 2576 insidiari
1581 2543 1659 2575 divi-

907 2594 972 2620 tum
987 2589 1070 2626 vitae,
1084 2594 1120 2620 ut
1133 2599 1187 2619 eos
1201 2588 1319 2619 occisos
1333 2587 1493 2628 spoliaret.

951 2634 1003 2663 67.
1027 2633 1054 2662 A
1073 2632 1224 2663 consulatu
1245 2631 1368 2672 repuli]
1415 2630 1524 2661 Cicero
1552 2630 1660 2660 Catili-

903 2685 975 2706 nam
991 2674 1123 2706 ambitus
1138 2675 1306 2711 accusavit,
1320 2678 1353 2705 et
1367 2673 1473 2704 effecit
1495 2683 1534 2702 ne
1549 2672 1657 2703 consul

903 2722 1006 2755 esset;
1031 2717 1098 2759 ejus
1110 2718 1237 2760 quidem
1253 2716 1455 2749 accusationis
1467 2715 1564 2745 oratio
1577 2715 1661 2746 desi-

906 2762 1052 2792 deratur:
1078 2767 1110 2792 at
1131 2761 1164 2792 in
1189 2771 1257 2792 eam
1282 2767 1387 2792 tamen
1410 2758 1506 2802 aliqui
1528 2757 1660 2792 Asconii

904 2804 1120 2840 commentarii
1133 2808 1216 2839 sunt.
