<?xml version="1.0" encoding="UTF-8"?>
<!DOCTYPE html PUBLIC "-//W3C//DTD XHTML 1.0 Transitional//EN"
    "http://www.w3.org/TR/xhtml1/DTD/xhtml1-transitional.dtd">
<html xmlns="http://www.w3.org/1999/xhtml" xml:lang="en" lang="en">
 <head>
  <title>
</title>
<meta http-equiv="Content-Type" content="text/html;charset=utf-8" />
  <meta name='ocr-system' content='tesseract 3.04.00' />
  <meta name='ocr-capabilities' content='ocr_page ocr_carea ocr_par ocr_line ocrx_word'/>
</head>
<body>
  <div class='ocr_page' id='page_1' title='image "./selectaeoratione00ciceuoft_0494.png"; bbox 0 0 1790 3090; ppageno 0'>
   <div class='ocr_carea' id='block_1_1' title="bbox 87 167 176 211">
    <p class='ocr_par' dir='ltr' id='par_1_1' title="bbox 87 167 176 211">
     <span class='ocr_line' id='line_1_1' title="bbox 87 167 176 211; baseline 0.011 -1"><span class='ocrx_word' id='word_1_1' title='bbox 87 167 176 211; x_wconf 80' lang='lat'><strong>452</strong></span> 
     </span>
    </p>
   </div>
   <div class='ocr_carea' id='block_1_2' title="bbox 102 468 109 488">
    <p class='ocr_par' dir='ltr' id='par_1_2' title="bbox 102 468 109 488">
     <span class='ocr_line' id='line_1_2' title="bbox 102 468 109 488; baseline 0 0"><span class='ocrx_word' id='word_1_2' title='bbox 102 468 109 488; x_wconf 75' lang='lat' dir='ltr'><strong>l</strong></span> 
     </span>
    </p>
   </div>
   <div class='ocr_carea' id='block_1_3' title="bbox 11 489 109 531">
    <p class='ocr_par' dir='ltr' id='par_1_3' title="bbox 11 489 109 531">
     <span class='ocr_line' id='line_1_3' title="bbox 11 489 109 531; baseline 0.02 -14"><span class='ocrx_word' id='word_1_3' title='bbox 11 505 74 531; x_wconf 33' lang='lat' dir='ltr'><strong>vil:</strong></span> <span class='ocrx_word' id='word_1_4' title='bbox 86 489 109 527; x_wconf 43' lang='lat' dir='ltr'><strong>‘lv</strong></span> 
     </span>
    </p>
   </div>
   <div class='ocr_carea' id='block_1_4' title="bbox 3 1133 19 1155">
    <p class='ocr_par' dir='ltr' id='par_1_4' title="bbox 3 1133 19 1155">
     <span class='ocr_line' id='line_1_4' title="bbox 3 1133 19 1155; baseline 0 0"><span class='ocrx_word' id='word_1_5' title='bbox 3 1133 19 1155; x_wconf 75' lang='lat' dir='ltr'><em>J</em></span> 
     </span>
    </p>
   </div>
   <div class='ocr_carea' id='block_1_5' title="bbox 794 174 1130 210">
    <p class='ocr_par' dir='ltr' id='par_1_5' title="bbox 794 174 1130 210">
     <span class='ocr_line' id='line_1_5' title="bbox 794 174 1130 210; baseline 0 -3"><span class='ocrx_word' id='word_1_6' title='bbox 794 174 1059 210; x_wconf 86' lang='lat' dir='ltr'>PHILIPPICA</span> <span class='ocrx_word' id='word_1_7' title='bbox 1080 174 1130 208; x_wconf 83' lang='lat'><strong>11.</strong></span> 
     </span>
    </p>
   </div>
   <div class='ocr_carea' id='block_1_6' title="bbox 94 249 1737 711">
    <p class='ocr_par' dir='ltr' id='par_1_6' title="bbox 13 249 1737 711">
     <span class='ocr_line' id='line_1_6' title="bbox 179 249 1731 311; baseline 0.005 -18"><span class='ocrx_word' id='word_1_8' title='bbox 179 249 324 304; x_wconf 81' lang='lat' dir='ltr'><strong>Creta,</strong></span> <span class='ocrx_word' id='word_1_9' title='bbox 336 256 437 309; x_wconf 84' lang='lat' dir='ltr'><strong>post</strong></span> <span class='ocrx_word' id='word_1_10' title='bbox 453 251 516 294; x_wconf 90' lang='lat' dir='ltr'><strong>M.</strong></span> <span class='ocrx_word' id='word_1_11' title='bbox 534 250 657 294; x_wconf 81' lang='lat' dir='ltr'><strong>Bruti</strong></span> <span class='ocrx_word' id='word_1_12' title='bbox 673 250 915 307; x_wconf 80' lang='lat' dir='ltr'><strong>decessum,</strong></span> <span class='ocrx_word' id='word_1_13' title='bbox 936 253 1079 311; x_wconf 86' lang='lat' dir='ltr'><strong>potuit</strong></span> <span class='ocrx_word' id='word_1_14' title='bbox 1091 252 1277 307; x_wconf 88' lang='lat' dir='ltr'><strong>liberari,</strong></span> <span class='ocrx_word' id='word_1_15' title='bbox 1297 253 1394 297; x_wconf 73' lang='lat' dir='ltr'><strong>eum</strong></span> <span class='ocrx_word' id='word_1_16' title='bbox 1407 253 1538 298; x_wconf 84' lang='lat' dir='ltr'><strong>Creta</strong></span> <span class='ocrx_word' id='word_1_17' title='bbox 1547 254 1654 299; x_wconf 86' lang='lat' dir='ltr'><strong>nihil</strong></span> <span class='ocrx_word' id='word_1_18' title='bbox 1673 255 1731 301; x_wconf 83' lang='lat' dir='ltr'><strong>ad</strong></span> 
     </span>
     <span class='ocr_line' id='line_1_7' title="bbox 179 307 1732 368; baseline 0.004 -19"><span class='ocrx_word' id='word_1_19' title='bbox 179 307 376 360; x_wconf 84' lang='lat' dir='ltr'><strong>Brutum,</strong></span> <span class='ocrx_word' id='word_1_20' title='bbox 399 310 567 351; x_wconf 85' lang='lat' dir='ltr'><strong>Caesare</strong></span> <span class='ocrx_word' id='word_1_21' title='bbox 587 310 701 362; x_wconf 89' lang='lat' dir='ltr'><strong>vivo,</strong></span> <span class='ocrx_word' id='word_1_22' title='bbox 720 310 981 367; x_wconf 71' lang='lat' dir='ltr'><strong>pertineret?</strong></span> <span class='ocrx_word' id='word_1_23' title='bbox 1041 311 1117 362; x_wconf 82' lang='lat' dir='ltr'><strong>At,</strong></span> <span class='ocrx_word' id='word_1_24' title='bbox 1139 311 1266 368; x_wconf 87' lang='lat' dir='ltr'><strong>hujus</strong></span> <span class='ocrx_word' id='word_1_25' title='bbox 1287 311 1535 355; x_wconf 83' lang='lat' dir='ltr'><strong>venditione</strong></span> <span class='ocrx_word' id='word_1_26' title='bbox 1556 313 1732 367; x_wconf 77' lang='lat' dir='ltr'><strong>decreti,</strong></span> 
     </span>
     <span class='ocr_line' id='line_1_8' title="bbox 103 360 1734 426; baseline 0.004 -20"><span class='ocrx_word' id='word_1_27' title='bbox 103 360 161 402; x_wconf 72' lang='lat'><strong>25</strong></span> <span class='ocrx_word' id='word_1_28' title='bbox 179 380 233 407; x_wconf 90' lang='lat' dir='ltr'><strong>ne</strong></span> <span class='ocrx_word' id='word_1_29' title='bbox 264 366 370 407; x_wconf 86' lang='lat' dir='ltr'><strong>nihil</strong></span> <span class='ocrx_word' id='word_1_30' title='bbox 396 372 541 408; x_wconf 86' lang='lat' dir='ltr'><strong>aetum</strong></span> <span class='ocrx_word' id='word_1_31' title='bbox 570 367 748 423; x_wconf 89' lang='lat' dir='ltr'><strong>putetis,</strong></span> <span class='ocrx_word' id='word_1_32' title='bbox 778 368 1042 424; x_wconf 89' lang='lat' dir='ltr'><strong>provinciam</strong></span> <span class='ocrx_word' id='word_1_33' title='bbox 1063 367 1236 410; x_wconf 80' lang='lat' dir='ltr'><strong>Cretam</strong></span> <span class='ocrx_word' id='word_1_34' title='bbox 1258 369 1522 426; x_wconf 83' lang='lat' dir='ltr'><strong>perdidistis.</strong></span> <span class='ocrx_word' id='word_1_35' title='bbox 1581 368 1734 417; x_wconf 83' lang='lat' dir='ltr'><strong>Omni-</strong></span> 
     </span>
     <span class='ocr_line' id='line_1_9' title="bbox 179 422 1735 481; baseline 0.003 -18"><span class='ocrx_word' id='word_1_36' title='bbox 179 422 237 463; x_wconf 75' lang='lat' dir='ltr'><strong>no</strong></span> <span class='ocrx_word' id='word_1_37' title='bbox 266 437 392 464; x_wconf 89' lang='lat' dir='ltr'><strong>nemo</strong></span> <span class='ocrx_word' id='word_1_38' title='bbox 423 423 548 464; x_wconf 88' lang='lat' dir='ltr'><strong>ullius</strong></span> <span class='ocrx_word' id='word_1_39' title='bbox 580 424 640 466; x_wconf 88' lang='lat' dir='ltr'><strong>rei</strong></span> <span class='ocrx_word' id='word_1_40' title='bbox 669 423 753 465; x_wconf 82' lang='lat' dir='ltr'><strong>fuit</strong></span> <span class='ocrx_word' id='word_1_41' title='bbox 782 431 961 481; x_wconf 84' lang='lat' dir='ltr'><strong>emptor,</strong></span> <span class='ocrx_word' id='word_1_42' title='bbox 993 424 1064 466; x_wconf 88' lang='lat' dir='ltr'><strong>cui</strong></span> <span class='ocrx_word' id='word_1_43' title='bbox 1094 425 1275 467; x_wconf 90' lang='lat' dir='ltr'><strong>defuerit</strong></span> <span class='ocrx_word' id='word_1_44' title='bbox 1303 426 1376 467; x_wconf 83' lang='lat' dir='ltr'><strong>hio</strong></span> <span class='ocrx_word' id='word_1_45' title='bbox 1404 426 1625 469; x_wconf 71' lang='lat' dir='ltr'><strong>venditor.</strong></span> <span class='ocrx_word' id='word_1_46' title='bbox 1676 425 1735 468; x_wconf 81' lang='lat' dir='ltr'><strong>Et</strong></span> 
     </span>
     <span class='ocr_line' id='line_1_10' title="bbox 181 479 1736 538; baseline 0.004 -19"><span class='ocrx_word' id='word_1_47' title='bbox 181 479 235 519; x_wconf 90' lang='lat' dir='ltr'><strong>de</strong></span> <span class='ocrx_word' id='word_1_48' title='bbox 257 479 478 522; x_wconf 79' lang='lat' dir='ltr'><strong>exsulibus</strong></span> <span class='ocrx_word' id='word_1_49' title='bbox 498 481 654 536; x_wconf 81' lang='lat' dir='ltr'><strong>legem,</strong></span> <span class='ocrx_word' id='word_1_50' title='bbox 686 496 815 538; x_wconf 86' lang='lat' dir='ltr'><strong>quam</strong></span> <span class='ocrx_word' id='word_1_51' title='bbox 835 482 981 530; x_wconf 87' lang='lat' dir='ltr'><strong>fixisti,</strong></span> <span class='ocrx_word' id='word_1_52' title='bbox 1012 482 1159 524; x_wconf 81' lang='lat' dir='ltr'><strong>Caesar</strong></span> <span class='ocrx_word' id='word_1_53' title='bbox 1176 482 1299 524; x_wconf 72' lang='lat' dir='ltr'><strong>tulit?</strong></span> <span class='ocrx_word' id='word_1_54' title='bbox 1359 483 1526 525; x_wconf 88' lang='lat' dir='ltr'><strong>Nullius</strong></span> <span class='ocrx_word' id='word_1_55' title='bbox 1548 482 1736 534; x_wconf 58' lang='lat' dir='ltr'><strong>insector</strong></span> 
     </span>
     <span class='ocr_line' id='line_1_11' title="bbox 180 536 1736 596; baseline 0.003 -20"><span class='ocrx_word' id='word_1_56' title='bbox 180 536 489 579; x_wconf 80' lang='lat' dir='ltr'><strong>calamitatem:</strong></span> <span class='ocrx_word' id='word_1_57' title='bbox 511 537 679 579; x_wconf 75' lang='lat' dir='ltr'><strong>tantum</strong></span> <span class='ocrx_word' id='word_1_58' title='bbox 700 553 865 594; x_wconf 88' lang='lat' dir='ltr'><strong>queror,</strong></span> <span class='ocrx_word' id='word_1_59' title='bbox 885 537 1067 594; x_wconf 73' lang='lat' dir='ltr'><strong>primum</strong></span> <span class='ocrx_word' id='word_1_60' title='bbox 1087 553 1232 580; x_wconf 90' lang='lat' dir='ltr'><strong>eorum</strong></span> <span class='ocrx_word' id='word_1_61' title='bbox 1252 538 1414 581; x_wconf 89' lang='lat' dir='ltr'><strong>reditus</strong></span> <span class='ocrx_word' id='word_1_62' title='bbox 1434 539 1736 596; x_wconf 88' lang='lat' dir='ltr'><strong>[inquinatos,]</strong></span> 
     </span>
     <span class='ocr_line' id='line_1_12' title="bbox 182 595 1736 652; baseline 0.003 -18"><span class='ocrx_word' id='word_1_63' title='bbox 182 607 363 648; x_wconf 88' lang='lat' dir='ltr'><strong>quorum</strong></span> <span class='ocrx_word' id='word_1_64' title='bbox 397 609 574 636; x_wconf 87' lang='lat' dir='ltr'><strong>causam</strong></span> <span class='ocrx_word' id='word_1_65' title='bbox 603 595 857 637; x_wconf 84' lang='lat' dir='ltr'><strong>dissimilem</strong></span> <span class='ocrx_word' id='word_1_66' title='bbox 891 595 1038 637; x_wconf 82' lang='lat' dir='ltr'><strong>Caesar</strong></span> <span class='ocrx_word' id='word_1_67' title='bbox 1064 595 1348 652; x_wconf 81' lang='lat' dir='ltr'><strong>judicaverit:</strong></span> <span class='ocrx_word' id='word_1_68' title='bbox 1383 597 1556 649; x_wconf 70' lang='lat' dir='ltr'><strong>deinde,</strong></span> <span class='ocrx_word' id='word_1_69' title='bbox 1586 596 1736 640; x_wconf 82' lang='lat' dir='ltr'><strong>nescio</strong></span> 
     </span>
     <span class='ocr_line' id='line_1_13' title="bbox 94 646 1737 711; baseline 0.005 -22.624"><span class='ocrx_word' id='word_1_70' title='bbox 94 646 163 687; x_wconf 66' lang='lat'><strong>,30</strong></span> <span class='ocrx_word' id='word_1_71' title='bbox 182 664 256 691; x_wconf 85' lang='lat' dir='ltr'><strong>eur</strong></span> <span class='ocrx_word' id='word_1_72' title='bbox 291 651 465 707; x_wconf 86' lang='lat' dir='ltr'><strong>reliquis</strong></span> <span class='ocrx_word' id='word_1_73' title='bbox 503 651 620 694; x_wconf 90' lang='lat' dir='ltr'><strong>idem</strong></span> <span class='ocrx_word' id='word_1_74' title='bbox 657 667 746 695; x_wconf 87' lang='lat' dir='ltr'><strong>non</strong></span> <span class='ocrx_word' id='word_1_75' title='bbox 783 653 971 704; x_wconf 88' lang='lat' dir='ltr'><strong>tribuas;</strong></span> <span class='ocrx_word' id='word_1_76' title='bbox 1016 667 1156 708; x_wconf 91' lang='lat' dir='ltr'><strong>neque</strong></span> <span class='ocrx_word' id='word_1_77' title='bbox 1195 653 1310 695; x_wconf 89' lang='lat' dir='ltr'><strong>enim</strong></span> <span class='ocrx_word' id='word_1_78' title='bbox 1340 654 1437 709; x_wconf 92' lang='lat' dir='ltr'><strong>plus</strong></span> <span class='ocrx_word' id='word_1_79' title='bbox 1478 653 1610 711; x_wconf 71' lang='lat' dir='ltr'><strong>quam</strong></span> <span class='ocrx_word' id='word_1_80' title='bbox 1650 660 1737 697; x_wconf 84' lang='lat' dir='ltr'><strong>tres</strong></span> 
     </span>
    </p>
   </div>
   <div class='ocr_carea' id='block_1_7' title="bbox 865 709 951 759">
    <p class='ocr_par' dir='ltr' id='par_1_7' title="bbox 865 709 951 759">
     <span class='ocr_line' id='line_1_14' title="bbox 865 709 951 759; baseline 0 -9"><span class='ocrx_word' id='word_1_81' title='bbox 865 709 951 759; x_wconf 85' lang='lat' dir='ltr'><strong>Qui</strong></span> 
     </span>
    </p>
   </div>
   <div class='ocr_carea' id='block_1_8' title="bbox 181 708 790 771">
    <p class='ocr_par' dir='ltr' id='par_1_8' title="bbox 181 708 790 771">
     <span class='ocr_line' id='line_1_15' title="bbox 181 708 790 771; baseline 0.007 -24"><span class='ocrx_word' id='word_1_82' title='bbox 181 713 256 748; x_wconf 82' lang='lat' dir='ltr'><strong>aut</strong></span> <span class='ocrx_word' id='word_1_83' title='bbox 284 715 469 771; x_wconf 79' lang='lat' dir='ltr'><strong>quatuor</strong></span> <span class='ocrx_word' id='word_1_84' title='bbox 496 708 646 765; x_wconf 86' lang='lat' dir='ltr'><strong>reliqui</strong></span> <span class='ocrx_word' id='word_1_85' title='bbox 678 714 790 751; x_wconf 80' lang='lat' dir='ltr'><strong>sunt.</strong></span> 
     </span>
    </p>
   </div>
   <div class='ocr_carea' id='block_1_9' title="bbox 991 709 1737 764">
    <p class='ocr_par' dir='ltr' id='par_1_9' title="bbox 991 709 1737 764">
     <span class='ocr_line' id='line_1_16' title="bbox 991 709 1737 764; baseline 0.004 -14"><span class='ocrx_word' id='word_1_86' title='bbox 991 709 1120 751; x_wconf 86' lang='lat' dir='ltr'><strong>simili</strong></span> <span class='ocrx_word' id='word_1_87' title='bbox 1159 709 1205 750; x_wconf 87' lang='lat' dir='ltr'><strong>in</strong></span> <span class='ocrx_word' id='word_1_88' title='bbox 1235 710 1481 752; x_wconf 79' lang='lat' dir='ltr'><strong>calamitate</strong></span> <span class='ocrx_word' id='word_1_89' title='bbox 1517 717 1632 764; x_wconf 89' lang='lat' dir='ltr'><strong>sunt,</strong></span> <span class='ocrx_word' id='word_1_90' title='bbox 1663 724 1737 753; x_wconf 84' lang='lat' dir='ltr'><strong>cur</strong></span> 
     </span>
    </p>
   </div>
   <div class='ocr_carea' id='block_1_10' title="bbox 76 764 1743 1165">
    <p class='ocr_par' dir='ltr' id='par_1_10' title="bbox 7 764 1743 1165">
     <span class='ocr_line' id='line_1_17' title="bbox 180 764 1738 810; baseline 0.003 -5"><span class='ocrx_word' id='word_1_91' title='bbox 180 764 258 806; x_wconf 69' lang='lat' dir='ltr'><strong>tua</strong></span> <span class='ocrx_word' id='word_1_92' title='bbox 286 765 584 807; x_wconf 65' lang='lat' dir='ltr'><strong>misericordia</strong></span> <span class='ocrx_word' id='word_1_93' title='bbox 614 766 743 808; x_wconf 85' lang='lat' dir='ltr'><strong>simili</strong></span> <span class='ocrx_word' id='word_1_94' title='bbox 781 781 869 808; x_wconf 89' lang='lat' dir='ltr'><strong>non</strong></span> <span class='ocrx_word' id='word_1_95' title='bbox 908 766 1135 808; x_wconf 75' lang='lat' dir='ltr'><strong>fruuntur?</strong></span> <span class='ocrx_word' id='word_1_96' title='bbox 1174 781 1250 809; x_wconf 89' lang='lat' dir='ltr'><strong>cur</strong></span> <span class='ocrx_word' id='word_1_97' title='bbox 1285 781 1359 809; x_wconf 90' lang='lat' dir='ltr'><strong>eos</strong></span> <span class='ocrx_word' id='word_1_98' title='bbox 1398 767 1532 809; x_wconf 90' lang='lat' dir='ltr'><strong>habes</strong></span> <span class='ocrx_word' id='word_1_99' title='bbox 1563 767 1610 809; x_wconf 91' lang='lat' dir='ltr'><strong>in</strong></span> <span class='ocrx_word' id='word_1_100' title='bbox 1638 767 1738 810; x_wconf 86' lang='lat' dir='ltr'><strong>loeo</strong></span> 
     </span>
     <span class='ocr_line' id='line_1_18' title="bbox 178 822 1740 881; baseline 0.003 -19"><span class='ocrx_word' id='word_1_101' title='bbox 178 822 350 876; x_wconf 72' lang='lat' dir='ltr'><strong>patrui?</strong></span> <span class='ocrx_word' id='word_1_102' title='bbox 385 823 438 863; x_wconf 90' lang='lat' dir='ltr'><strong>de</strong></span> <span class='ocrx_word' id='word_1_103' title='bbox 474 837 560 878; x_wconf 93' lang='lat' dir='ltr'><strong>quo</strong></span> <span class='ocrx_word' id='word_1_104' title='bbox 591 823 714 875; x_wconf 87' lang='lat' dir='ltr'><strong>ferre,</strong></span> <span class='ocrx_word' id='word_1_105' title='bbox 753 823 850 865; x_wconf 71' lang='lat' dir='ltr'><strong>eum</strong></span> <span class='ocrx_word' id='word_1_106' title='bbox 885 823 939 865; x_wconf 91' lang='lat' dir='ltr'><strong>de</strong></span> <span class='ocrx_word' id='word_1_107' title='bbox 973 823 1150 880; x_wconf 87' lang='lat' dir='ltr'><strong>reliquis</strong></span> <span class='ocrx_word' id='word_1_108' title='bbox 1185 824 1330 876; x_wconf 83' lang='lat' dir='ltr'><strong>ferres,</strong></span> <span class='ocrx_word' id='word_1_109' title='bbox 1364 823 1570 876; x_wconf 83' lang='lat' dir='ltr'><strong>noluisti3</strong></span> <span class='ocrx_word' id='word_1_110' title='bbox 1610 839 1740 881; x_wconf 90' lang='lat' dir='ltr'><strong>quem</strong></span> 
     </span>
     <span class='ocr_line' id='line_1_19' title="bbox 180 878 1741 938; baseline 0.004 -20"><span class='ocrx_word' id='word_1_111' title='bbox 180 878 311 920; x_wconf 83' lang='lat' dir='ltr'><strong>etiam</strong></span> <span class='ocrx_word' id='word_1_112' title='bbox 332 878 387 920; x_wconf 83' lang='lat' dir='ltr'><strong>ad</strong></span> <span class='ocrx_word' id='word_1_113' title='bbox 408 893 631 921; x_wconf 79' lang='lat' dir='ltr'><strong>censuram</strong></span> <span class='ocrx_word' id='word_1_114' title='bbox 646 881 877 935; x_wconf 88' lang='lat' dir='ltr'><strong>petendam</strong></span> <span class='ocrx_word' id='word_1_115' title='bbox 895 880 1125 937; x_wconf 81' lang='lat' dir='ltr'><strong>impulisti3</strong></span> <span class='ocrx_word' id='word_1_116' title='bbox 1158 895 1337 938; x_wconf 90' lang='lat' dir='ltr'><strong>eamque</strong></span> <span class='ocrx_word' id='word_1_117' title='bbox 1353 881 1609 937; x_wconf 81' lang='lat' dir='ltr'><strong>petitionem</strong></span> <span class='ocrx_word' id='word_1_118' title='bbox 1624 895 1741 924; x_wconf 89' lang='lat' dir='ltr'><strong>com-</strong></span> 
     </span>
     <span class='ocr_line' id='line_1_20' title="bbox 105 934 1743 994; baseline 0.004 -20"><span class='ocrx_word' id='word_1_119' title='bbox 105 934 162 975; x_wconf 83' lang='lat'><strong>35</strong></span> <span class='ocrx_word' id='word_1_120' title='bbox 180 934 359 990; x_wconf 68' lang='lat' dir='ltr'><strong>parasti,</strong></span> <span class='ocrx_word' id='word_1_121' title='bbox 390 950 487 991; x_wconf 82' lang='lat' dir='ltr'><strong>quae</strong></span> <span class='ocrx_word' id='word_1_122' title='bbox 507 943 551 978; x_wconf 90' lang='lat' dir='ltr'><strong>et</strong></span> <span class='ocrx_word' id='word_1_123' title='bbox 568 936 678 978; x_wconf 88' lang='lat' dir='ltr'><strong>risus</strong></span> <span class='ocrx_word' id='word_1_124' title='bbox 696 937 919 978; x_wconf 89' lang='lat' dir='ltr'><strong>hominum</strong></span> <span class='ocrx_word' id='word_1_125' title='bbox 938 944 982 979; x_wconf 92' lang='lat' dir='ltr'><strong>et</strong></span> <span class='ocrx_word' id='word_1_126' title='bbox 1001 938 1196 994; x_wconf 82' lang='lat' dir='ltr'><strong>querelas</strong></span> <span class='ocrx_word' id='word_1_127' title='bbox 1216 944 1420 980; x_wconf 89' lang='lat' dir='ltr'><strong>moveret.</strong></span> <span class='ocrx_word' id='word_1_128' title='bbox 1480 938 1569 980; x_wconf 89' lang='lat' dir='ltr'><strong>Cur</strong></span> <span class='ocrx_word' id='word_1_129' title='bbox 1596 945 1743 981; x_wconf 86' lang='lat' dir='ltr'><strong>autem</strong></span> 
     </span>
     <span class='ocr_line' id='line_1_21' title="bbox 78 991 1742 1049; baseline 0.002 -15.836"><span class='ocrx_word' id='word_1_130' title='bbox 78 1025 88 1038; x_wconf 67' lang='lat'>„</span> <span class='ocrx_word' id='word_1_131' title='bbox 158 1006 234 1043; x_wconf 20' lang='lat' dir='ltr'><strong>dea</strong></span> <span class='ocrx_word' id='word_1_132' title='bbox 249 991 425 1033; x_wconf 88' lang='lat' dir='ltr'><strong>comitia</strong></span> <span class='ocrx_word' id='word_1_133' title='bbox 443 1007 531 1034; x_wconf 92' lang='lat' dir='ltr'><strong>non</strong></span> <span class='ocrx_word' id='word_1_134' title='bbox 557 992 778 1034; x_wconf 73' lang='lat' dir='ltr'><strong>habuisti?</strong></span> <span class='ocrx_word' id='word_1_135' title='bbox 817 1008 873 1035; x_wconf 89' lang='lat' dir='ltr'><strong>an</strong></span> <span class='ocrx_word' id='word_1_136' title='bbox 899 993 1002 1049; x_wconf 81' lang='lat' dir='ltr'><strong>quia</strong></span> <span class='ocrx_word' id='word_1_137' title='bbox 1031 994 1228 1035; x_wconf 89' lang='lat' dir='ltr'><strong>tribunus</strong></span> <span class='ocrx_word' id='word_1_138' title='bbox 1252 995 1392 1045; x_wconf 83' lang='lat' dir='ltr'><strong>plebis</strong></span> <span class='ocrx_word' id='word_1_139' title='bbox 1421 995 1640 1037; x_wconf 88' lang='lat' dir='ltr'><strong>sinistrum</strong></span> <span class='ocrx_word' id='word_1_140' title='bbox 1660 995 1742 1037; x_wconf 88' lang='lat' dir='ltr'><strong>ful-</strong></span> 
     </span>
     <span class='ocr_line' id='line_1_22' title="bbox 76 1039 1743 1107; baseline 0.003 -17.823"><span class='ocrx_word' id='word_1_141' title='bbox 76 1039 281 1090; x_wconf 46' lang='lat' dir='ltr'><strong>[“&#39;²&#39;‘²³‘inen</strong></span> <span class='ocrx_word' id='word_1_142' title='bbox 301 1049 555 1091; x_wconf 76' lang='lat' dir='ltr'><strong>nuntiabat?</strong></span> <span class='ocrx_word' id='word_1_143' title='bbox 605 1049 715 1091; x_wconf 76' lang='lat' dir='ltr'><strong>Cum</strong></span> <span class='ocrx_word' id='word_1_144' title='bbox 736 1050 814 1091; x_wconf 70' lang='lat' dir='ltr'><strong>tua</strong></span> <span class='ocrx_word' id='word_1_145' title='bbox 829 1049 937 1106; x_wconf 86' lang='lat' dir='ltr'><strong>quid</strong></span> <span class='ocrx_word' id='word_1_146' title='bbox 956 1049 1148 1101; x_wconf 88' lang='lat' dir='ltr'><strong>interest,</strong></span> <span class='ocrx_word' id='word_1_147' title='bbox 1167 1046 1287 1091; x_wconf 74' lang='lat' dir='ltr'><strong>nulla</strong></span> <span class='ocrx_word' id='word_1_148' title='bbox 1306 1051 1501 1107; x_wconf 87' lang='lat' dir='ltr'><strong>auspicia</strong></span> <span class='ocrx_word' id='word_1_149' title='bbox 1516 1052 1621 1103; x_wconf 84' lang='lat' dir='ltr'><strong>sint3</strong></span> <span class='ocrx_word' id='word_1_150' title='bbox 1644 1051 1743 1095; x_wconf 74' lang='lat' dir='ltr'><strong>cum</strong></span> 
     </span>
     <span class='ocr_line' id='line_1_23' title="bbox 181 1106 1743 1165; baseline 0.003 -19"><span class='ocrx_word' id='word_1_151' title='bbox 181 1111 368 1158; x_wconf 86' lang='lat' dir='ltr'><strong>tuorum,</strong></span> <span class='ocrx_word' id='word_1_152' title='bbox 398 1112 490 1148; x_wconf 87' lang='lat' dir='ltr'><strong>tum</strong></span> <span class='ocrx_word' id='word_1_153' title='bbox 520 1106 580 1148; x_wconf 87' lang='lat' dir='ltr'><strong>sis</strong></span> <span class='ocrx_word' id='word_1_154' title='bbox 615 1106 869 1163; x_wconf 68' lang='lat' dir='ltr'><strong>religiosus?</strong></span> <span class='ocrx_word' id='word_1_155' title='bbox 928 1107 1076 1156; x_wconf 71' lang='lat' dir='ltr'><strong>Quid?</strong></span> <span class='ocrx_word' id='word_1_156' title='bbox 1114 1107 1312 1149; x_wconf 89' lang='lat' dir='ltr'><strong>eumdem</strong></span> <span class='ocrx_word' id='word_1_157' title='bbox 1349 1106 1395 1149; x_wconf 88' lang='lat' dir='ltr'><strong>in</strong></span> <span class='ocrx_word' id='word_1_158' title='bbox 1435 1107 1743 1165; x_wconf 85' lang='lat' dir='ltr'><strong>septemviratu</strong></span> 
     </span>
    </p>
   </div>
   <div class='ocr_carea' id='block_1_11' title="bbox 170 1493 946 2828">
    <p class='ocr_par' dir='ltr' id='par_1_11' title="bbox 181 1493 945 1659">
     <span class='ocr_line' id='line_1_24' title="bbox 227 1493 945 1537; baseline -0.003 -9"><span class='ocrx_word' id='word_1_159' title='bbox 227 1498 281 1529; x_wconf 73' lang='lat'><strong>23.</strong></span> <span class='ocrx_word' id='word_1_160' title='bbox 305 1495 393 1527; x_wconf 83' lang='lat' dir='ltr'><strong>Creta</strong></span> <span class='ocrx_word' id='word_1_161' title='bbox 416 1496 493 1527; x_wconf 72' lang='lat' dir='ltr'><strong>nihil</strong></span> <span class='ocrx_word' id='word_1_162' title='bbox 515 1497 554 1527; x_wconf 79' lang='lat' dir='ltr'><strong>ad</strong></span> <span class='ocrx_word' id='word_1_163' title='bbox 576 1495 736 1537; x_wconf 69' lang='lat' dir='ltr'><strong>Brutum]</strong></span> <span class='ocrx_word' id='word_1_164' title='bbox 782 1493 887 1526; x_wconf 90' lang='lat' dir='ltr'><strong>Caesar</strong></span> <span class='ocrx_word' id='word_1_165' title='bbox 911 1493 945 1526; x_wconf 89' lang='lat' dir='ltr'><strong>in</strong></span> 
     </span>
     <span class='ocr_line' id='line_1_25' title="bbox 184 1539 945 1581; baseline 0 -13"><span class='ocrx_word' id='word_1_166' title='bbox 184 1549 299 1570; x_wconf 84' lang='lat' dir='ltr'><strong>annum</strong></span> <span class='ocrx_word' id='word_1_167' title='bbox 315 1545 498 1581; x_wconf 85' lang='lat' dir='ltr'><strong>sequentem</strong></span> <span class='ocrx_word' id='word_1_168' title='bbox 515 1540 623 1571; x_wconf 89' lang='lat' dir='ltr'><strong>Cassio</strong></span> <span class='ocrx_word' id='word_1_169' title='bbox 640 1539 774 1581; x_wconf 84' lang='lat' dir='ltr'><strong>Syriam,</strong></span> <span class='ocrx_word' id='word_1_170' title='bbox 799 1543 831 1569; x_wconf 87' lang='lat' dir='ltr'><strong>et</strong></span> <span class='ocrx_word' id='word_1_171' title='bbox 846 1539 945 1569; x_wconf 86' lang='lat' dir='ltr'><strong>Bruto</strong></span> 
     </span>
     <span class='ocr_line' id='line_1_26' title="bbox 183 1581 945 1624; baseline 0.001 -13"><span class='ocrx_word' id='word_1_172' title='bbox 183 1582 407 1614; x_wconf 83' lang='lat' dir='ltr'><strong>Macedoniam</strong></span> <span class='ocrx_word' id='word_1_173' title='bbox 424 1584 615 1620; x_wconf 83' lang='lat' dir='ltr'><strong>decreverat,</strong></span> <span class='ocrx_word' id='word_1_174' title='bbox 630 1588 665 1614; x_wconf 88' lang='lat' dir='ltr'><strong>ut</strong></span> <span class='ocrx_word' id='word_1_175' title='bbox 676 1581 945 1624; x_wconf 83' lang='lat' dir='ltr'><strong>refertAppianus</strong></span> 
     </span>
     <span class='ocr_line' id='line_1_27' title="bbox 181 1625 546 1659; baseline 0.003 -4"><span class='ocrx_word' id='word_1_176' title='bbox 181 1625 238 1657; x_wconf 88' lang='lat' dir='ltr'><strong>lib.</strong></span> <span class='ocrx_word' id='word_1_177' title='bbox 253 1628 285 1659; x_wconf 84' lang='lat'><strong>3.</strong></span> <span class='ocrx_word' id='word_1_178' title='bbox 301 1628 341 1657; x_wconf 90' lang='lat' dir='ltr'><strong>de</strong></span> <span class='ocrx_word' id='word_1_179' title='bbox 358 1627 435 1657; x_wconf 85' lang='lat' dir='ltr'><strong>Bell.</strong></span> <span class='ocrx_word' id='word_1_180' title='bbox 454 1626 546 1657; x_wconf 91' lang='lat' dir='ltr'><strong>Civil.</strong></span> 
     </span>
    </p>

    <p class='ocr_par' dir='ltr' id='par_1_12' title="bbox 226 1668 822 1711">
     <span class='ocr_line' id='line_1_28' title="bbox 226 1668 822 1711; baseline 0.002 -12"><span class='ocrx_word' id='word_1_181' title='bbox 226 1671 281 1702; x_wconf 70' lang='lat'><strong>26.</strong></span> <span class='ocrx_word' id='word_1_182' title='bbox 306 1670 367 1700; x_wconf 84' lang='lat' dir='ltr'><strong>Hic</strong></span> <span class='ocrx_word' id='word_1_183' title='bbox 379 1670 541 1711; x_wconf 60' lang='lat' dir='ltr'><strong>venditum]</strong></span> <span class='ocrx_word' id='word_1_184' title='bbox 587 1669 638 1701; x_wconf 91' lang='lat' dir='ltr'><strong>M.</strong></span> <span class='ocrx_word' id='word_1_185' title='bbox 652 1668 822 1700; x_wconf 87' lang='lat' dir='ltr'><strong>Antonius.</strong></span> 
     </span>
    </p>

    <p class='ocr_par' dir='ltr' id='par_1_13' title="bbox 181 1710 946 1872">
     <span class='ocr_line' id='line_1_29' title="bbox 227 1710 946 1753; baseline -0.001 -10"><span class='ocrx_word' id='word_1_186' title='bbox 227 1714 281 1744; x_wconf 70' lang='lat'><strong>27.</strong></span> <span class='ocrx_word' id='word_1_187' title='bbox 306 1713 351 1743; x_wconf 83' lang='lat' dir='ltr'><strong>De</strong></span> <span class='ocrx_word' id='word_1_188' title='bbox 366 1713 534 1753; x_wconf 58' lang='lat' dir='ltr'><strong>exsulibus]</strong></span> <span class='ocrx_word' id='word_1_189' title='bbox 568 1712 770 1743; x_wconf 77' lang='lat' dir='ltr'><strong>commentus</strong></span> <span class='ocrx_word' id='word_1_190' title='bbox 782 1716 828 1742; x_wconf 91' lang='lat' dir='ltr'><strong>est</strong></span> <span class='ocrx_word' id='word_1_191' title='bbox 840 1710 946 1742; x_wconf 89' lang='lat' dir='ltr'><strong>Anto-</strong></span> 
     </span>
     <span class='ocr_line' id='line_1_30' title="bbox 182 1754 942 1796; baseline -0.001 -10"><span class='ocrx_word' id='word_1_192' title='bbox 182 1755 252 1786; x_wconf 83' lang='lat' dir='ltr'><strong>nius</strong></span> <span class='ocrx_word' id='word_1_193' title='bbox 268 1756 369 1796; x_wconf 86' lang='lat' dir='ltr'><strong>legem</strong></span> <span class='ocrx_word' id='word_1_194' title='bbox 385 1757 479 1786; x_wconf 87' lang='lat' dir='ltr'><strong>latam</strong></span> <span class='ocrx_word' id='word_1_195' title='bbox 494 1756 588 1786; x_wconf 82' lang='lat' dir='ltr'><strong>fuisse</strong></span> <span class='ocrx_word' id='word_1_196' title='bbox 603 1754 622 1785; x_wconf 73' lang='lat' dir='ltr'><strong>a</strong></span> <span class='ocrx_word' id='word_1_197' title='bbox 639 1755 761 1786; x_wconf 80' lang='lat' dir='ltr'><strong>Caesare</strong></span> <span class='ocrx_word' id='word_1_198' title='bbox 775 1756 815 1785; x_wconf 94' lang='lat' dir='ltr'><strong>de</strong></span> <span class='ocrx_word' id='word_1_199' title='bbox 831 1755 942 1786; x_wconf 88' lang='lat' dir='ltr'><strong>exsuli-</strong></span> 
     </span>
     <span class='ocr_line' id='line_1_31' title="bbox 183 1798 940 1840; baseline 0.001 -12"><span class='ocrx_word' id='word_1_200' title='bbox 183 1798 240 1830; x_wconf 87' lang='lat' dir='ltr'><strong>bus</strong></span> <span class='ocrx_word' id='word_1_201' title='bbox 253 1799 448 1836; x_wconf 80' lang='lat' dir='ltr'><strong>revocandis,</strong></span> <span class='ocrx_word' id='word_1_202' title='bbox 464 1809 557 1840; x_wconf 89' lang='lat' dir='ltr'><strong>quam</strong></span> <span class='ocrx_word' id='word_1_203' title='bbox 572 1799 613 1829; x_wconf 88' lang='lat' dir='ltr'><strong>ad</strong></span> <span class='ocrx_word' id='word_1_204' title='bbox 628 1798 787 1830; x_wconf 88' lang='lat' dir='ltr'><strong>columnas</strong></span> <span class='ocrx_word' id='word_1_205' title='bbox 799 1798 940 1839; x_wconf 87' lang='lat' dir='ltr'><strong>appendi</strong></span> 
     </span>
     <span class='ocr_line' id='line_1_32' title="bbox 181 1842 290 1872; baseline 0 0"><span class='ocrx_word' id='word_1_206' title='bbox 181 1842 290 1872; x_wconf 82' lang='lat' dir='ltr'><strong>voluit.</strong></span> 
     </span>
    </p>

    <p class='ocr_par' dir='ltr' id='par_1_14' title="bbox 178 1882 942 2304">
     <span class='ocr_line' id='line_1_33' title="bbox 227 1882 941 1925; baseline -0.003 -9"><span class='ocrx_word' id='word_1_207' title='bbox 227 1887 278 1916; x_wconf 63' lang='lat'><strong>528.</strong></span> <span class='ocrx_word' id='word_1_208' title='bbox 305 1884 430 1916; x_wconf 83' lang='lat' dir='ltr'><strong>Reditus</strong></span> <span class='ocrx_word' id='word_1_209' title='bbox 443 1883 635 1925; x_wconf 61' lang='lat' dir='ltr'><strong>inquinatos]</strong></span> <span class='ocrx_word' id='word_1_210' title='bbox 680 1882 720 1913; x_wconf 93' lang='lat' dir='ltr'><strong>Id</strong></span> <span class='ocrx_word' id='word_1_211' title='bbox 745 1887 803 1919; x_wconf 88' lang='lat' dir='ltr'><strong>est,</strong></span> <span class='ocrx_word' id='word_1_212' title='bbox 825 1882 941 1914; x_wconf 86' lang='lat' dir='ltr'><strong>reditus</strong></span> 
     </span>
     <span class='ocr_line' id='line_1_34' title="bbox 181 1925 941 1968; baseline -0.003 -10"><span class='ocrx_word' id='word_1_213' title='bbox 181 1927 352 1968; x_wconf 61' lang='lat' dir='ltr'><strong>ignominia</strong></span> <span class='ocrx_word' id='word_1_214' title='bbox 374 1932 508 1963; x_wconf 78' lang='lat' dir='ltr'><strong>notatos,</strong></span> <span class='ocrx_word' id='word_1_215' title='bbox 532 1927 615 1968; x_wconf 70' lang='lat' dir='ltr'><strong>quod</strong></span> <span class='ocrx_word' id='word_1_216' title='bbox 639 1926 733 1957; x_wconf 73' lang='lat' dir='ltr'><strong>serius</strong></span> <span class='ocrx_word' id='word_1_217' title='bbox 755 1925 851 1967; x_wconf 88' lang='lat' dir='ltr'><strong>aliqui</strong></span> <span class='ocrx_word' id='word_1_218' title='bbox 875 1925 941 1956; x_wconf 85' lang='lat' dir='ltr'><strong>aliis</strong></span> 
     </span>
     <span class='ocr_line' id='line_1_35' title="bbox 180 1969 942 2010; baseline -0.003 -10"><span class='ocrx_word' id='word_1_219' title='bbox 180 1971 425 2002; x_wconf 79' lang='lat' dir='ltr'><strong>restituerentur.</strong></span> <span class='ocrx_word' id='word_1_220' title='bbox 489 1970 614 2010; x_wconf 84' lang='lat' dir='ltr'><strong>Legunt</strong></span> <span class='ocrx_word' id='word_1_221' title='bbox 657 1970 784 2010; x_wconf 90' lang='lat' dir='ltr'><strong>quidam</strong></span> <span class='ocrx_word' id='word_1_222' title='bbox 829 1969 942 1999; x_wconf 77' lang='lat' dir='ltr'><strong>reditus</strong></span> 
     </span>
     <span class='ocr_line' id='line_1_36' title="bbox 179 2011 941 2055; baseline -0.004 -11"><span class='ocrx_word' id='word_1_223' title='bbox 179 2020 313 2054; x_wconf 69' lang='lat' dir='ltr'><strong>ffquatos,</strong></span> <span class='ocrx_word' id='word_1_224' title='bbox 336 2014 409 2055; x_wconf 82' lang='lat' dir='ltr'><strong>quia</strong></span> <span class='ocrx_word' id='word_1_225' title='bbox 438 2014 590 2054; x_wconf 86' lang='lat' dir='ltr'><strong>quosdam</strong></span> <span class='ocrx_word' id='word_1_226' title='bbox 619 2012 753 2043; x_wconf 80' lang='lat' dir='ltr'><strong>restituit</strong></span> <span class='ocrx_word' id='word_1_227' title='bbox 773 2011 941 2048; x_wconf 87' lang='lat' dir='ltr'><strong>Antonius,</strong></span> 
     </span>
     <span class='ocr_line' id='line_1_37' title="bbox 180 2055 941 2097; baseline -0.004 -10"><span class='ocrx_word' id='word_1_228' title='bbox 180 2067 312 2097; x_wconf 90' lang='lat' dir='ltr'><strong>quorum</strong></span> <span class='ocrx_word' id='word_1_229' title='bbox 335 2066 435 2088; x_wconf 82' lang='lat' dir='ltr'><strong>causae</strong></span> <span class='ocrx_word' id='word_1_230' title='bbox 459 2056 623 2086; x_wconf 86' lang='lat' dir='ltr'><strong>dissimiles</strong></span> <span class='ocrx_word' id='word_1_231' title='bbox 647 2059 754 2092; x_wconf 82' lang='lat' dir='ltr'><strong>erant;</strong></span> <span class='ocrx_word' id='word_1_232' title='bbox 781 2065 854 2084; x_wconf 84' lang='lat' dir='ltr'><strong>nam</strong></span> <span class='ocrx_word' id='word_1_233' title='bbox 878 2055 941 2084; x_wconf 88' lang='lat' dir='ltr'><strong>dis-</strong></span> 
     </span>
     <span class='ocr_line' id='line_1_38' title="bbox 179 2097 940 2138; baseline -0.004 -8"><span class='ocrx_word' id='word_1_234' title='bbox 179 2100 325 2130; x_wconf 86' lang='lat' dir='ltr'><strong>similium</strong></span> <span class='ocrx_word' id='word_1_235' title='bbox 356 2099 510 2130; x_wconf 76' lang='lat' dir='ltr'><strong>dissimilis</strong></span> <span class='ocrx_word' id='word_1_236' title='bbox 535 2098 612 2129; x_wconf 77' lang='lat' dir='ltr'><strong>ratio</strong></span> <span class='ocrx_word' id='word_1_237' title='bbox 640 2108 708 2129; x_wconf 84' lang='lat' dir='ltr'><strong>esse</strong></span> <span class='ocrx_word' id='word_1_238' title='bbox 737 2097 856 2136; x_wconf 80' lang='lat' dir='ltr'><strong>debet3</strong></span> <span class='ocrx_word' id='word_1_239' title='bbox 885 2097 940 2138; x_wconf 90' lang='lat' dir='ltr'><strong>qui</strong></span> 
     </span>
     <span class='ocr_line' id='line_1_39' title="bbox 178 2141 938 2184; baseline -0.001 -12"><span class='ocrx_word' id='word_1_240' title='bbox 178 2142 302 2183; x_wconf 77' lang='lat' dir='ltr'><strong>gravius</strong></span> <span class='ocrx_word' id='word_1_241' title='bbox 325 2142 505 2184; x_wconf 68' lang='lat' dir='ltr'><strong>peccarunt,</strong></span> <span class='ocrx_word' id='word_1_242' title='bbox 535 2141 655 2183; x_wconf 73' lang='lat' dir='ltr'><strong>gravius</strong></span> <span class='ocrx_word' id='word_1_243' title='bbox 679 2141 781 2182; x_wconf 88' lang='lat' dir='ltr'><strong>puniri</strong></span> <span class='ocrx_word' id='word_1_244' title='bbox 803 2151 860 2182; x_wconf 83' lang='lat' dir='ltr'><strong>par</strong></span> <span class='ocrx_word' id='word_1_245' title='bbox 881 2146 938 2171; x_wconf 85' lang='lat' dir='ltr'><strong>est.</strong></span> 
     </span>
     <span class='ocr_line' id='line_1_40' title="bbox 178 2184 939 2226; baseline -0.004 -10"><span class='ocrx_word' id='word_1_246' title='bbox 178 2186 243 2217; x_wconf 86' lang='lat' dir='ltr'><strong>Eos</strong></span> <span class='ocrx_word' id='word_1_247' title='bbox 274 2192 376 2216; x_wconf 88' lang='lat' dir='ltr'><strong>autem</strong></span> <span class='ocrx_word' id='word_1_248' title='bbox 403 2187 539 2226; x_wconf 84' lang='lat' dir='ltr'><strong>aequavit</strong></span> <span class='ocrx_word' id='word_1_249' title='bbox 565 2184 731 2220; x_wconf 84' lang='lat' dir='ltr'><strong>Antonius,</strong></span> <span class='ocrx_word' id='word_1_250' title='bbox 768 2184 842 2224; x_wconf 85' lang='lat' dir='ltr'><strong>quia</strong></span> <span class='ocrx_word' id='word_1_251' title='bbox 876 2194 939 2214; x_wconf 86' lang='lat' dir='ltr'><strong>non</strong></span> 
     </span>
     <span class='ocr_line' id='line_1_41' title="bbox 179 2227 937 2267; baseline -0.003 -8"><span class='ocrx_word' id='word_1_252' title='bbox 179 2239 218 2259; x_wconf 78' lang='lat' dir='ltr'><strong>ex</strong></span> <span class='ocrx_word' id='word_1_253' title='bbox 242 2230 372 2261; x_wconf 63' lang='lat' dir='ltr'><strong>Caesaris</strong></span> <span class='ocrx_word' id='word_1_254' title='bbox 386 2234 503 2267; x_wconf 85' lang='lat' dir='ltr'><strong>mente,</strong></span> <span class='ocrx_word' id='word_1_255' title='bbox 525 2229 580 2260; x_wconf 88' lang='lat' dir='ltr'><strong>sed</strong></span> <span class='ocrx_word' id='word_1_256' title='bbox 596 2239 635 2260; x_wconf 78' lang='lat' dir='ltr'><strong>ex</strong></span> <span class='ocrx_word' id='word_1_257' title='bbox 649 2227 706 2258; x_wconf 68' lang='lat' dir='ltr'><strong>sua</strong></span> <span class='ocrx_word' id='word_1_258' title='bbox 725 2227 869 2264; x_wconf 83' lang='lat' dir='ltr'><strong>libidine,</strong></span> <span class='ocrx_word' id='word_1_259' title='bbox 892 2237 937 2257; x_wconf 89' lang='lat' dir='ltr'><strong>re-</strong></span> 
     </span>
     <span class='ocr_line' id='line_1_42' title="bbox 178 2273 290 2304; baseline 0.018 -2"><span class='ocrx_word' id='word_1_260' title='bbox 178 2273 290 2304; x_wconf 73' lang='lat' dir='ltr'><strong>stituit.</strong></span> 
     </span>
    </p>

    <p class='ocr_par' dir='ltr' id='par_1_15' title="bbox 173 2312 938 2656">
     <span class='ocr_line' id='line_1_43' title="bbox 222 2312 938 2355; baseline -0.006 -8"><span class='ocrx_word' id='word_1_261' title='bbox 222 2319 276 2347; x_wconf 73' lang='lat'><strong>32.</strong></span> <span class='ocrx_word' id='word_1_262' title='bbox 297 2316 336 2347; x_wconf 78' lang='lat' dir='ltr'><strong>In</strong></span> <span class='ocrx_word' id='word_1_263' title='bbox 350 2317 407 2347; x_wconf 86' lang='lat' dir='ltr'><strong>loco</strong></span> <span class='ocrx_word' id='word_1_264' title='bbox 417 2314 547 2355; x_wconf 65' lang='lat' dir='ltr'><strong>patrui]</strong></span> <span class='ocrx_word' id='word_1_265' title='bbox 586 2313 624 2345; x_wconf 91' lang='lat' dir='ltr'><strong>C.</strong></span> <span class='ocrx_word' id='word_1_266' title='bbox 636 2313 801 2350; x_wconf 84' lang='lat' dir='ltr'><strong>Antonius,</strong></span> <span class='ocrx_word' id='word_1_267' title='bbox 817 2313 889 2344; x_wconf 88' lang='lat' dir='ltr'><strong>olim</strong></span> <span class='ocrx_word' id='word_1_268' title='bbox 905 2312 938 2344; x_wconf 87' lang='lat' dir='ltr'><strong>in</strong></span> 
     </span>
     <span class='ocr_line' id='line_1_44' title="bbox 177 2356 935 2400; baseline -0.004 -11"><span class='ocrx_word' id='word_1_269' title='bbox 177 2360 341 2390; x_wconf 83' lang='lat' dir='ltr'><strong>consulatu</strong></span> <span class='ocrx_word' id='word_1_270' title='bbox 370 2359 491 2400; x_wconf 85' lang='lat' dir='ltr'><strong>collega</strong></span> <span class='ocrx_word' id='word_1_271' title='bbox 521 2357 693 2393; x_wconf 84' lang='lat' dir='ltr'><strong>Ciceronis,</strong></span> <span class='ocrx_word' id='word_1_272' title='bbox 726 2363 853 2398; x_wconf 89' lang='lat' dir='ltr'><strong>patruus</strong></span> <span class='ocrx_word' id='word_1_273' title='bbox 885 2356 935 2386; x_wconf 89' lang='lat' dir='ltr'><strong>M.</strong></span> 
     </span>
     <span class='ocr_line' id='line_1_45' title="bbox 176 2400 936 2441; baseline -0.003 -10"><span class='ocrx_word' id='word_1_274' title='bbox 176 2400 322 2440; x_wconf 78' lang='lat' dir='ltr'><strong>Antonii,</strong></span> <span class='ocrx_word' id='word_1_275' title='bbox 349 2408 508 2433; x_wconf 85' lang='lat' dir='ltr'><strong>accusatus</strong></span> <span class='ocrx_word' id='word_1_276' title='bbox 532 2401 550 2431; x_wconf 66' lang='grc' dir='ltr'><strong>’ἂ</strong></span> <span class='ocrx_word' id='word_1_277' title='bbox 567 2400 667 2431; x_wconf 89' lang='lat' dir='ltr'><strong>Coelio</strong></span> <span class='ocrx_word' id='word_1_278' title='bbox 684 2401 724 2430; x_wconf 86' lang='lat' dir='ltr'><strong>de</strong></span> <span class='ocrx_word' id='word_1_279' title='bbox 741 2400 936 2441; x_wconf 83' lang='lat' dir='ltr'><strong>repetundis,</strong></span> 
     </span>
     <span class='ocr_line' id='line_1_46' title="bbox 177 2443 936 2484; baseline -0.003 -10"><span class='ocrx_word' id='word_1_280' title='bbox 177 2445 218 2474; x_wconf 91' lang='lat' dir='ltr'><strong>ob</strong></span> <span class='ocrx_word' id='word_1_281' title='bbox 230 2445 452 2475; x_wconf 85' lang='lat' dir='ltr'><strong>Macedoniam</strong></span> <span class='ocrx_word' id='word_1_282' title='bbox 468 2445 507 2475; x_wconf 85' lang='lat' dir='ltr'><strong>ab</strong></span> <span class='ocrx_word' id='word_1_283' title='bbox 522 2455 559 2474; x_wconf 93' lang='lat' dir='ltr'><strong>eo</strong></span> <span class='ocrx_word' id='word_1_284' title='bbox 583 2443 763 2484; x_wconf 80' lang='lat' dir='ltr'><strong>expilatam.</strong></span> <span class='ocrx_word' id='word_1_285' title='bbox 789 2443 936 2473; x_wconf 75' lang='lat' dir='ltr'><strong>defensus</strong></span> 
     </span>
     <span class='ocr_line' id='line_1_47' title="bbox 175 2485 936 2523; baseline -0.004 -5"><span class='ocrx_word' id='word_1_286' title='bbox 175 2487 196 2517; x_wconf 64' lang='lat' dir='ltr'><strong>a}</strong></span> <span class='ocrx_word' id='word_1_287' title='bbox 212 2487 373 2523; x_wconf 85' lang='lat' dir='ltr'><strong>Cicerone,</strong></span> <span class='ocrx_word' id='word_1_288' title='bbox 387 2488 493 2518; x_wconf 85' lang='lat' dir='ltr'><strong>exsilio</strong></span> <span class='ocrx_word' id='word_1_289' title='bbox 503 2488 667 2517; x_wconf 85' lang='lat' dir='ltr'><strong>damnatus</strong></span> <span class='ocrx_word' id='word_1_290' title='bbox 678 2486 788 2516; x_wconf 84' lang='lat' dir='ltr'><strong>suerat.</strong></span> <span class='ocrx_word' id='word_1_291' title='bbox 827 2485 888 2516; x_wconf 90' lang='lat' dir='ltr'><strong>Sed</strong></span> <span class='ocrx_word' id='word_1_292' title='bbox 899 2486 936 2516; x_wconf 89' lang='lat' dir='ltr'><strong>li-</strong></span> 
     </span>
     <span class='ocr_line' id='line_1_48' title="bbox 175 2529 935 2561; baseline -0.004 0"><span class='ocrx_word' id='word_1_293' title='bbox 175 2531 227 2561; x_wconf 77' lang='lat' dir='ltr'><strong>cet</strong></span> <span class='ocrx_word' id='word_1_294' title='bbox 240 2530 393 2561; x_wconf 81' lang='lat' dir='ltr'><strong>Antonius</strong></span> <span class='ocrx_word' id='word_1_295' title='bbox 409 2530 521 2560; x_wconf 86' lang='lat' dir='ltr'><strong>multos</strong></span> <span class='ocrx_word' id='word_1_296' title='bbox 538 2530 576 2560; x_wconf 89' lang='lat' dir='ltr'><strong>ab</strong></span> <span class='ocrx_word' id='word_1_297' title='bbox 592 2529 699 2560; x_wconf 84' lang='lat' dir='ltr'><strong>exsilio</strong></span> <span class='ocrx_word' id='word_1_298' title='bbox 722 2533 880 2559; x_wconf 84' lang='lat' dir='ltr'><strong>revocatos</strong></span> <span class='ocrx_word' id='word_1_299' title='bbox 903 2529 935 2558; x_wconf 86' lang='lat' dir='ltr'><strong>in</strong></span> 
     </span>
     <span class='ocr_line' id='line_1_49' title="bbox 173 2572 934 2614; baseline -0.003 -10"><span class='ocrx_word' id='word_1_300' title='bbox 173 2574 336 2614; x_wconf 83' lang='lat' dir='ltr'><strong>pristinam</strong></span> <span class='ocrx_word' id='word_1_301' title='bbox 351 2573 535 2614; x_wconf 81' lang='lat' dir='ltr'><strong>dignitatem</strong></span> <span class='ocrx_word' id='word_1_302' title='bbox 560 2573 744 2608; x_wconf 86' lang='lat' dir='ltr'><strong>restitueret,</strong></span> <span class='ocrx_word' id='word_1_303' title='bbox 768 2572 808 2601; x_wconf 90' lang='lat' dir='ltr'><strong>de</strong></span> <span class='ocrx_word' id='word_1_304' title='bbox 824 2576 934 2612; x_wconf 87' lang='lat' dir='ltr'><strong>patruo</strong></span> 
     </span>
     <span class='ocr_line' id='line_1_50' title="bbox 174 2614 822 2656; baseline -0.005 -9"><span class='ocrx_word' id='word_1_305' title='bbox 174 2627 231 2647; x_wconf 79' lang='lat' dir='ltr'><strong>suo</strong></span> <span class='ocrx_word' id='word_1_306' title='bbox 247 2617 364 2647; x_wconf 89' lang='lat' dir='ltr'><strong>nullam</strong></span> <span class='ocrx_word' id='word_1_307' title='bbox 379 2626 515 2656; x_wconf 85' lang='lat' dir='ltr'><strong>unquam</strong></span> <span class='ocrx_word' id='word_1_308' title='bbox 532 2615 721 2645; x_wconf 85' lang='lat' dir='ltr'><strong>mentionem</strong></span> <span class='ocrx_word' id='word_1_309' title='bbox 737 2614 822 2645; x_wconf 82' lang='lat' dir='ltr'><strong>fecit.</strong></span> 
     </span>
    </p>

    <p class='ocr_par' dir='ltr' id='par_1_16' title="bbox 170 2657 933 2828">
     <span class='ocr_line' id='line_1_51' title="bbox 216 2657 933 2698; baseline -0.004 -7"><span class='ocrx_word' id='word_1_310' title='bbox 216 2662 272 2691; x_wconf 83' lang='lat'><strong>34.</strong></span> <span class='ocrx_word' id='word_1_311' title='bbox 313 2660 362 2689; x_wconf 76' lang='lat' dir='ltr'><strong>Ad</strong></span> <span class='ocrx_word' id='word_1_312' title='bbox 395 2669 544 2690; x_wconf 75' lang='lat' dir='ltr'><strong>censuram</strong></span> <span class='ocrx_word' id='word_1_313' title='bbox 575 2659 725 2697; x_wconf 77' lang='lat' dir='ltr'><strong>petendam</strong></span> <span class='ocrx_word' id='word_1_314' title='bbox 763 2657 933 2698; x_wconf 67' lang='lat' dir='ltr'><strong>impulisti]</strong></span> 
     </span>
     <span class='ocr_line' id='line_1_52' title="bbox 174 2701 929 2743; baseline -0.003 -10"><span class='ocrx_word' id='word_1_315' title='bbox 174 2701 255 2733; x_wconf 70' lang='lat' dir='ltr'><strong>Cum</strong></span> <span class='ocrx_word' id='word_1_316' title='bbox 265 2702 421 2733; x_wconf 86' lang='lat' dir='ltr'><strong>Antonius</strong></span> <span class='ocrx_word' id='word_1_317' title='bbox 433 2701 543 2743; x_wconf 72' lang='lat' dir='ltr'><strong>postea.</strong></span> <span class='ocrx_word' id='word_1_318' title='bbox 553 2701 661 2731; x_wconf 82' lang='lat' dir='ltr'><strong>fuisset</strong></span> <span class='ocrx_word' id='word_1_319' title='bbox 676 2701 845 2736; x_wconf 80' lang='lat' dir='ltr'><strong>restitutus,</strong></span> <span class='ocrx_word' id='word_1_320' title='bbox 859 2712 929 2731; x_wconf 86' lang='lat' dir='ltr'><strong>eum</strong></span> 
     </span>
     <span class='ocr_line' id='line_1_53' title="bbox 171 2744 931 2786; baseline -0.001 -12"><span class='ocrx_word' id='word_1_321' title='bbox 171 2746 210 2775; x_wconf 86' lang='lat' dir='ltr'><strong>ad</strong></span> <span class='ocrx_word' id='word_1_322' title='bbox 222 2756 380 2776; x_wconf 87' lang='lat' dir='ltr'><strong>censuram</strong></span> <span class='ocrx_word' id='word_1_323' title='bbox 388 2746 555 2786; x_wconf 86' lang='lat' dir='ltr'><strong>petendam</strong></span> <span class='ocrx_word' id='word_1_324' title='bbox 564 2744 726 2782; x_wconf 77' lang='lat' dir='ltr'><strong>excitavit;</strong></span> <span class='ocrx_word' id='word_1_325' title='bbox 738 2744 931 2774; x_wconf 87' lang='lat' dir='ltr'><strong>subornavit-</strong></span> 
     </span>
     <span class='ocr_line' id='line_1_54' title="bbox 170 2786 932 2828; baseline -0.003 -10"><span class='ocrx_word' id='word_1_326' title='bbox 170 2798 233 2828; x_wconf 90' lang='lat' dir='ltr'><strong>que</strong></span> <span class='ocrx_word' id='word_1_327' title='bbox 245 2789 384 2819; x_wconf 87' lang='lat' dir='ltr'><strong>homines</strong></span> <span class='ocrx_word' id='word_1_328' title='bbox 400 2788 569 2819; x_wconf 83' lang='lat' dir='ltr'><strong>levissimos</strong></span> <span class='ocrx_word' id='word_1_329' title='bbox 580 2793 612 2818; x_wconf 84' lang='lat' dir='ltr'><strong>et</strong></span> <span class='ocrx_word' id='word_1_330' title='bbox 626 2786 862 2828; x_wconf 80' lang='lat' dir='ltr'><strong>abjectissimos,</strong></span> <span class='ocrx_word' id='word_1_331' title='bbox 877 2786 932 2828; x_wconf 91' lang='lat' dir='ltr'><strong>qui</strong></span> 
     </span>
    </p>
   </div>
   <div class='ocr_carea' id='block_1_12' title="bbox 22 1161 1743 1281">
    <p class='ocr_par' dir='ltr' id='par_1_17' title="bbox 22 1161 1743 1281">
     <span class='ocr_line' id='line_1_55' title="bbox 22 1161 1743 1218; baseline 0.007 -21"><span class='ocrx_word' id='word_1_332' title='bbox 22 1161 43 1175; x_wconf 76' lang='lat'><strong>&#39;&#39;</strong></span> <span class='ocrx_word' id='word_1_333' title='bbox 74 1162 77 1180; x_wconf 77' lang='lat'><strong>&#39;³</strong></span> <span class='ocrx_word' id='word_1_334' title='bbox 127 1161 154 1199; x_wconf 59' lang='grc' dir='ltr'><strong>(Ι</strong></span> <span class='ocrx_word' id='word_1_335' title='bbox 181 1177 344 1205; x_wconf 89' lang='lat' dir='ltr'><strong>non-ne</strong></span> <span class='ocrx_word' id='word_1_336' title='bbox 365 1163 628 1206; x_wconf 70' lang='lat' dir='ltr'><strong>destituisti?</strong></span> <span class='ocrx_word' id='word_1_337' title='bbox 662 1164 894 1207; x_wconf 89' lang='lat' dir='ltr'><strong>intervenit</strong></span> <span class='ocrx_word' id='word_1_338' title='bbox 927 1164 1055 1207; x_wconf 88' lang='lat' dir='ltr'><strong>enim.</strong></span> <span class='ocrx_word' id='word_1_339' title='bbox 1114 1163 1234 1212; x_wconf 85' lang='lat' dir='ltr'><strong>Quid</strong></span> <span class='ocrx_word' id='word_1_340' title='bbox 1262 1164 1482 1206; x_wconf 75' lang='lat' dir='ltr'><strong>metuisti?</strong></span> <span class='ocrx_word' id='word_1_341' title='bbox 1514 1165 1658 1218; x_wconf 88' lang='lat' dir='ltr'><strong>credo,</strong></span> <span class='ocrx_word' id='word_1_342' title='bbox 1687 1180 1743 1208; x_wconf 86' lang='lat' dir='ltr'><strong>ne</strong></span> 
     </span>
     <span class='ocr_line' id='line_1_56' title="bbox 107 1218 941 1281; baseline 0.006 -21"><span class='ocrx_word' id='word_1_343' title='bbox 107 1218 165 1261; x_wconf 78' lang='lat'><strong>40</strong></span> <span class='ocrx_word' id='word_1_344' title='bbox 184 1220 303 1264; x_wconf 84' lang='lat' dir='ltr'><strong>salvo</strong></span> <span class='ocrx_word' id='word_1_345' title='bbox 324 1219 467 1281; x_wconf 86' lang='lat' dir='ltr'><strong>capite</strong></span> <span class='ocrx_word' id='word_1_346' title='bbox 487 1235 646 1278; x_wconf 79' lang='lat' dir='ltr'><strong>negare</strong></span> <span class='ocrx_word' id='word_1_347' title='bbox 665 1236 754 1264; x_wconf 90' lang='lat' dir='ltr'><strong>non</strong></span> <span class='ocrx_word' id='word_1_348' title='bbox 774 1236 941 1280; x_wconf 80' lang='lat' dir='ltr'><strong>posseS.</strong></span> 
     </span>
    </p>
   </div>
   <div class='ocr_carea' id='block_1_13' title="bbox 1005 1221 1743 1267">
    <p class='ocr_par' dir='ltr' id='par_1_18' title="bbox 1005 1221 1743 1267">
     <span class='ocr_line' id='line_1_57' title="bbox 1005 1221 1743 1267; baseline 0.004 -3"><span class='ocrx_word' id='word_1_349' title='bbox 1005 1221 1220 1265; x_wconf 87' lang='lat' dir='ltr'><strong>Omnibus</strong></span> <span class='ocrx_word' id='word_1_350' title='bbox 1235 1235 1335 1265; x_wconf 84' lang='lat' dir='ltr'><strong>eum</strong></span> <span class='ocrx_word' id='word_1_351' title='bbox 1353 1221 1628 1266; x_wconf 81' lang='lat' dir='ltr'><strong>contumeliis</strong></span> <span class='ocrx_word' id='word_1_352' title='bbox 1643 1237 1743 1267; x_wconf 86' lang='lat' dir='ltr'><strong>one-</strong></span> 
     </span>
    </p>
   </div>
   <div class='ocr_carea' id='block_1_14' title="bbox 974 1493 1775 2830">
    <p class='ocr_par' dir='ltr' id='par_1_19' title="bbox 988 1493 1750 1656">
     <span class='ocr_line' id='line_1_58' title="bbox 988 1493 1750 1537; baseline 0.003 -12"><span class='ocrx_word' id='word_1_353' title='bbox 988 1494 1149 1526; x_wconf 84' lang='lat' dir='ltr'><strong>hominum</strong></span> <span class='ocrx_word' id='word_1_354' title='bbox 1176 1493 1282 1531; x_wconf 87' lang='lat' dir='ltr'><strong>movit,</strong></span> <span class='ocrx_word' id='word_1_355' title='bbox 1305 1498 1338 1526; x_wconf 90' lang='lat' dir='ltr'><strong>et</strong></span> <span class='ocrx_word' id='word_1_356' title='bbox 1358 1494 1513 1536; x_wconf 86' lang='lat' dir='ltr'><strong>querelas,</strong></span> <span class='ocrx_word' id='word_1_357' title='bbox 1534 1494 1622 1537; x_wconf 65' lang='lat' dir='ltr'><strong>quad·</strong></span> <span class='ocrx_word' id='word_1_358' title='bbox 1648 1495 1750 1528; x_wconf 87' lang='lat' dir='ltr'><strong>homi-</strong></span> 
     </span>
     <span class='ocr_line' id='line_1_59' title="bbox 988 1538 1750 1579; baseline 0.001 -10"><span class='ocrx_word' id='word_1_359' title='bbox 988 1549 1043 1569; x_wconf 84' lang='lat' dir='ltr'><strong>nes</strong></span> <span class='ocrx_word' id='word_1_360' title='bbox 1060 1538 1213 1579; x_wconf 88' lang='lat' dir='ltr'><strong>ejusmodi</strong></span> <span class='ocrx_word' id='word_1_361' title='bbox 1227 1538 1338 1569; x_wconf 81' lang='lat' dir='ltr'><strong>fierent</strong></span> <span class='ocrx_word' id='word_1_362' title='bbox 1361 1549 1499 1570; x_wconf 83' lang='lat' dir='ltr'><strong>censurae</strong></span> <span class='ocrx_word' id='word_1_363' title='bbox 1523 1539 1694 1576; x_wconf 79' lang='lat' dir='ltr'><strong>candidati,</strong></span> <span class='ocrx_word' id='word_1_364' title='bbox 1717 1544 1750 1570; x_wconf 87' lang='lat' dir='ltr'><strong>et</strong></span> 
     </span>
     <span class='ocr_line' id='line_1_60' title="bbox 989 1580 1749 1623; baseline 0.003 -11"><span class='ocrx_word' id='word_1_365' title='bbox 989 1581 1073 1623; x_wconf 74' lang='lat' dir='ltr'><strong>quod</strong></span> <span class='ocrx_word' id='word_1_366' title='bbox 1097 1582 1142 1613; x_wconf 89' lang='lat' dir='ltr'><strong>vir</strong></span> <span class='ocrx_word' id='word_1_367' title='bbox 1156 1581 1366 1613; x_wconf 81' lang='lat' dir='ltr'><strong>nobilissimus</strong></span> <span class='ocrx_word' id='word_1_368' title='bbox 1382 1582 1426 1614; x_wconf 83' lang='lat' dir='ltr'><strong>sic</strong></span> <span class='ocrx_word' id='word_1_369' title='bbox 1440 1582 1481 1614; x_wconf 85' lang='lat' dir='ltr'><strong>ab</strong></span> <span class='ocrx_word' id='word_1_370' title='bbox 1495 1580 1636 1614; x_wconf 79' lang='lat' dir='ltr'><strong>Antonio</strong></span> <span class='ocrx_word' id='word_1_371' title='bbox 1657 1582 1749 1614; x_wconf 86' lang='lat' dir='ltr'><strong>lude-</strong></span> 
     </span>
     <span class='ocr_line' id='line_1_61' title="bbox 988 1630 1082 1656; baseline -0.011 0"><span class='ocrx_word' id='word_1_372' title='bbox 988 1630 1082 1656; x_wconf 83' lang='lat' dir='ltr'><strong>retur.</strong></span> 
     </span>
    </p>

    <p class='ocr_par' dir='ltr' id='par_1_20' title="bbox 984 1667 1750 1743">
     <span class='ocr_line' id='line_1_62' title="bbox 1028 1667 1750 1710; baseline -0.001 -10"><span class='ocrx_word' id='word_1_373' title='bbox 1028 1671 1081 1700; x_wconf 80' lang='lat'><strong>36.</strong></span> <span class='ocrx_word' id='word_1_374' title='bbox 1119 1667 1245 1699; x_wconf 77' lang='lat' dir='ltr'><strong>Comitia</strong></span> <span class='ocrx_word' id='word_1_375' title='bbox 1272 1679 1331 1699; x_wconf 77' lang='lat' dir='ltr'><strong>non</strong></span> <span class='ocrx_word' id='word_1_376' title='bbox 1356 1668 1508 1710; x_wconf 65' lang='lat' dir='ltr'><strong>habuisti]</strong></span> <span class='ocrx_word' id='word_1_377' title='bbox 1554 1667 1708 1700; x_wconf 83' lang='lat' dir='ltr'><strong>Censores</strong></span> <span class='ocrx_word' id='word_1_378' title='bbox 1729 1667 1750 1699; x_wconf 71' lang='lat' dir='ltr'><strong>a.</strong></span> 
     </span>
     <span class='ocr_line' id='line_1_63' title="bbox 984 1711 1711 1743; baseline 0.001 -1"><span class='ocrx_word' id='word_1_379' title='bbox 984 1712 1163 1743; x_wconf 87' lang='lat' dir='ltr'><strong>consulibus</strong></span> <span class='ocrx_word' id='word_1_380' title='bbox 1179 1711 1312 1742; x_wconf 84' lang='lat' dir='ltr'><strong>comitiis</strong></span> <span class='ocrx_word' id='word_1_381' title='bbox 1327 1711 1505 1742; x_wconf 83' lang='lat' dir='ltr'><strong>centuriatis</strong></span> <span class='ocrx_word' id='word_1_382' title='bbox 1518 1712 1711 1743; x_wconf 87' lang='lat' dir='ltr'><strong>creabantur.</strong></span> 
     </span>
    </p>

    <p class='ocr_par' dir='ltr' id='par_1_21' title="bbox 983 1755 1748 2043">
     <span class='ocr_line' id='line_1_64' title="bbox 1028 1755 1747 1796; baseline 0.001 -11"><span class='ocrx_word' id='word_1_383' title='bbox 1028 1755 1077 1785; x_wconf 94' lang='lat' dir='ltr'><strong>Ib.</strong></span> <span class='ocrx_word' id='word_1_384' title='bbox 1123 1755 1172 1784; x_wconf 80' lang='lat' dir='ltr'><strong>An</strong></span> <span class='ocrx_word' id='word_1_385' title='bbox 1194 1756 1264 1794; x_wconf 79' lang='lat' dir='ltr'><strong>quia</strong></span> <span class='ocrx_word' id='word_1_386' title='bbox 1294 1756 1429 1785; x_wconf 72' lang='lat' dir='ltr'><strong>tribunus</strong></span> <span class='ocrx_word' id='word_1_387' title='bbox 1453 1755 1543 1794; x_wconf 83' lang='lat' dir='ltr'><strong>plebis</strong></span> <span class='ocrx_word' id='word_1_388' title='bbox 1567 1755 1747 1796; x_wconf 74' lang='lat' dir='ltr'><strong>sinistrum]</strong></span> 
     </span>
     <span class='ocr_line' id='line_1_65' title="bbox 985 1796 1747 1839; baseline 0.001 -11"><span class='ocrx_word' id='word_1_389' title='bbox 985 1797 1110 1829; x_wconf 72' lang='lat' dir='ltr'><strong>Ironice</strong></span> <span class='ocrx_word' id='word_1_390' title='bbox 1134 1798 1225 1834; x_wconf 89' lang='lat' dir='ltr'><strong>ridet,</strong></span> <span class='ocrx_word' id='word_1_391' title='bbox 1248 1796 1333 1839; x_wconf 73' lang='lat' dir='ltr'><strong>quod</strong></span> <span class='ocrx_word' id='word_1_392' title='bbox 1356 1798 1450 1829; x_wconf 83' lang='lat' dir='ltr'><strong>fuerit</strong></span> <span class='ocrx_word' id='word_1_393' title='bbox 1472 1797 1645 1838; x_wconf 81' lang='lat' dir='ltr'><strong>prohibitus</strong></span> <span class='ocrx_word' id='word_1_394' title='bbox 1659 1798 1679 1828; x_wconf 65' lang='grc' dir='ltr'><strong>εἴ</strong></span> <span class='ocrx_word' id='word_1_395' title='bbox 1693 1808 1747 1829; x_wconf 91' lang='lat' dir='ltr'><strong>co-</strong></span> 
     </span>
     <span class='ocr_line' id='line_1_66' title="bbox 983 1839 1748 1882; baseline 0.003 -12"><span class='ocrx_word' id='word_1_396' title='bbox 983 1841 1076 1871; x_wconf 77' lang='lat' dir='ltr'><strong>mitiis</strong></span> <span class='ocrx_word' id='word_1_397' title='bbox 1103 1841 1256 1871; x_wconf 81' lang='lat' dir='ltr'><strong>habendis</strong></span> <span class='ocrx_word' id='word_1_398' title='bbox 1280 1840 1515 1872; x_wconf 82' lang='lat' dir='ltr'><strong>obnuntiatione</strong></span> <span class='ocrx_word' id='word_1_399' title='bbox 1537 1839 1668 1882; x_wconf 85' lang='lat' dir='ltr'><strong>alicujus</strong></span> <span class='ocrx_word' id='word_1_400' title='bbox 1694 1841 1748 1873; x_wconf 82' lang='lat' dir='ltr'><strong>tri-</strong></span> 
     </span>
     <span class='ocr_line' id='line_1_67' title="bbox 983 1882 1747 1924; baseline 0.003 -11"><span class='ocrx_word' id='word_1_401' title='bbox 983 1883 1070 1920; x_wconf 87' lang='lat' dir='ltr'><strong>buni,</strong></span> <span class='ocrx_word' id='word_1_402' title='bbox 1099 1883 1154 1924; x_wconf 89' lang='lat' dir='ltr'><strong>qui</strong></span> <span class='ocrx_word' id='word_1_403' title='bbox 1182 1883 1300 1913; x_wconf 78' lang='lat' dir='ltr'><strong>fulmen</strong></span> <span class='ocrx_word' id='word_1_404' title='bbox 1329 1883 1455 1924; x_wconf 86' lang='lat' dir='ltr'><strong>aliquod</strong></span> <span class='ocrx_word' id='word_1_405' title='bbox 1482 1882 1635 1914; x_wconf 82' lang='lat' dir='ltr'><strong>sinistrum</strong></span> <span class='ocrx_word' id='word_1_406' title='bbox 1658 1884 1747 1915; x_wconf 84' lang='lat' dir='ltr'><strong>vide-</strong></span> 
     </span>
     <span class='ocr_line' id='line_1_68' title="bbox 984 1926 1747 1967; baseline 0.001 -11"><span class='ocrx_word' id='word_1_407' title='bbox 984 1931 1042 1962; x_wconf 87' lang='lat' dir='ltr'><strong>rat,</strong></span> <span class='ocrx_word' id='word_1_408' title='bbox 1065 1927 1150 1967; x_wconf 88' lang='lat' dir='ltr'><strong>quod</strong></span> <span class='ocrx_word' id='word_1_409' title='bbox 1167 1926 1311 1956; x_wconf 86' lang='lat' dir='ltr'><strong>vitiosum</strong></span> <span class='ocrx_word' id='word_1_410' title='bbox 1327 1932 1393 1956; x_wconf 84' lang='lat' dir='ltr'><strong>erat</strong></span> <span class='ocrx_word' id='word_1_411' title='bbox 1414 1926 1566 1957; x_wconf 86' lang='lat' dir='ltr'><strong>comitiis:</strong></span> <span class='ocrx_word' id='word_1_412' title='bbox 1590 1936 1674 1962; x_wconf 87' lang='lat' dir='ltr'><strong>nam,</strong></span> <span class='ocrx_word' id='word_1_413' title='bbox 1697 1932 1747 1957; x_wconf 88' lang='lat' dir='ltr'><strong>to-</strong></span> 
     </span>
     <span class='ocr_line' id='line_1_69' title="bbox 984 1969 1746 2010; baseline 0.003 -11"><span class='ocrx_word' id='word_1_414' title='bbox 984 1974 1079 2000; x_wconf 86' lang='lat' dir='ltr'><strong>nante</strong></span> <span class='ocrx_word' id='word_1_415' title='bbox 1099 1969 1182 2000; x_wconf 88' lang='lat' dir='ltr'><strong>Jove</strong></span> <span class='ocrx_word' id='word_1_416' title='bbox 1207 1974 1240 1999; x_wconf 88' lang='lat' dir='ltr'><strong>et</strong></span> <span class='ocrx_word' id='word_1_417' title='bbox 1264 1969 1453 2010; x_wconf 85' lang='lat' dir='ltr'><strong>fulgurante,</strong></span> <span class='ocrx_word' id='word_1_418' title='bbox 1482 1969 1612 2002; x_wconf 85' lang='lat' dir='ltr'><strong>comitia.</strong></span> <span class='ocrx_word' id='word_1_419' title='bbox 1636 1969 1746 2001; x_wconf 87' lang='lat' dir='ltr'><strong>haberi</strong></span> 
     </span>
     <span class='ocr_line' id='line_1_70' title="bbox 985 2012 1087 2043; baseline 0.01 -1"><span class='ocrx_word' id='word_1_420' title='bbox 985 2012 1087 2043; x_wconf 69' lang='lat' dir='ltr'><strong>nesae.</strong></span> 
     </span>
    </p>

    <p class='ocr_par' dir='ltr' id='par_1_22' title="bbox 982 2053 1744 2268">
     <span class='ocr_line' id='line_1_71' title="bbox 1026 2053 1744 2095; baseline 0.001 -10"><span class='ocrx_word' id='word_1_421' title='bbox 1026 2057 1082 2085; x_wconf 77' lang='lat'><strong>38.</strong></span> <span class='ocrx_word' id='word_1_422' title='bbox 1105 2053 1296 2095; x_wconf 60' lang='lat' dir='ltr'><strong>Religionis]</strong></span> <span class='ocrx_word' id='word_1_423' title='bbox 1340 2053 1458 2086; x_wconf 90' lang='lat' dir='ltr'><strong>Ironia.</strong></span> <span class='ocrx_word' id='word_1_424' title='bbox 1500 2053 1612 2095; x_wconf 85' lang='lat' dir='ltr'><strong>Augur</strong></span> <span class='ocrx_word' id='word_1_425' title='bbox 1639 2059 1744 2086; x_wconf 84' lang='lat' dir='ltr'><strong>autem</strong></span> 
     </span>
     <span class='ocr_line' id='line_1_72' title="bbox 983 2097 1743 2139; baseline 0.004 -12"><span class='ocrx_word' id='word_1_426' title='bbox 983 2103 1050 2128; x_wconf 87' lang='lat' dir='ltr'><strong>erat</strong></span> <span class='ocrx_word' id='word_1_427' title='bbox 1077 2097 1246 2133; x_wconf 86' lang='lat' dir='ltr'><strong>Antonius,</strong></span> <span class='ocrx_word' id='word_1_428' title='bbox 1282 2097 1418 2139; x_wconf 85' lang='lat' dir='ltr'><strong>ide6que</strong></span> <span class='ocrx_word' id='word_1_429' title='bbox 1444 2097 1629 2138; x_wconf 84' lang='lat' dir='ltr'><strong>religiosus3</strong></span> <span class='ocrx_word' id='word_1_430' title='bbox 1658 2098 1743 2130; x_wconf 73' lang='lat' dir='ltr'><strong>unde</strong></span> 
     </span>
     <span class='ocr_line' id='line_1_73' title="bbox 982 2140 1744 2181; baseline 0.001 -10"><span class='ocrx_word' id='word_1_431' title='bbox 982 2151 1053 2171; x_wconf 91' lang='lat' dir='ltr'><strong>suos</strong></span> <span class='ocrx_word' id='word_1_432' title='bbox 1069 2140 1211 2181; x_wconf 89' lang='lat' dir='ltr'><strong>auspiciis</strong></span> <span class='ocrx_word' id='word_1_433' title='bbox 1233 2140 1359 2171; x_wconf 86' lang='lat' dir='ltr'><strong>subesse</strong></span> <span class='ocrx_word' id='word_1_434' title='bbox 1381 2151 1444 2171; x_wconf 87' lang='lat' dir='ltr'><strong>non</strong></span> <span class='ocrx_word' id='word_1_435' title='bbox 1471 2141 1684 2180; x_wconf 77' lang='lat' dir='ltr'><strong>existimabat3</strong></span> <span class='ocrx_word' id='word_1_436' title='bbox 1710 2146 1744 2172; x_wconf 85' lang='lat' dir='ltr'><strong>et</strong></span> 
     </span>
     <span class='ocr_line' id='line_1_74' title="bbox 983 2183 1742 2226; baseline 0.004 -13"><span class='ocrx_word' id='word_1_437' title='bbox 983 2194 1016 2213; x_wconf 90' lang='lat' dir='ltr'><strong>se</strong></span> <span class='ocrx_word' id='word_1_438' title='bbox 1031 2194 1068 2215; x_wconf 91' lang='lat' dir='ltr'><strong>ac</strong></span> <span class='ocrx_word' id='word_1_439' title='bbox 1084 2194 1155 2214; x_wconf 91' lang='lat' dir='ltr'><strong>suos</strong></span> <span class='ocrx_word' id='word_1_440' title='bbox 1170 2188 1257 2214; x_wconf 81' lang='lat' dir='ltr'><strong>extra</strong></span> <span class='ocrx_word' id='word_1_441' title='bbox 1271 2183 1374 2215; x_wconf 85' lang='lat' dir='ltr'><strong>omnia</strong></span> <span class='ocrx_word' id='word_1_442' title='bbox 1388 2183 1526 2225; x_wconf 84' lang='lat' dir='ltr'><strong>auspicia</strong></span> <span class='ocrx_word' id='word_1_443' title='bbox 1541 2184 1659 2226; x_wconf 83' lang='lat' dir='ltr'><strong>positos</strong></span> <span class='ocrx_word' id='word_1_444' title='bbox 1674 2195 1742 2216; x_wconf 82' lang='lat' dir='ltr'><strong>esse</strong></span> 
     </span>
     <span class='ocr_line' id='line_1_75' title="bbox 982 2227 1279 2268; baseline -0.003 -11"><span class='ocrx_word' id='word_1_445' title='bbox 982 2227 1042 2258; x_wconf 89' lang='lat' dir='ltr'><strong>sibi</strong></span> <span class='ocrx_word' id='word_1_446' title='bbox 1058 2227 1279 2268; x_wconf 87' lang='lat' dir='ltr'><strong>persuadebat.</strong></span> 
     </span>
    </p>

    <p class='ocr_par' dir='ltr' id='par_1_23' title="bbox 978 2269 1743 2484">
     <span class='ocr_line' id='line_1_76' title="bbox 1025 2269 1743 2312; baseline 0.003 -12"><span class='ocrx_word' id='word_1_447' title='bbox 1025 2270 1075 2302; x_wconf 93' lang='lat' dir='ltr'><strong>Ib.</strong></span> <span class='ocrx_word' id='word_1_448' title='bbox 1099 2269 1240 2300; x_wconf 73' lang='lat' dir='ltr'><strong>Eumclem</strong></span> <span class='ocrx_word' id='word_1_449' title='bbox 1261 2271 1295 2300; x_wconf 84' lang='lat' dir='ltr'><strong>in</strong></span> <span class='ocrx_word' id='word_1_450' title='bbox 1319 2270 1550 2312; x_wconf 60' lang='lat' dir='ltr'><strong>septemviram]</strong></span> <span class='ocrx_word' id='word_1_451' title='bbox 1606 2269 1687 2301; x_wconf 72' lang='lat' dir='ltr'><strong>cum</strong></span> <span class='ocrx_word' id='word_1_452' title='bbox 1703 2270 1743 2302; x_wconf 89' lang='lat' dir='ltr'><strong>C.</strong></span> 
     </span>
     <span class='ocr_line' id='line_1_77' title="bbox 980 2312 1741 2354; baseline -0.003 -11"><span class='ocrx_word' id='word_1_453' title='bbox 980 2312 1137 2344; x_wconf 86' lang='lat' dir='ltr'><strong>Antonius</strong></span> <span class='ocrx_word' id='word_1_454' title='bbox 1151 2312 1405 2354; x_wconf 85' lang='lat' dir='ltr'><strong>septemviratum</strong></span> <span class='ocrx_word' id='word_1_455' title='bbox 1421 2318 1555 2353; x_wconf 87' lang='lat' dir='ltr'><strong>peteret,</strong></span> <span class='ocrx_word' id='word_1_456' title='bbox 1577 2313 1617 2345; x_wconf 90' lang='lat' dir='ltr'><strong>ab</strong></span> <span class='ocrx_word' id='word_1_457' title='bbox 1638 2312 1741 2344; x_wconf 86' lang='lat' dir='ltr'><strong>Anto.</strong></span> 
     </span>
     <span class='ocr_line' id='line_1_78' title="bbox 980 2355 1740 2397; baseline -0.003 -11"><span class='ocrx_word' id='word_1_458' title='bbox 980 2357 1033 2386; x_wconf 85' lang='lat' dir='ltr'><strong>nio</strong></span> <span class='ocrx_word' id='word_1_459' title='bbox 1049 2356 1174 2388; x_wconf 87' lang='lat' dir='ltr'><strong>relictus</strong></span> <span class='ocrx_word' id='word_1_460' title='bbox 1187 2361 1244 2387; x_wconf 89' lang='lat' dir='ltr'><strong>est.</strong></span> <span class='ocrx_word' id='word_1_461' title='bbox 1273 2356 1460 2396; x_wconf 86' lang='lat' dir='ltr'><strong>Septemviri</strong></span> <span class='ocrx_word' id='word_1_462' title='bbox 1474 2360 1580 2388; x_wconf 80' lang='lat' dir='ltr'><strong>autem</strong></span> <span class='ocrx_word' id='word_1_463' title='bbox 1593 2355 1639 2386; x_wconf 90' lang='lat' dir='ltr'><strong>illi</strong></span> <span class='ocrx_word' id='word_1_464' title='bbox 1652 2355 1740 2397; x_wconf 80' lang='lat' dir='ltr'><strong>Epu-</strong></span> 
     </span>
     <span class='ocr_line' id='line_1_79' title="bbox 979 2398 1738 2441; baseline 0.001 -12"><span class='ocrx_word' id='word_1_465' title='bbox 979 2399 1065 2431; x_wconf 88' lang='lat' dir='ltr'><strong>lones</strong></span> <span class='ocrx_word' id='word_1_466' title='bbox 1081 2400 1159 2430; x_wconf 80' lang='lat' dir='ltr'><strong>dicti</strong></span> <span class='ocrx_word' id='word_1_467' title='bbox 1170 2404 1253 2436; x_wconf 87' lang='lat' dir='ltr'><strong>sunt,</strong></span> <span class='ocrx_word' id='word_1_468' title='bbox 1269 2398 1353 2441; x_wconf 61' lang='lat' dir='ltr'><strong>qued</strong></span> <span class='ocrx_word' id='word_1_469' title='bbox 1369 2399 1478 2439; x_wconf 80' lang='lat' dir='ltr'><strong>epulas</strong></span> <span class='ocrx_word' id='word_1_470' title='bbox 1492 2398 1653 2441; x_wconf 85' lang='lat' dir='ltr'><strong>indicendi</strong></span> <span class='ocrx_word' id='word_1_471' title='bbox 1663 2399 1738 2430; x_wconf 87' lang='lat' dir='ltr'><strong>Jovi</strong></span> 
     </span>
     <span class='ocr_line' id='line_1_80' title="bbox 978 2443 1615 2484; baseline 0 -11"><span class='ocrx_word' id='word_1_472' title='bbox 978 2443 1161 2484; x_wconf 85' lang='lat' dir='ltr'><strong>caeterisque</strong></span> <span class='ocrx_word' id='word_1_473' title='bbox 1176 2443 1235 2473; x_wconf 86' lang='lat' dir='ltr'><strong>diis</strong></span> <span class='ocrx_word' id='word_1_474' title='bbox 1252 2447 1439 2482; x_wconf 82' lang='lat' dir='ltr'><strong>potestatem</strong></span> <span class='ocrx_word' id='word_1_475' title='bbox 1454 2443 1615 2473; x_wconf 80' lang='lat' dir='ltr'><strong>haberent.</strong></span> 
     </span>
    </p>

    <p class='ocr_par' dir='ltr' id='par_1_24' title="bbox 977 2484 1775 2603">
     <span class='ocr_line' id='line_1_81' title="bbox 1022 2484 1737 2525; baseline -0.001 -8"><span class='ocrx_word' id='word_1_476' title='bbox 1022 2488 1076 2517; x_wconf 85' lang='lat'><strong>39.</strong></span> <span class='ocrx_word' id='word_1_477' title='bbox 1098 2486 1261 2517; x_wconf 81' lang='lat' dir='ltr'><strong>Intervenit</strong></span> <span class='ocrx_word' id='word_1_478' title='bbox 1280 2485 1383 2525; x_wconf 65' lang='lat' dir='ltr'><strong>enirm]</strong></span> <span class='ocrx_word' id='word_1_479' title='bbox 1426 2485 1465 2515; x_wconf 85' lang='lat' dir='ltr'><strong>Id</strong></span> <span class='ocrx_word' id='word_1_480' title='bbox 1491 2489 1549 2522; x_wconf 84' lang='lat' dir='ltr'><strong>est,</strong></span> <span class='ocrx_word' id='word_1_481' title='bbox 1572 2484 1675 2515; x_wconf 83' lang='lat' dir='ltr'><strong>adfuit</strong></span> <span class='ocrx_word' id='word_1_482' title='bbox 1696 2484 1737 2516; x_wconf 88' lang='lat' dir='ltr'><strong>C.</strong></span> 
     </span>
     <span class='ocr_line' id='line_1_82' title="bbox 977 2527 1738 2570; baseline 0.003 -12"><span class='ocrx_word' id='word_1_483' title='bbox 977 2527 1152 2567; x_wconf 82' lang='lat' dir='ltr'><strong>Antonius3</strong></span> <span class='ocrx_word' id='word_1_484' title='bbox 1177 2528 1272 2570; x_wconf 78' lang='lat' dir='ltr'><strong>quare</strong></span> <span class='ocrx_word' id='word_1_485' title='bbox 1285 2527 1456 2560; x_wconf 81' lang='lat' dir='ltr'><strong>absentiam</strong></span> <span class='ocrx_word' id='word_1_486' title='bbox 1469 2527 1589 2560; x_wconf 78' lang='lat' dir='ltr'><strong>causari</strong></span> <span class='ocrx_word' id='word_1_487' title='bbox 1603 2538 1667 2558; x_wconf 89' lang='lat' dir='ltr'><strong>non</strong></span> <span class='ocrx_word' id='word_1_488' title='bbox 1679 2538 1738 2570; x_wconf 89' lang='lat' dir='ltr'><strong>po-</strong></span> 
     </span>
     <span class='ocr_line' id='line_1_83' title="bbox 977 2572 1775 2603; baseline 0.005 -2"><span class='ocrx_word' id='word_1_489' title='bbox 977 2572 1037 2602; x_wconf 79' lang='lat' dir='ltr'><strong>tuit</strong></span> <span class='ocrx_word' id='word_1_490' title='bbox 1058 2572 1225 2603; x_wconf 85' lang='lat' dir='ltr'><strong>Antonius.</strong></span> <span class='ocrx_word' id='word_1_491' title='bbox 1772 2596 1775 2599; x_wconf 61' lang='grc'><strong>«</strong></span> 
     </span>
    </p>

    <p class='ocr_par' dir='ltr' id='par_1_25' title="bbox 974 2613 1775 2830">
     <span class='ocr_line' id='line_1_84' title="bbox 1021 2613 1775 2656; baseline 0.004 -12"><span class='ocrx_word' id='word_1_492' title='bbox 1021 2614 1071 2645; x_wconf 93' lang='lat' dir='ltr'><strong>Ib.</strong></span> <span class='ocrx_word' id='word_1_493' title='bbox 1096 2615 1141 2645; x_wconf 83' lang='lat' dir='ltr'><strong>Ne</strong></span> <span class='ocrx_word' id='word_1_494' title='bbox 1154 2616 1231 2645; x_wconf 77' lang='lat' dir='ltr'><strong>salvo</strong></span> <span class='ocrx_word' id='word_1_495' title='bbox 1244 2615 1367 2656; x_wconf 70' lang='lat' dir='ltr'><strong>capita]</strong></span> <span class='ocrx_word' id='word_1_496' title='bbox 1404 2613 1455 2644; x_wconf 84' lang='lat' dir='ltr'><strong>Sic</strong></span> <span class='ocrx_word' id='word_1_497' title='bbox 1470 2613 1656 2654; x_wconf 86' lang='lat' dir='ltr'><strong>interpretor</strong></span> <span class='ocrx_word' id='word_1_498' title='bbox 1665 2625 1736 2647; x_wconf 82' lang='lat' dir='ltr'><strong>cum</strong></span> <span class='ocrx_word' id='word_1_499' title='bbox 1773 2617 1775 2619; x_wconf 82' lang='grc'><strong>’</strong></span> 
     </span>
     <span class='ocr_line' id='line_1_85' title="bbox 976 2656 1738 2700; baseline 0.003 -13"><span class='ocrx_word' id='word_1_500' title='bbox 976 2656 1144 2688; x_wconf 84' lang='lat' dir='ltr'><strong>Manutio:</strong></span> <span class='ocrx_word' id='word_1_501' title='bbox 1182 2658 1221 2688; x_wconf 87' lang='lat' dir='ltr'><strong>Id</strong></span> <span class='ocrx_word' id='word_1_502' title='bbox 1248 2663 1299 2694; x_wconf 76' lang='lat' dir='ltr'><strong>est,</strong></span> <span class='ocrx_word' id='word_1_503' title='bbox 1331 2656 1412 2687; x_wconf 60' lang='lat' dir='ltr'><strong>salv&amp;</strong></span> <span class='ocrx_word' id='word_1_504' title='bbox 1439 2663 1470 2693; x_wconf 35' lang='lat' dir='ltr'><strong>et,</strong></span> <span class='ocrx_word' id='word_1_505' title='bbox 1495 2657 1611 2698; x_wconf 59' lang='lat' dir='ltr'><strong>integret</strong></span> <span class='ocrx_word' id='word_1_506' title='bbox 1633 2656 1738 2700; x_wconf 71' lang='lat' dir='ltr'><strong>sormd</strong></span> 
     </span>
     <span class='ocr_line' id='line_1_86' title="bbox 978 2698 1737 2740; baseline -0.004 -9"><span class='ocrx_word' id='word_1_507' title='bbox 978 2700 1013 2731; x_wconf 89' lang='lat' dir='ltr'><strong>C.</strong></span> <span class='ocrx_word' id='word_1_508' title='bbox 1040 2700 1174 2737; x_wconf 78' lang='lat' dir='ltr'><strong>Antonii,</strong></span> <span class='ocrx_word' id='word_1_509' title='bbox 1203 2711 1282 2740; x_wconf 82' lang='lat' dir='ltr'><strong>quem</strong></span> <span class='ocrx_word' id='word_1_510' title='bbox 1303 2698 1410 2730; x_wconf 61' lang='lat' dir='ltr'><strong>idcirc&amp;</strong></span> <span class='ocrx_word' id='word_1_511' title='bbox 1438 2700 1532 2732; x_wconf 82' lang='lat' dir='ltr'><strong>adesse</strong></span> <span class='ocrx_word' id='word_1_512' title='bbox 1559 2701 1650 2732; x_wconf 82' lang='lat' dir='ltr'><strong>voluit</strong></span> <span class='ocrx_word' id='word_1_513' title='bbox 1671 2701 1737 2731; x_wconf 83' lang='lat' dir='ltr'><strong>An.</strong></span> 
     </span>
     <span class='ocr_line' id='line_1_87' title="bbox 976 2742 1736 2784; baseline 0.003 -11"><span class='ocrx_word' id='word_1_514' title='bbox 976 2745 1082 2781; x_wconf 80' lang='lat' dir='ltr'><strong>tonius,</strong></span> <span class='ocrx_word' id='word_1_515' title='bbox 1110 2750 1146 2774; x_wconf 78' lang='lat' dir='ltr'><strong>ut</strong></span> <span class='ocrx_word' id='word_1_516' title='bbox 1174 2745 1277 2782; x_wconf 57' lang='lat' dir='ltr'><strong>‘majori</strong></span> <span class='ocrx_word' id='word_1_517' title='bbox 1303 2744 1437 2774; x_wconf 80' lang='lat' dir='ltr'><strong>dedecore</strong></span> <span class='ocrx_word' id='word_1_518' title='bbox 1460 2742 1635 2784; x_wconf 63' lang='lat' dir='ltr'><strong>afficeretur,</strong></span> <span class='ocrx_word' id='word_1_519' title='bbox 1669 2744 1736 2775; x_wconf 63' lang='lat' dir='ltr'><strong>oiim</strong></span> 
     </span>
     <span class='ocr_line' id='line_1_88' title="bbox 974 2786 1736 2830; baseline 0.004 -14"><span class='ocrx_word' id='word_1_520' title='bbox 974 2798 1081 2828; x_wconf 76' lang='lat' dir='ltr'><strong>negare</strong></span> <span class='ocrx_word' id='word_1_521' title='bbox 1107 2788 1337 2829; x_wconf 76' lang='lat' dir='ltr'><strong>septemviratum</strong></span> <span class='ocrx_word' id='word_1_522' title='bbox 1366 2793 1396 2822; x_wconf 71' lang='lat' dir='ltr'><strong>et</strong></span> <span class='ocrx_word' id='word_1_523' title='bbox 1428 2786 1545 2830; x_wconf 72' lang='lat' dir='ltr'><strong>integra</strong></span> <span class='ocrx_word' id='word_1_524' title='bbox 1560 2786 1651 2830; x_wconf 69' lang='lat' dir='ltr'><strong>fam</strong></span> <span class='ocrx_word' id='word_1_525' title='bbox 1676 2797 1736 2819; x_wconf 77' lang='lat' dir='ltr'><strong>mm</strong></span> 
     </span>
    </p>
   </div>
   <div class='ocr_carea' id='block_1_15' title="bbox 166 2830 1073 2874">
    <p class='ocr_par' dir='ltr' id='par_1_26' title="bbox 166 2830 1073 2874">
     <span class='ocr_line' id='line_1_89' title="bbox 166 2830 1073 2874; baseline 0.002 -12"><span class='ocrx_word' id='word_1_526' title='bbox 166 2831 250 2864; x_wconf 80' lang='lat' dir='ltr'><strong>illius</strong></span> <span class='ocrx_word' id='word_1_527' title='bbox 277 2837 380 2864; x_wconf 81' lang='lat' dir='ltr'><strong>essent</strong></span> <span class='ocrx_word' id='word_1_528' title='bbox 409 2831 647 2874; x_wconf 74' lang='lat' dir='ltr'><strong>competitore55</strong></span> <span class='ocrx_word' id='word_1_529' title='bbox 681 2831 767 2873; x_wconf 89' lang='lat' dir='ltr'><strong>quod</strong></span> <span class='ocrx_word' id='word_1_530' title='bbox 794 2835 826 2862; x_wconf 85' lang='lat' dir='ltr'><strong>et</strong></span> <span class='ocrx_word' id='word_1_531' title='bbox 853 2830 931 2863; x_wconf 84' lang='lat' dir='ltr'><strong>risus</strong></span> <span class='ocrx_word' id='word_1_532' title='bbox 971 2836 1073 2871; x_wconf 76' lang='lat' dir='ltr'><strong>posset.</strong></span> 
     </span>
    </p>
   </div>
  </div>
 </body>
</html>
