1790 3090
110 119 182 162 xvi
669 115 719 148 M.
743 112 875 146 TULLI
899 111 1144 146 CICERONIS

111 191 264 234 Plsures
286 193 378 249 ejus
401 192 626 235 sententiae
647 191 914 246 acquievere.
975 189 1158 231 Censuit
1176 188 1227 231 T.
1243 187 1374 240 Nero,
1391 191 1438 230 ut
1460 187 1505 230 in
1523 188 1704 232 vinculis

109 254 356 291 tenerentur
370 267 380 302 3
404 250 456 290 C.
470 250 629 298 Caesar,
642 254 704 299 ut,
719 247 843 289 bonis
862 261 1006 288 eorum
1023 246 1269 303 publicatis,
1288 261 1362 302 per
1377 244 1611 301 municipia
1624 247 1705 289 cir-

108 307 407 348 cumferentur.
440 306 592 347 Cicero
613 305 656 345 in
677 311 899 359 utramque
931 310 1095 359 partem
1125 303 1338 353 disseruit,
1361 318 1413 344 ac
1434 302 1495 343 ita
1516 302 1640 354 dixit,
1656 310 1706 345 ut

107 362 249 404 favere
265 363 405 419 potius
416 362 551 404 Silani
563 361 694 418 quam
702 361 878 401 aliorum
891 360 1116 401 sententiae
1129 361 1354 401 videretur.
1385 359 1706 415 Ethaecquarta

108 420 200 474 ejus
215 420 257 460 in
267 420 498 461 Catilinam
512 418 646 460 oratio
656 417 750 458 fuit.
782 416 953 472 Reliqui
965 417 1193 458 Senatores
1205 415 1365 457 Caesari
1374 415 1546 471 quidem
1559 431 1705 457 assen-

105 476 339 528 tiebantur;
371 477 462 528 sed,
473 475 569 517 cum
584 475 708 525 Cato,
722 473 934 514 Tribunus
949 473 1102 527 plebis,
1114 472 1371 513 sententiam
1385 478 1558 528 rogatus
1574 478 1703 524 esset,

105 532 226 573 tanta
239 533 514 574 contentione
529 531 651 583 dixit,
661 539 722 581 ut,
733 530 807 586 qui
821 543 893 570 eos
910 529 935 570 a
951 537 1084 569 morte
1100 528 1350 580 eximerent,
1361 535 1586 584 suspectos
1601 543 1705 570 con-

98 588 330 643 jurationis
352 589 573 631 redderet:
608 593 673 628 tot
694 587 892 627 laudibus
915 585 1189 627 sedulitatem
1211 593 1253 626 et
1282 585 1483 626 virtutem
1501 585 1704 627 Consulis

105 645 272 696 extulit,
290 652 337 686 ut
358 646 448 702 ejus
470 644 728 686 sententiam
750 642 935 684 universi
957 642 1095 683 secuti
1118 642 1216 683 sint.
1277 641 1430 696 Itaque
1451 641 1615 683 factum
1637 647 1703 683 est

104 700 551 743 Senatus-consultum
572 702 615 741 in
631 700 808 741 Catonis
831 699 1103 750 sententiam,
1121 712 1207 754 quo
1227 697 1447 748 Lentulus,
1465 698 1702 753 Cethegus,

104 756 314 810 Statilius,
325 759 551 808 Gabinius,
562 765 604 798 et
613 756 848 812 Caeparius,
859 756 917 796 rei
927 755 1391 811 conjurationis,morte
1401 753 1572 795 multati
1582 761 1703 806 sunt;

101 820 230 870 atque
245 815 304 856 ita
317 815 484 866 Cicero,
499 813 591 855 siue
609 814 810 864 tumultu,
827 810 919 853 sine
934 812 1077 863 armis,
1093 811 1184 853 sine
1201 810 1406 860 exercitu,
1421 810 1602 851 sublatis
1617 810 1701 852 illis

100 869 364 923 hominibus,
381 870 673 912 internecione
696 870 826 921 cives,
841 869 992 909 urbem
1012 868 1212 920 flammis,
1231 867 1444 923 Rempub.
1459 866 1702 922 perditione

99 926 309 968 liberavit.
371 927 532 968 Mirum
561 934 705 968 autem
721 926 818 974 fuit,
836 939 921 981 quo
943 926 1098 981 plausu
1120 925 1201 965 sub
1222 939 1444 979 vesperam
1464 924 1509 964 in
1529 924 1705 965 domum

101 982 255 1024 Cicero
269 983 471 1025 reductus
486 989 552 1025 est
569 1001 579 1035 3
611 998 709 1023 nam
726 982 799 1023 alii
817 996 914 1022 eum
928 982 1076 1037 patriae
1092 981 1376 1032 liberatorem,
1391 979 1462 1021 alii
1476 994 1704 1021 conserva-

99 1045 251 1091 torem,
265 1040 338 1080 alii
353 1039 867 1088 conditorem,vocabant.
900 1038 1081 1078 Crassus
1096 1037 1238 1093 palam
1253 1035 1571 1092 dixit,se,quod
1587 1042 1703 1077 esset

101 1094 300 1148 Senator,
310 1096 426 1151 quod
449 1096 568 1145 civis,
585 1095 699 1150 quod
720 1095 839 1142 liber,
855 1094 1054 1135 Ciceroni
1072 1100 1301 1148 acceptum
1316 1093 1485 1134 referre.
1515 1092 1553 1132 E
1575 1092 1701 1148 Syri-3.

99 1151 315 1193 decedens
324 1153 556 1207 Pompeius
571 1150 864 1207 pronuntiavit
878 1165 922 1190 se
932 1149 1154 1190 Ciceronis
1167 1149 1379 1190 beneficio
1394 1148 1577 1204 patriam
1588 1147 1703 1190 visu-

100 1222 192 1249 rum
206 1223 314 1260 esse,
324 1224 375 1250 ac
388 1208 543 1250 frustra
560 1222 604 1248 se
618 1207 792 1248 tertium
806 1206 1067 1261 triumphum
1083 1204 1510 1260 deportaturum,nisi
1525 1205 1560 1260 ej
1569 1220 1617 1245 us
1630 1205 1703 1245 be-

97 1262 1228 1321 neficioRempub.ubitriumpharet,essethabiturus.
1248 1260 1700 1312 Q.Catulus,Senatfis

96 1321 313 1377 princeps,
331 1322 488 1377 aliique
503 1336 601 1362 cum
621 1335 670 1361 eo
694 1319 878 1375 plurimi,
898 1333 991 1359 euin
1012 1324 1231 1373 parentem
1248 1318 1396 1373 patriae
1410 1317 1700 1360 nominarunt.

155 1377 255 1419 Non
276 1379 464 1428 defuere,
488 1378 560 1433 qui
593 1375 949 1431 gloriosissimum
982 1374 1205 1416 Ciceronis
1240 1374 1407 1416 facinus
1429 1374 1473 1415 in
1493 1373 1699 1415 invidiam

97 1436 280 1485 traxere,
312 1435 355 1475 in
390 1434 537 1490 primis
574 1431 778 1474 Metellus
813 1439 855 1473 et
892 1432 1055 1482 Bestia,
1097 1431 1197 1471 novi
1228 1430 1406 1472 Tribuni
1437 1429 1593 1486 plebis,
1622 1431 1699 1472 sed

97 1490 302 1532 Metellus
323 1491 573 1546 praesertim,
589 1489 660 1545 qui
684 1488 816 1544 pridie
838 1488 937 1529 Kal.
955 1487 1145 1528 Januarii
1169 1502 1268 1527 eum
1289 1488 1519 1527 abeuntem
1542 1487 1700 1543 magis-

95 1553 209 1588 tratu
231 1547 452 1588 concionis
472 1543 682 1587 liabendae
713 1551 928 1600 potestate
951 1544 1148 1599 privavit.
1210 1543 1270 1583 At
1291 1543 1334 1583 id
1355 1557 1441 1584 non
1462 1541 1591 1583 modo
1610 1558 1698 1584 non

95 1604 235 1645 obfuit
257 1603 470 1654 Ciceroni,
491 1610 539 1644 ut
559 1602 688 1643 etiam
719 1615 894 1642 summae
928 1602 1019 1656 ejus
1050 1599 1165 1640 laudi
1188 1599 1382 1640 cesserit.
1445 1599 1572 1651 Nam,
1594 1599 1695 1641 cum

95 1659 167 1701 ille
198 1659 364 1701 tantum
396 1675 492 1701 eum
521 1661 663 1716 jurare
694 1657 972 1714 permitteret,
1005 1656 1336 1712 Rempublicam
1368 1661 1412 1696 et
1441 1656 1590 1697 urbem
1621 1657 1699 1697 sua

95 1716 220 1757 unius
257 1716 386 1772 opera
416 1730 510 1757 esse
544 1715 706 1757 salvam
732 1714 905 1770 juravit.
969 1713 1082 1754 Huic
1114 1713 1298 1769 populus
1335 1712 1522 1754 assensit
1540 1729 1549 1754 :
1596 1728 1696 1754 nam

92 1773 250 1829 magn-51
270 1789 376 1815 voce
400 1787 496 1814 eum
517 1771 614 1813 verer
631 1772 799 1827 jurasse
815 1770 989 1826 juravit.

516 1875 686 1903 ANNUS
723 1874 871 1901 URBIS
909 1871 1143 1900 CONDITAE
1177 1859 1274 1900 691.

210 1937 326 1977 Coss.
346 1937 485 1977 sz'z‘o
507 1937 677 1984 Silano,
700 1935 870 1975 Licinio
891 1934 1099 1983 Murena,
1122 1939 1224 1973 ante
1247 1934 1473 1974 Christum
1493 1931 1564 1973 61.

486 1993 705 2033 Ciceronis
725 1991 1084 2043 quadragessimus
1105 1992 1300 2042 quintus.

149 2064 195 2104 L.
213 2063 414 2114 Catilina,
429 2070 528 2120 post
546 2064 760 2104 detectam
783 2068 911 2116 atque
935 2061 1128 2116 punitam
1148 2061 1191 2101 in
1210 2063 1312 2103 urbe
1335 2061 1690 2118 conjurationem,

91 2136 190 2162 cum
210 2120 414 2169 exercitii,
432 2134 560 2175 quem
582 2120 815 2174 collegerat
831 2118 881 2158 C.
900 2118 1090 2157 Manlius
1111 2117 1154 2157 in
1175 2117 1357 2170 Etruria,
1378 2118 1602 2174 profuguS‚
1617 2119 1692 2159 de-

89 2177 376 2218 sciscentibus
388 2176 657 2228 multis‚dum
672 2190 746 2231 per
759 2173 950 2216 tramites
966 2174 1216 2229 atqueinvia
1230 2182 1410 2216 conatur
1424 2175 1690 2230 seproripere

88 2234 132 2274 in
155 2233 342 2274 Galliam
362 2233 701 2288 Transalpinam,
730 2232 774 2271 in
808 2245 911 2286 agro
941 2230 1213 2281 Pistoriensi,
1237 2231 1262 2272 a
1285 2232 1336 2272 C.
1357 2231 1548 2272 Antonio
1570 2239 1613 2272 et
1633 2231 1687 2278 Q.

91 2291 271 2331 Metello
287 2290 433 2330 Celere
451 2290 609 2329 clausis
623 2287 845 2328 itineribus
860 2287 1078 2338 obsessus,
1093 2287 1143 2326 C.
1157 2287 1335 2327 Antonii
1351 2287 1529 2328 Procos.
1544 2287 1686 2343 auspi-

90 2347 184 2397 ciis,
203 2345 228 2387 ξι
246 2344 492 2386 M.Petreio
507 2346 600 2400 ejus
617 2345 872 2399 legato,uno
888 2342 1092 2383 conflictu
1109 2343 1261 2395 victus,
1276 2343 1366 2399 ipse
1381 2359 1479 2384 cum
1493 2344 1580 2384 suis
1596 2358 1687 2385 om-

88 2403 216 2444 nibus
229 2400 460 2442 fortissime
476 2400 684 2441 dimicans
703 2398 878 2440 cecidit.
910 2398 1352 2445 Metellus‚T1·ibunus
1366 2401 1519 2455 plebis,
1538 2401 1592 2442 ad
1609 2415 1686 2456 po-

87 2460 234 2515 pulum
247 2458 351 2514 egit,
369 2457 494 2499 tertio
511 2471 685 2512 quoque
700 2471 788 2496 suae
806 2454 1010 2495 orationis
1027 2456 1157 2496 verbo
1173 2454 1428 2497 Ciceronem
1447 2458 1684 2513 appellans,

89 2523 133 2557 et
145 2530 327 2571 arguens
342 2514 380 2555 ei
396 2528 481 2554 non
497 2514 670 2554 licuisse
686 2512 924 2561 Lentulum,
943 2510 1200 2566 Cethegum,
1212 2520 1253 2553 et
1270 2513 1458 2568 reliquos
1476 2515 1605 2564 cives,
1622 2513 1684 2553 in-

87 2572 203 2613 dicta
223 2571 354 2612 causa
372 2570 565 2611 necasse.
628 2570 779 2609 Cicero
798 2568 895 2608 sorti
913 2567 1053 2607 animo
1072 2568 1109 2608 ei
1127 2569 1296 2618 restitit,
1316 2576 1359 2610 et
1375 2576 1524 2610 contra
1539 2570 1682 2610 conci-

86 2627 401 2675 oneinMetelli
425 2626 610 2681 scripsit,
642 2625 740 2666 cum
777 2625 846 2664 ille
878 2624 993 2680 prior
1023 2624 1278 2679 scripsisset.
1338 2625 1548 2667 Defendit
1567 2626 1683 2667 circa

87 2686 201 2726 idem
234 2691 402 2740 tempus
425 2684 476 2724 P.
498 2683 748 2724 Cornelium
783 2681 961 2737 Syllam,
983 2681 1056 2737 qui
1080 2680 1105 2722 ἓι
1129 2682 1173 2723 L.
1195 2681 1410 2738 Torquato
1443 2683 1496 2724 de
1518 2682 1679 2739 duplici

88 2741 380 2799 conjuratione
397 2740 693 2784 accusabatur.
725 2739 792 2780 De
807 2738 945 2794 priore
960 2737 1070 2780 dixit
1086 2737 1360 2792 Hortensius,
1377 2740 1431 2782 de
1447 2739 1680 2797 posteriore
