<?xml version="1.0" encoding="UTF-8"?>
<!DOCTYPE html PUBLIC "-//W3C//DTD XHTML 1.0 Transitional//EN"
    "http://www.w3.org/TR/xhtml1/DTD/xhtml1-transitional.dtd">
<html xmlns="http://www.w3.org/1999/xhtml" xml:lang="en" lang="en">
 <head>
  <title>
</title>
<meta http-equiv="Content-Type" content="text/html;charset=utf-8" />
  <meta name='ocr-system' content='tesseract 3.04.00' />
  <meta name='ocr-capabilities' content='ocr_page ocr_carea ocr_par ocr_line ocrx_word'/>
</head>
<body>
  <div class='ocr_page' id='page_1' title='image "./selectaeoratione00ciceuoft_0214.png"; bbox 0 0 1790 3090; ppageno 0'>
   <div class='ocr_carea' id='block_1_1' title="bbox 62 137 115 180">
    <p class='ocr_par' dir='ltr' id='par_1_1' title="bbox 62 137 115 180">
     <span class='ocr_line' id='line_1_1' title="bbox 62 137 115 180; baseline 0.019 -1"><span class='ocrx_word' id='word_1_1' title='bbox 62 137 115 180; x_wconf 76' lang='lat'>74</span> 
     </span>
    </p>
   </div>
   <div class='ocr_carea' id='block_1_2' title="bbox 722 135 1047 170">
    <p class='ocr_par' dir='ltr' id='par_1_2' title="bbox 722 135 1047 170">
     <span class='ocr_line' id='line_1_2' title="bbox 722 135 1047 170; baseline -0.009 0"><span class='ocrx_word' id='word_1_2' title='bbox 722 137 811 170; x_wconf 81' lang='lat' dir='ltr'>PRO</span> <span class='ocrx_word' id='word_1_3' title='bbox 835 135 1047 170; x_wconf 80' lang='lat' dir='ltr'><strong>MURENA.</strong></span> 
     </span>
    </p>
   </div>
   <div class='ocr_carea' id='block_1_3' title="bbox 99 210 1657 383">
    <p class='ocr_par' dir='ltr' id='par_1_3' title="bbox 99 210 1657 383">
     <span class='ocr_line' id='line_1_3' title="bbox 102 210 1654 271; baseline 0.002 -18"><span class='ocrx_word' id='word_1_4' title='bbox 102 211 325 264; x_wconf 83' lang='lat' dir='ltr'>centuriis3</span> <span class='ocrx_word' id='word_1_5' title='bbox 360 212 424 255; x_wconf 90' lang='lat' dir='ltr'>M.</span> <span class='ocrx_word' id='word_1_6' title='bbox 457 211 628 264; x_wconf 86' lang='lat' dir='ltr'>Catoni,</span> <span class='ocrx_word' id='word_1_7' title='bbox 659 212 822 254; x_wconf 85' lang='lat' dir='ltr'>homini</span> <span class='ocrx_word' id='word_1_8' title='bbox 843 213 887 256; x_wconf 91' lang='lat' dir='ltr'>in</span> <span class='ocrx_word' id='word_1_9' title='bbox 909 213 1023 255; x_wconf 87' lang='lat' dir='ltr'>omni</span> <span class='ocrx_word' id='word_1_10' title='bbox 1045 211 1201 254; x_wconf 86' lang='lat' dir='ltr'>virtute</span> <span class='ocrx_word' id='word_1_11' title='bbox 1232 210 1475 264; x_wconf 80' lang='lat' dir='ltr'>excellenti,</span> <span class='ocrx_word' id='word_1_12' title='bbox 1507 211 1559 255; x_wconf 87' lang='lat' dir='ltr'>de</span> <span class='ocrx_word' id='word_1_13' title='bbox 1592 212 1654 271; x_wconf 87' lang='lat' dir='ltr'>ip—</span> 
     </span>
     <span class='ocr_line' id='line_1_4' title="bbox 101 267 1656 325; baseline 0.001 -15"><span class='ocrx_word' id='word_1_14' title='bbox 101 267 190 310; x_wconf 84' lang='lat' dir='ltr'>sius</span> <span class='ocrx_word' id='word_1_15' title='bbox 207 270 498 320; x_wconf 79' lang='lat' dir='ltr'>accusatione,</span> <span class='ocrx_word' id='word_1_16' title='bbox 514 269 566 310; x_wconf 87' lang='lat' dir='ltr'>de</span> <span class='ocrx_word' id='word_1_17' title='bbox 581 270 1052 320; x_wconf 70' lang='lat' dir='ltr'>senatfis-consulto,de</span> <span class='ocrx_word' id='word_1_18' title='bbox 1066 268 1236 325; x_wconf 88' lang='lat' dir='ltr'>Repub.</span> <span class='ocrx_word' id='word_1_19' title='bbox 1252 269 1536 324; x_wconf 78' lang='lat' dir='ltr'>respondebo.</span> <span class='ocrx_word' id='word_1_20' title='bbox 1569 270 1656 312; x_wconf 85' lang='lat' dir='ltr'>Sed</span> 
     </span>
     <span class='ocr_line' id='line_1_5' title="bbox 99 326 1657 383; baseline 0.001 -17"><span class='ocrx_word' id='word_1_21' title='bbox 99 340 251 381; x_wconf 86' lang='lat' dir='ltr'>pauca,</span> <span class='ocrx_word' id='word_1_22' title='bbox 284 342 377 382; x_wconf 85' lang='lat' dir='ltr'>quae</span> <span class='ocrx_word' id='word_1_23' title='bbox 409 341 549 367; x_wconf 87' lang='lat' dir='ltr'>meum</span> <span class='ocrx_word' id='word_1_24' title='bbox 577 326 764 368; x_wconf 87' lang='lat' dir='ltr'>animum</span> <span class='ocrx_word' id='word_1_25' title='bbox 786 327 960 383; x_wconf 66' lang='lat' dir='ltr'>repente</span> <span class='ocrx_word' id='word_1_26' title='bbox 994 333 1230 377; x_wconf 87' lang='lat' dir='ltr'>moverunt,</span> <span class='ocrx_word' id='word_1_27' title='bbox 1263 326 1378 381; x_wconf 76' lang='lat' dir='ltr'>prius</span> <span class='ocrx_word' id='word_1_28' title='bbox 1412 327 1464 367; x_wconf 89' lang='lat' dir='ltr'>de</span> <span class='ocrx_word' id='word_1_29' title='bbox 1493 327 1657 368; x_wconf 85' lang='lat' dir='ltr'>L.Mu-</span> 
     </span>
    </p>
   </div>
   <div class='ocr_carea' id='block_1_4' title="bbox 98 382 667 438">
    <p class='ocr_par' dir='ltr' id='par_1_4' title="bbox 98 382 667 438">
     <span class='ocr_line' id='line_1_6' title="bbox 98 382 667 438; baseline 0.004 -16"><span class='ocrx_word' id='word_1_30' title='bbox 98 396 210 423; x_wconf 80' lang='lat' dir='ltr'>renae</span> <span class='ocrx_word' id='word_1_31' title='bbox 232 382 403 423; x_wconf 67' lang='lat' dir='ltr'>fortuna</span> <span class='ocrx_word' id='word_1_32' title='bbox 422 398 667 438; x_wconf 82' lang='lat' dir='ltr'>conquerar.</span> 
     </span>
    </p>
   </div>
   <div class='ocr_carea' id='block_1_5' title="bbox 729 382 1656 439">
    <p class='ocr_par' dir='ltr' id='par_1_5' title="bbox 729 382 1656 439">
     <span class='ocr_line' id='line_1_7' title="bbox 729 382 1656 439; baseline 0.002 -16"><span class='ocrx_word' id='word_1_33' title='bbox 729 383 855 434; x_wconf 81' lang='lat' dir='ltr'>Nam,</span> <span class='ocrx_word' id='word_1_34' title='bbox 888 384 985 425; x_wconf 71' lang='lat' dir='ltr'>curn</span> <span class='ocrx_word' id='word_1_35' title='bbox 1008 382 1122 439; x_wconf 64' lang='lat' dir='ltr'>saepe</span> <span class='ocrx_word' id='word_1_36' title='bbox 1155 382 1296 434; x_wconf 70' lang='lat' dir='ltr'>antea,</span> <span class='ocrx_word' id='word_1_37' title='bbox 1319 383 1505 438; x_wconf 85' lang='lat' dir='ltr'>judices,</span> <span class='ocrx_word' id='word_1_38' title='bbox 1538 390 1582 425; x_wconf 85' lang='lat' dir='ltr'>et</span> <span class='ocrx_word' id='word_1_39' title='bbox 1603 398 1656 425; x_wconf 83' lang='lat' dir='ltr'>ex</span> 
     </span>
    </p>
   </div>
   <div class='ocr_carea' id='block_1_6' title="bbox 18 431 1658 1173">
    <p class='ocr_par' dir='ltr' id='par_1_6' title="bbox 18 431 1658 1173">
     <span class='ocr_line' id='line_1_8' title="bbox 29 431 1656 495; baseline 0.002 -17"><span class='ocrx_word' id='word_1_40' title='bbox 29 431 81 473; x_wconf 73' lang='lat'>10</span> <span class='ocrx_word' id='word_1_41' title='bbox 99 438 276 479; x_wconf 86' lang='lat' dir='ltr'>aliorum</span> <span class='ocrx_word' id='word_1_42' title='bbox 298 438 494 489; x_wconf 87' lang='lat' dir='ltr'>miseriis,</span> <span class='ocrx_word' id='word_1_43' title='bbox 518 448 561 480; x_wconf 87' lang='lat' dir='ltr'>et</span> <span class='ocrx_word' id='word_1_44' title='bbox 577 454 629 480; x_wconf 84' lang='lat' dir='ltr'>ex</span> <span class='ocrx_word' id='word_1_45' title='bbox 652 439 756 480; x_wconf 89' lang='lat' dir='ltr'>meis</span> <span class='ocrx_word' id='word_1_46' title='bbox 775 442 887 480; x_wconf 89' lang='lat' dir='ltr'>curis</span> <span class='ocrx_word' id='word_1_47' title='bbox 910 440 1215 494; x_wconf 83' lang='lat' dir='ltr'>laboribusque</span> <span class='ocrx_word' id='word_1_48' title='bbox 1229 439 1509 495; x_wconf 82' lang='lat' dir='ltr'>quotidianis,</span> <span class='ocrx_word' id='word_1_49' title='bbox 1524 440 1656 481; x_wconf 89' lang='lat' dir='ltr'>fortu-</span> 
     </span>
     <span class='ocr_line' id='line_1_9' title="bbox 96 495 1655 551; baseline 0.001 -16"><span class='ocrx_word' id='word_1_50' title='bbox 96 501 222 535; x_wconf 90' lang='lat' dir='ltr'>natos</span> <span class='ocrx_word' id='word_1_51' title='bbox 245 510 318 536; x_wconf 89' lang='lat' dir='ltr'>eos</span> <span class='ocrx_word' id='word_1_52' title='bbox 350 495 814 551; x_wconf 84' lang='lat' dir='ltr'>hominesjudicarem‚</span> <span class='ocrx_word' id='word_1_53' title='bbox 846 495 936 551; x_wconf 87' lang='lat' dir='ltr'>qui,</span> <span class='ocrx_word' id='word_1_54' title='bbox 967 495 1117 537; x_wconf 89' lang='lat' dir='ltr'>remoti</span> <span class='ocrx_word' id='word_1_55' title='bbox 1150 495 1176 535; x_wconf 69' lang='grc' dir='ltr'>Ξι</span> <span class='ocrx_word' id='word_1_56' title='bbox 1215 495 1369 536; x_wconf 88' lang='lat' dir='ltr'>studiis</span> <span class='ocrx_word' id='word_1_57' title='bbox 1391 496 1655 548; x_wconf 79' lang='lat' dir='ltr'>ambitionis,</span> 
     </span>
     <span class='ocr_line' id='line_1_10' title="bbox 98 551 1658 607; baseline 0.001 -15"><span class='ocrx_word' id='word_1_58' title='bbox 98 551 234 592; x_wconf 86' lang='lat' dir='ltr'>otium</span> <span class='ocrx_word' id='word_1_59' title='bbox 255 566 305 592; x_wconf 89' lang='lat' dir='ltr'>ac</span> <span class='ocrx_word' id='word_1_60' title='bbox 322 552 674 607; x_wconf 71' lang='lat' dir='ltr'>tranquillitatem</span> <span class='ocrx_word' id='word_1_61' title='bbox 691 552 788 593; x_wconf 82' lang='lat' dir='ltr'>vitae</span> <span class='ocrx_word' id='word_1_62' title='bbox 810 552 947 593; x_wconf 89' lang='lat' dir='ltr'>secuti</span> <span class='ocrx_word' id='word_1_63' title='bbox 969 559 1095 603; x_wconf 89' lang='lat' dir='ltr'>sunt;</span> <span class='ocrx_word' id='word_1_64' title='bbox 1126 558 1217 592; x_wconf 87' lang='lat' dir='ltr'>tum</span> <span class='ocrx_word' id='word_1_65' title='bbox 1237 551 1335 592; x_wconf 69' lang='lat' dir='ltr'>vero</span> <span class='ocrx_word' id='word_1_66' title='bbox 1349 552 1392 593; x_wconf 89' lang='lat' dir='ltr'>in</span> <span class='ocrx_word' id='word_1_67' title='bbox 1412 553 1478 594; x_wconf 89' lang='lat' dir='ltr'>his</span> <span class='ocrx_word' id='word_1_68' title='bbox 1497 553 1543 593; x_wconf 89' lang='lat' dir='ltr'>L.</span> <span class='ocrx_word' id='word_1_69' title='bbox 1560 553 1658 594; x_wconf 87' lang='lat' dir='ltr'>Mu-</span> 
     </span>
     <span class='ocr_line' id='line_1_11' title="bbox 96 608 1655 665; baseline 0.001 -17"><span class='ocrx_word' id='word_1_70' title='bbox 96 622 207 648; x_wconf 76' lang='lat' dir='ltr'>renae</span> <span class='ocrx_word' id='word_1_71' title='bbox 228 608 358 649; x_wconf 89' lang='lat' dir='ltr'>tantis</span> <span class='ocrx_word' id='word_1_72' title='bbox 381 616 552 664; x_wconf 86' lang='lat' dir='ltr'>tamque</span> <span class='ocrx_word' id='word_1_73' title='bbox 588 609 831 664; x_wconf 82' lang='lat' dir='ltr'>improvisis</span> <span class='ocrx_word' id='word_1_74' title='bbox 867 609 1067 665; x_wconf 89' lang='lat' dir='ltr'>periculis</span> <span class='ocrx_word' id='word_1_75' title='bbox 1099 609 1158 649; x_wconf 89' lang='lat' dir='ltr'>ita</span> <span class='ocrx_word' id='word_1_76' title='bbox 1187 623 1281 649; x_wconf 90' lang='lat' dir='ltr'>sum</span> <span class='ocrx_word' id='word_1_77' title='bbox 1302 608 1442 650; x_wconf 90' lang='lat' dir='ltr'>animo</span> <span class='ocrx_word' id='word_1_78' title='bbox 1461 609 1655 662; x_wconf 86' lang='lat' dir='ltr'>affectus,</span> 
     </span>
     <span class='ocr_line' id='line_1_12' title="bbox 95 665 1658 721; baseline 0.001 -17"><span class='ocrx_word' id='word_1_79' title='bbox 95 671 144 705; x_wconf 90' lang='lat' dir='ltr'>ut</span> <span class='ocrx_word' id='word_1_80' title='bbox 164 679 250 705; x_wconf 89' lang='lat' dir='ltr'>non</span> <span class='ocrx_word' id='word_1_81' title='bbox 285 680 437 721; x_wconf 88' lang='lat' dir='ltr'>queam</span> <span class='ocrx_word' id='word_1_82' title='bbox 465 665 569 706; x_wconf 88' lang='lat' dir='ltr'>satis</span> <span class='ocrx_word' id='word_1_83' title='bbox 602 680 739 721; x_wconf 87' lang='lat' dir='ltr'>neque</span> <span class='ocrx_word' id='word_1_84' title='bbox 761 680 1032 707; x_wconf 86' lang='lat' dir='ltr'>communem</span> <span class='ocrx_word' id='word_1_85' title='bbox 1067 665 1255 706; x_wconf 90' lang='lat' dir='ltr'>omnium</span> <span class='ocrx_word' id='word_1_86' title='bbox 1286 665 1478 706; x_wconf 78' lang='lat' dir='ltr'>nostrsim</span> <span class='ocrx_word' id='word_1_87' title='bbox 1507 666 1658 707; x_wconf 88' lang='lat' dir='ltr'>condi-</span> 
     </span>
     <span class='ocr_line' id='line_1_13' title="bbox 26 714 1657 778; baseline 0 -16"><span class='ocrx_word' id='word_1_88' title='bbox 26 714 77 754; x_wconf 76' lang='grc'>15</span> <span class='ocrx_word' id='word_1_89' title='bbox 95 720 272 772; x_wconf 89' lang='lat' dir='ltr'>tionem,</span> <span class='ocrx_word' id='word_1_90' title='bbox 304 737 441 777; x_wconf 87' lang='lat' dir='ltr'>neque</span> <span class='ocrx_word' id='word_1_91' title='bbox 469 722 596 778; x_wconf 88' lang='lat' dir='ltr'>hujus</span> <span class='ocrx_word' id='word_1_92' title='bbox 632 729 831 763; x_wconf 85' lang='lat' dir='ltr'>eventum</span> <span class='ocrx_word' id='word_1_93' title='bbox 860 723 1175 777; x_wconf 77' lang='lat' dir='ltr'>fortunamque,</span> <span class='ocrx_word' id='word_1_94' title='bbox 1207 722 1422 773; x_wconf 83' lang='lat' dir='ltr'>miserari3</span> <span class='ocrx_word' id='word_1_95' title='bbox 1454 722 1541 778; x_wconf 90' lang='lat' dir='ltr'>qui,</span> <span class='ocrx_word' id='word_1_96' title='bbox 1573 723 1657 778; x_wconf 89' lang='lat' dir='ltr'>pri-</span> 
     </span>
     <span class='ocr_line' id='line_1_14' title="bbox 93 777 1654 834; baseline 0 -16"><span class='ocrx_word' id='word_1_97' title='bbox 93 777 224 828; x_wconf 69' lang='lat' dir='ltr'>mum,</span> <span class='ocrx_word' id='word_1_98' title='bbox 248 779 364 827; x_wconf 84' lang='lat' dir='ltr'>dum,</span> <span class='ocrx_word' id='word_1_99' title='bbox 387 794 438 819; x_wconf 80' lang='lat' dir='ltr'>ex</span> <span class='ocrx_word' id='word_1_100' title='bbox 460 778 696 819; x_wconf 82' lang='lat' dir='ltr'>honoribus</span> <span class='ocrx_word' id='word_1_101' title='bbox 717 779 932 820; x_wconf 84' lang='lat' dir='ltr'>continuis</span> <span class='ocrx_word' id='word_1_102' title='bbox 956 779 1128 819; x_wconf 86' lang='lat' dir='ltr'>familiae</span> <span class='ocrx_word' id='word_1_103' title='bbox 1151 779 1445 834; x_wconf 87' lang='lat' dir='ltr'>majorumque</span> <span class='ocrx_word' id='word_1_104' title='bbox 1466 793 1654 830; x_wconf 89' lang='lat' dir='ltr'>suorum,</span> 
     </span>
     <span class='ocr_line' id='line_1_15' title="bbox 93 835 1656 891; baseline 0.002 -18"><span class='ocrx_word' id='word_1_105' title='bbox 93 848 225 874; x_wconf 88' lang='lat' dir='ltr'>unum</span> <span class='ocrx_word' id='word_1_106' title='bbox 243 835 503 875; x_wconf 81' lang='lat' dir='ltr'>adscendere</span> <span class='ocrx_word' id='word_1_107' title='bbox 532 836 710 890; x_wconf 79' lang='lat' dir='ltr'>gradum</span> <span class='ocrx_word' id='word_1_108' title='bbox 732 835 956 891; x_wconf 79' lang='lat' dir='ltr'>dignitatis</span> <span class='ocrx_word' id='word_1_109' title='bbox 979 843 1160 876; x_wconf 87' lang='lat' dir='ltr'>conatus</span> <span class='ocrx_word' id='word_1_110' title='bbox 1183 842 1263 886; x_wconf 91' lang='lat' dir='ltr'>est,</span> <span class='ocrx_word' id='word_1_111' title='bbox 1281 835 1399 877; x_wconf 87' lang='lat' dir='ltr'>venit</span> <span class='ocrx_word' id='word_1_112' title='bbox 1424 835 1468 875; x_wconf 88' lang='lat' dir='ltr'>in</span> <span class='ocrx_word' id='word_1_113' title='bbox 1489 835 1656 891; x_wconf 86' lang='lat' dir='ltr'>pericu-</span> 
     </span>
     <span class='ocr_line' id='line_1_16' title="bbox 92 890 1652 948; baseline 0.001 -18"><span class='ocrx_word' id='word_1_114' title='bbox 92 890 196 938; x_wconf 88' lang='lat' dir='ltr'>lum,</span> <span class='ocrx_word' id='word_1_115' title='bbox 228 905 279 930; x_wconf 91' lang='lat' dir='ltr'>ne</span> <span class='ocrx_word' id='word_1_116' title='bbox 309 898 352 931; x_wconf 89' lang='lat' dir='ltr'>et</span> <span class='ocrx_word' id='word_1_117' title='bbox 380 906 429 931; x_wconf 85' lang='lat' dir='ltr'>ea</span> <span class='ocrx_word' id='word_1_118' title='bbox 450 906 545 946; x_wconf 81' lang='lat' dir='ltr'>quae</span> <span class='ocrx_word' id='word_1_119' title='bbox 564 892 724 942; x_wconf 84' lang='lat' dir='ltr'>relicta,</span> <span class='ocrx_word' id='word_1_120' title='bbox 757 901 800 932; x_wconf 93' lang='lat' dir='ltr'>et</span> <span class='ocrx_word' id='word_1_121' title='bbox 823 892 915 933; x_wconf 71' lang='lat' dir='ltr'>haec</span> <span class='ocrx_word' id='word_1_122' title='bbox 938 907 1034 947; x_wconf 74' lang='lat' dir='ltr'>quae</span> <span class='ocrx_word' id='word_1_123' title='bbox 1057 892 1111 933; x_wconf 87' lang='lat' dir='ltr'>ab</span> <span class='ocrx_word' id='word_1_124' title='bbox 1134 892 1229 948; x_wconf 86' lang='lat' dir='ltr'>ipso</span> <span class='ocrx_word' id='word_1_125' title='bbox 1250 899 1373 948; x_wconf 88' lang='lat' dir='ltr'>parta</span> <span class='ocrx_word' id='word_1_126' title='bbox 1391 900 1506 943; x_wconf 86' lang='lat' dir='ltr'>sunt,</span> <span class='ocrx_word' id='word_1_127' title='bbox 1527 892 1652 932; x_wconf 88' lang='lat' dir='ltr'>amit-</span> 
     </span>
     <span class='ocr_line' id='line_1_17' title="bbox 93 946 1653 1003; baseline 0.002 -17"><span class='ocrx_word' id='word_1_128' title='bbox 93 952 184 997; x_wconf 80' lang='lat' dir='ltr'>tat3</span> <span class='ocrx_word' id='word_1_129' title='bbox 217 946 385 997; x_wconf 88' lang='lat' dir='ltr'>deinde,</span> <span class='ocrx_word' id='word_1_130' title='bbox 417 955 588 1003; x_wconf 90' lang='lat' dir='ltr'>propter</span> <span class='ocrx_word' id='word_1_131' title='bbox 605 948 795 988; x_wconf 89' lang='lat' dir='ltr'>studium</span> <span class='ocrx_word' id='word_1_132' title='bbox 813 963 932 989; x_wconf 74' lang='lat' dir='ltr'>novae</span> <span class='ocrx_word' id='word_1_133' title='bbox 953 949 1105 999; x_wconf 87' lang='lat' dir='ltr'>laudis,</span> <span class='ocrx_word' id='word_1_134' title='bbox 1128 949 1173 988; x_wconf 89' lang='lat' dir='ltr'>in</span> <span class='ocrx_word' id='word_1_135' title='bbox 1192 948 1345 989; x_wconf 89' lang='lat' dir='ltr'>veteris</span> <span class='ocrx_word' id='word_1_136' title='bbox 1368 949 1548 990; x_wconf 78' lang='lat' dir='ltr'>fortunae</span> <span class='ocrx_word' id='word_1_137' title='bbox 1569 948 1653 989; x_wconf 90' lang='lat' dir='ltr'>dis-</span> 
     </span>
     <span class='ocr_line' id='line_1_18' title="bbox 18 997 1656 1060; baseline 0.002 -18"><span class='ocrx_word' id='word_1_138' title='bbox 18 997 75 1038; x_wconf 71' lang='lat'>20</span> <span class='ocrx_word' id='word_1_139' title='bbox 94 1002 253 1043; x_wconf 84' lang='lat' dir='ltr'>crimen</span> <span class='ocrx_word' id='word_1_140' title='bbox 276 1003 522 1052; x_wconf 85' lang='lat' dir='ltr'>adducitur3</span> <span class='ocrx_word' id='word_1_141' title='bbox 556 1020 650 1059; x_wconf 80' lang='lat' dir='ltr'>quae</span> <span class='ocrx_word' id='word_1_142' title='bbox 677 1004 774 1044; x_wconf 74' lang='lat' dir='ltr'>cum</span> <span class='ocrx_word' id='word_1_143' title='bbox 803 1012 905 1045; x_wconf 90' lang='lat' dir='ltr'>sunt</span> <span class='ocrx_word' id='word_1_144' title='bbox 922 1005 1080 1060; x_wconf 79' lang='lat' dir='ltr'>gravia,</span> <span class='ocrx_word' id='word_1_145' title='bbox 1095 1005 1282 1060; x_wconf 86' lang='lat' dir='ltr'>judices,</span> <span class='ocrx_word' id='word_1_146' title='bbox 1304 1012 1394 1045; x_wconf 91' lang='lat' dir='ltr'>tum</span> <span class='ocrx_word' id='word_1_147' title='bbox 1416 1005 1520 1046; x_wconf 84' lang='lat' dir='ltr'>illud</span> <span class='ocrx_word' id='word_1_148' title='bbox 1538 1020 1656 1046; x_wconf 87' lang='lat' dir='ltr'>acer-</span> 
     </span>
     <span class='ocr_line' id='line_1_19' title="bbox 92 1059 1653 1116; baseline 0.002 -18"><span class='ocrx_word' id='word_1_149' title='bbox 92 1059 315 1099; x_wconf 87' lang='lat' dir='ltr'>bissimum</span> <span class='ocrx_word' id='word_1_150' title='bbox 332 1068 412 1110; x_wconf 85' lang='lat' dir='ltr'>est,</span> <span class='ocrx_word' id='word_1_151' title='bbox 445 1059 559 1115; x_wconf 67' lang='lat' dir='ltr'>quod</span> <span class='ocrx_word' id='word_1_152' title='bbox 583 1061 712 1102; x_wconf 82' lang='lat' dir='ltr'>habet</span> <span class='ocrx_word' id='word_1_153' title='bbox 742 1075 816 1102; x_wconf 91' lang='lat' dir='ltr'>eos</span> <span class='ocrx_word' id='word_1_154' title='bbox 849 1068 1138 1112; x_wconf 79' lang='lat' dir='ltr'>accusatores,</span> <span class='ocrx_word' id='word_1_155' title='bbox 1170 1075 1255 1101; x_wconf 88' lang='lat' dir='ltr'>non</span> <span class='ocrx_word' id='word_1_156' title='bbox 1284 1061 1358 1116; x_wconf 91' lang='lat' dir='ltr'>qui</span> <span class='ocrx_word' id='word_1_157' title='bbox 1391 1061 1490 1102; x_wconf 88' lang='lat' dir='ltr'>odio</span> <span class='ocrx_word' id='word_1_158' title='bbox 1511 1061 1653 1102; x_wconf 88' lang='lat' dir='ltr'>inimi-</span> 
     </span>
     <span class='ocr_line' id='line_1_20' title="bbox 91 1115 1652 1173; baseline 0.001 -18"><span class='ocrx_word' id='word_1_159' title='bbox 91 1115 286 1156; x_wconf 80' lang='lat' dir='ltr'>citiarum</span> <span class='ocrx_word' id='word_1_160' title='bbox 310 1116 362 1156; x_wconf 86' lang='lat' dir='ltr'>ad</span> <span class='ocrx_word' id='word_1_161' title='bbox 386 1117 692 1168; x_wconf 82' lang='lat' dir='ltr'>accusandum,</span> <span class='ocrx_word' id='word_1_162' title='bbox 711 1118 787 1157; x_wconf 87' lang='lat' dir='ltr'>sed</span> <span class='ocrx_word' id='word_1_163' title='bbox 804 1116 878 1173; x_wconf 88' lang='lat' dir='ltr'>qui</span> <span class='ocrx_word' id='word_1_164' title='bbox 897 1117 1040 1157; x_wconf 88' lang='lat' dir='ltr'>studio</span> <span class='ocrx_word' id='word_1_165' title='bbox 1058 1117 1293 1157; x_wconf 89' lang='lat' dir='ltr'>accusandi</span> <span class='ocrx_word' id='word_1_166' title='bbox 1314 1118 1368 1157; x_wconf 84' lang='lat' dir='ltr'>ad</span> <span class='ocrx_word' id='word_1_167' title='bbox 1390 1117 1652 1168; x_wconf 82' lang='lat' dir='ltr'>inimicitias,</span> 
     </span>
    </p>
   </div>
   <div class='ocr_carea' id='block_1_7' title="bbox 91 1172 416 1214">
    <p class='ocr_par' dir='ltr' id='par_1_7' title="bbox 91 1172 416 1214">
     <span class='ocr_line' id='line_1_21' title="bbox 91 1172 416 1214; baseline 0.006 -3"><span class='ocrx_word' id='word_1_168' title='bbox 91 1172 416 1214; x_wconf 80' lang='lat' dir='ltr'>descenderent.</span> 
     </span>
    </p>
   </div>
   <div class='ocr_carea' id='block_1_8' title="bbox 479 1173 1650 1230">
    <p class='ocr_par' dir='ltr' id='par_1_8' title="bbox 479 1173 1650 1230">
     <span class='ocr_line' id='line_1_22' title="bbox 479 1173 1650 1230; baseline 0.002 -17"><span class='ocrx_word' id='word_1_169' title='bbox 479 1173 605 1225; x_wconf 86' lang='lat' dir='ltr'>Nam,</span> <span class='ocrx_word' id='word_1_170' title='bbox 636 1182 682 1214; x_wconf 89' lang='lat' dir='ltr'>ut</span> <span class='ocrx_word' id='word_1_171' title='bbox 705 1173 899 1214; x_wconf 85' lang='lat' dir='ltr'>omittam</span> <span class='ocrx_word' id='word_1_172' title='bbox 921 1173 1009 1215; x_wconf 86' lang='lat' dir='ltr'>Ser.</span> <span class='ocrx_word' id='word_1_173' title='bbox 1029 1173 1283 1230; x_wconf 83' lang='lat' dir='ltr'>Sulpicium,</span> <span class='ocrx_word' id='word_1_174' title='bbox 1305 1188 1434 1230; x_wconf 82' lang='lat' dir='ltr'>quem</span> <span class='ocrx_word' id='word_1_175' title='bbox 1453 1174 1650 1230; x_wconf 80' lang='lat' dir='ltr'>intelligo</span> 
     </span>
    </p>
   </div>
   <div class='ocr_carea' id='block_1_9' title="bbox 11 1228 1652 1853">
    <p class='ocr_par' dir='ltr' id='par_1_9' title="bbox 11 1228 1652 1853">
     <span class='ocr_line' id='line_1_23' title="bbox 89 1228 1652 1286; baseline 0.002 -18"><span class='ocrx_word' id='word_1_176' title='bbox 89 1242 177 1269; x_wconf 90' lang='lat' dir='ltr'>non</span> <span class='ocrx_word' id='word_1_177' title='bbox 195 1228 353 1285; x_wconf 66' lang='lat' dir='ltr'>injuria</span> <span class='ocrx_word' id='word_1_178' title='bbox 376 1229 422 1270; x_wconf 91' lang='lat' dir='ltr'>L.</span> <span class='ocrx_word' id='word_1_179' title='bbox 441 1229 649 1281; x_wconf 63' lang='lat' dir='ltr'>Murenae,</span> <span class='ocrx_word' id='word_1_180' title='bbox 682 1231 756 1271; x_wconf 78' lang='lat' dir='ltr'>secl</span> <span class='ocrx_word' id='word_1_181' title='bbox 780 1230 954 1271; x_wconf 83' lang='lat' dir='ltr'>honoris</span> <span class='ocrx_word' id='word_1_182' title='bbox 977 1231 1267 1280; x_wconf 86' lang='lat' dir='ltr'>contentione,</span> <span class='ocrx_word' id='word_1_183' title='bbox 1288 1236 1549 1286; x_wconf 89' lang='lat' dir='ltr'>permotum;</span> <span class='ocrx_word' id='word_1_184' title='bbox 1582 1245 1652 1272; x_wconf 86' lang='lat' dir='ltr'>ac-</span> 
     </span>
     <span class='ocr_line' id='line_1_24' title="bbox 15 1280 1651 1344; baseline 0.001 -18"><span class='ocrx_word' id='word_1_185' title='bbox 15 1280 71 1321; x_wconf 80' lang='lat'>25</span> <span class='ocrx_word' id='word_1_186' title='bbox 89 1292 212 1326; x_wconf 88' lang='lat' dir='ltr'>cusat</span> <span class='ocrx_word' id='word_1_187' title='bbox 232 1292 433 1342; x_wconf 87' lang='lat' dir='ltr'>paternus</span> <span class='ocrx_word' id='word_1_188' title='bbox 456 1287 635 1338; x_wconf 88' lang='lat' dir='ltr'>amicus,</span> <span class='ocrx_word' id='word_1_189' title='bbox 660 1286 736 1328; x_wconf 85' lang='lat' dir='ltr'>Cn.</span> <span class='ocrx_word' id='word_1_190' title='bbox 762 1286 1026 1338; x_wconf 88' lang='lat' dir='ltr'>Postumius,</span> <span class='ocrx_word' id='word_1_191' title='bbox 1048 1294 1171 1328; x_wconf 89' lang='lat' dir='ltr'>vetus</span> <span class='ocrx_word' id='word_1_192' title='bbox 1187 1291 1255 1338; x_wconf 85' lang='lat' dir='ltr'>(ut</span> <span class='ocrx_word' id='word_1_193' title='bbox 1276 1287 1336 1328; x_wconf 84' lang='lat' dir='ltr'>ait</span> <span class='ocrx_word' id='word_1_194' title='bbox 1356 1287 1466 1344; x_wconf 89' lang='lat' dir='ltr'>ipse)</span> <span class='ocrx_word' id='word_1_195' title='bbox 1482 1287 1651 1329; x_wconf 89' lang='lat' dir='ltr'>vicinus</span> 
     </span>
     <span class='ocr_line' id='line_1_25' title="bbox 88 1343 1651 1401; baseline 0.001 -18"><span class='ocrx_word' id='word_1_196' title='bbox 88 1357 140 1383; x_wconf 88' lang='lat' dir='ltr'>ac</span> <span class='ocrx_word' id='word_1_197' title='bbox 161 1343 442 1394; x_wconf 89' lang='lat' dir='ltr'>necessarius,</span> <span class='ocrx_word' id='word_1_198' title='bbox 466 1344 539 1400; x_wconf 91' lang='lat' dir='ltr'>qui</span> <span class='ocrx_word' id='word_1_199' title='bbox 561 1344 892 1385; x_wconf 85' lang='lat' dir='ltr'>necessitudinis</span> <span class='ocrx_word' id='word_1_200' title='bbox 915 1359 1067 1385; x_wconf 85' lang='lat' dir='ltr'>causas</span> <span class='ocrx_word' id='word_1_201' title='bbox 1090 1344 1331 1399; x_wconf 87' lang='lat' dir='ltr'>complures</span> <span class='ocrx_word' id='word_1_202' title='bbox 1351 1343 1545 1401; x_wconf 82' lang='lat' dir='ltr'>protulit,</span> <span class='ocrx_word' id='word_1_203' title='bbox 1566 1344 1651 1385; x_wconf 76' lang='lat' dir='ltr'>csi-</span> 
     </span>
     <span class='ocr_line' id='line_1_26' title="bbox 86 1400 1649 1457; baseline 0.001 -18"><span class='ocrx_word' id='word_1_204' title='bbox 86 1400 279 1441; x_wconf 85' lang='lat' dir='ltr'>multatis</span> <span class='ocrx_word' id='word_1_205' title='bbox 317 1401 479 1441; x_wconf 87' lang='lat' dir='ltr'>nullam</span> <span class='ocrx_word' id='word_1_206' title='bbox 515 1415 846 1442; x_wconf 86' lang='lat' dir='ltr'>commemorare</span> <span class='ocrx_word' id='word_1_207' title='bbox 867 1401 1038 1456; x_wconf 88' lang='lat' dir='ltr'>potuit:</span> <span class='ocrx_word' id='word_1_208' title='bbox 1070 1407 1248 1442; x_wconf 81' lang='lat' dir='ltr'>accusat</span> <span class='ocrx_word' id='word_1_209' title='bbox 1287 1400 1378 1441; x_wconf 83' lang='lat' dir='ltr'>Ser.</span> <span class='ocrx_word' id='word_1_210' title='bbox 1417 1400 1649 1457; x_wconf 87' lang='lat' dir='ltr'>Sulpicius,</span> 
     </span>
     <span class='ocr_line' id='line_1_27' title="bbox 87 1456 1652 1513; baseline 0.001 -17"><span class='ocrx_word' id='word_1_211' title='bbox 87 1456 247 1497; x_wconf 86' lang='lat' dir='ltr'>sodalis</span> <span class='ocrx_word' id='word_1_212' title='bbox 265 1457 357 1509; x_wconf 88' lang='lat' dir='ltr'>filii,</span> <span class='ocrx_word' id='word_1_213' title='bbox 379 1458 501 1513; x_wconf 85' lang='lat' dir='ltr'>cujus</span> <span class='ocrx_word' id='word_1_214' title='bbox 515 1457 688 1513; x_wconf 81' lang='lat' dir='ltr'>ingenio</span> <span class='ocrx_word' id='word_1_215' title='bbox 706 1457 871 1512; x_wconf 87' lang='lat' dir='ltr'>paterni</span> <span class='ocrx_word' id='word_1_216' title='bbox 887 1473 1035 1499; x_wconf 83' lang='lat' dir='ltr'>omnes</span> <span class='ocrx_word' id='word_1_217' title='bbox 1049 1456 1542 1498; x_wconf 87' lang='lat' dir='ltr'>necessariimunitiores</span> <span class='ocrx_word' id='word_1_218' title='bbox 1556 1471 1652 1498; x_wconf 87' lang='lat' dir='ltr'>esse</span> 
     </span>
     <span class='ocr_line' id='line_1_28' title="bbox 88 1512 1650 1570; baseline 0.001 -17"><span class='ocrx_word' id='word_1_219' title='bbox 88 1512 325 1556; x_wconf 84' lang='lat' dir='ltr'>debebant:</span> <span class='ocrx_word' id='word_1_220' title='bbox 375 1521 554 1555; x_wconf 86' lang='lat' dir='ltr'>accusat</span> <span class='ocrx_word' id='word_1_221' title='bbox 586 1514 650 1555; x_wconf 91' lang='lat' dir='ltr'>M.</span> <span class='ocrx_word' id='word_1_222' title='bbox 689 1514 815 1565; x_wconf 88' lang='lat' dir='ltr'>Cato,</span> <span class='ocrx_word' id='word_1_223' title='bbox 846 1513 935 1570; x_wconf 88' lang='lat' dir='ltr'>qui,</span> <span class='ocrx_word' id='word_1_224' title='bbox 967 1512 1228 1570; x_wconf 69' lang='lat' dir='ltr'>quamquam</span> <span class='ocrx_word' id='word_1_225' title='bbox 1259 1512 1285 1553; x_wconf 67' lang='lat' dir='ltr'>a</span> <span class='ocrx_word' id='word_1_226' title='bbox 1316 1513 1503 1554; x_wconf 71' lang='lat' dir='ltr'>Murena</span> <span class='ocrx_word' id='word_1_227' title='bbox 1530 1513 1650 1554; x_wconf 66' lang='lat' dir='ltr'>nulla</span> 
     </span>
     <span class='ocr_line' id='line_1_29' title="bbox 11 1566 1651 1622; baseline 0.001 -14"><span class='ocrx_word' id='word_1_228' title='bbox 11 1566 68 1608; x_wconf 85' lang='lat'>30</span> <span class='ocrx_word' id='word_1_229' title='bbox 87 1584 129 1610; x_wconf 89' lang='lat' dir='ltr'>re</span> <span class='ocrx_word' id='word_1_230' title='bbox 152 1585 341 1617; x_wconf 75' lang='lat' dir='ltr'>unquam</span> <span class='ocrx_word' id='word_1_231' title='bbox 380 1571 545 1612; x_wconf 88' lang='lat' dir='ltr'>alienus</span> <span class='ocrx_word' id='word_1_232' title='bbox 586 1570 681 1622; x_wconf 87' lang='lat' dir='ltr'>fuit,</span> <span class='ocrx_word' id='word_1_233' title='bbox 713 1577 856 1611; x_wconf 87' lang='lat' dir='ltr'>tamen</span> <span class='ocrx_word' id='word_1_234' title='bbox 878 1570 930 1611; x_wconf 64' lang='lat' dir='ltr'>ea</span> <span class='ocrx_word' id='word_1_235' title='bbox 951 1570 1201 1611; x_wconf 89' lang='lat' dir='ltr'>conditione</span> <span class='ocrx_word' id='word_1_236' title='bbox 1219 1570 1358 1612; x_wconf 87' lang='lat' dir='ltr'>&#39;nobis</span> <span class='ocrx_word' id='word_1_237' title='bbox 1379 1576 1470 1611; x_wconf 86' lang='lat' dir='ltr'>erat</span> <span class='ocrx_word' id='word_1_238' title='bbox 1499 1570 1544 1610; x_wconf 90' lang='lat' dir='ltr'>in</span> <span class='ocrx_word' id='word_1_239' title='bbox 1565 1569 1651 1611; x_wconf 66' lang='lat' dir='ltr'>hac</span> 
     </span>
     <span class='ocr_line' id='line_1_30' title="bbox 85 1621 1650 1684; baseline 0 -17"><span class='ocrx_word' id='word_1_240' title='bbox 85 1621 259 1668; x_wconf 76' lang='lat' dir='ltr'>civitate</span> <span class='ocrx_word' id='word_1_241' title='bbox 294 1634 435 1679; x_wconf 88' lang='lat' dir='ltr'>natus,</span> <span class='ocrx_word' id='word_1_242' title='bbox 466 1634 515 1668; x_wconf 90' lang='lat' dir='ltr'>ut</span> <span class='ocrx_word' id='word_1_243' title='bbox 547 1628 639 1683; x_wconf 87' lang='lat' dir='ltr'>ejus</span> <span class='ocrx_word' id='word_1_244' title='bbox 674 1642 778 1684; x_wconf 88' lang='lat' dir='ltr'>opes</span> <span class='ocrx_word' id='word_1_245' title='bbox 812 1634 855 1668; x_wconf 92' lang='lat' dir='ltr'>et</span> <span class='ocrx_word' id='word_1_246' title='bbox 882 1627 1101 1682; x_wconf 82' lang='lat' dir='ltr'>ingenium</span> <span class='ocrx_word' id='word_1_247' title='bbox 1131 1626 1330 1682; x_wconf 74' lang='lat' dir='ltr'>praesidio</span> <span class='ocrx_word' id='word_1_248' title='bbox 1350 1626 1498 1667; x_wconf 89' lang='lat' dir='ltr'>multis</span> <span class='ocrx_word' id='word_1_249' title='bbox 1520 1626 1650 1667; x_wconf 91' lang='lat' dir='ltr'>etiam</span> 
     </span>
     <span class='ocr_line' id='line_1_31' title="bbox 85 1682 1651 1740; baseline 0.001 -17"><span class='ocrx_word' id='word_1_250' title='bbox 85 1682 375 1735; x_wconf 83' lang='lat' dir='ltr'>alienissimis,</span> <span class='ocrx_word' id='word_1_251' title='bbox 389 1684 520 1725; x_wconf 79' lang='lat' dir='ltr'>exitio</span> <span class='ocrx_word' id='word_1_252' title='bbox 534 1685 604 1724; x_wconf 81' lang='lat' dir='ltr'>vix</span> <span class='ocrx_word' id='word_1_253' title='bbox 615 1684 818 1740; x_wconf 86' lang='lat' dir='ltr'>cuiquam</span> <span class='ocrx_word' id='word_1_254' title='bbox 830 1683 1020 1735; x_wconf 85' lang='lat' dir='ltr'>inimico,</span> <span class='ocrx_word' id='word_1_255' title='bbox 1033 1698 1126 1724; x_wconf 88' lang='lat' dir='ltr'>esse</span> <span class='ocrx_word' id='word_1_256' title='bbox 1136 1683 1327 1724; x_wconf 88' lang='lat' dir='ltr'>deberet.</span> <span class='ocrx_word' id='word_1_257' title='bbox 1358 1682 1651 1738; x_wconf 88' lang='lat' dir='ltr'>Respondebo</span> 
     </span>
     <span class='ocr_line' id='line_1_32' title="bbox 84 1739 1648 1796; baseline 0.001 -17"><span class='ocrx_word' id='word_1_258' title='bbox 84 1739 217 1795; x_wconf 79' lang='lat' dir='ltr'>igitur</span> <span class='ocrx_word' id='word_1_259' title='bbox 231 1740 456 1781; x_wconf 89' lang='lat' dir='ltr'>Postumio</span> <span class='ocrx_word' id='word_1_260' title='bbox 474 1740 666 1795; x_wconf 68' lang='lat' dir='ltr'>primum,</span> <span class='ocrx_word' id='word_1_261' title='bbox 690 1740 763 1796; x_wconf 89' lang='lat' dir='ltr'>qui</span> <span class='ocrx_word' id='word_1_262' title='bbox 780 1740 946 1792; x_wconf 88' lang='lat' dir='ltr'>(nescio</span> <span class='ocrx_word' id='word_1_263' title='bbox 967 1755 1053 1796; x_wconf 90' lang='lat' dir='ltr'>quo</span> <span class='ocrx_word' id='word_1_264' title='bbox 1071 1743 1219 1796; x_wconf 84' lang='lat' dir='ltr'>pacto)</span> <span class='ocrx_word' id='word_1_265' title='bbox 1239 1739 1342 1780; x_wconf 87' lang='lat' dir='ltr'>mihi</span> <span class='ocrx_word' id='word_1_266' title='bbox 1361 1739 1526 1781; x_wconf 90' lang='lat' dir='ltr'>videtur</span> <span class='ocrx_word' id='word_1_267' title='bbox 1542 1754 1648 1796; x_wconf 80' lang='lat' dir='ltr'>prae-</span> 
     </span>
     <span class='ocr_line' id='line_1_33' title="bbox 84 1795 1650 1853; baseline -0.001 -16"><span class='ocrx_word' id='word_1_268' title='bbox 84 1796 218 1837; x_wconf 84' lang='lat' dir='ltr'>torius</span> <span class='ocrx_word' id='word_1_269' title='bbox 243 1797 499 1838; x_wconf 82' lang='lat' dir='ltr'>candidatus</span> <span class='ocrx_word' id='word_1_270' title='bbox 520 1797 565 1837; x_wconf 89' lang='lat' dir='ltr'>in</span> <span class='ocrx_word' id='word_1_271' title='bbox 578 1799 859 1848; x_wconf 76' lang='lat' dir='ltr'>consularem,</span> <span class='ocrx_word' id='word_1_272' title='bbox 876 1798 998 1853; x_wconf 84' lang='lat' dir='ltr'>quasi</span> <span class='ocrx_word' id='word_1_273' title='bbox 1013 1797 1272 1838; x_wconf 88' lang='lat' dir='ltr'>desultorius</span> <span class='ocrx_word' id='word_1_274' title='bbox 1288 1795 1331 1836; x_wconf 87' lang='lat' dir='ltr'>in</span> <span class='ocrx_word' id='word_1_275' title='bbox 1346 1796 1650 1851; x_wconf 81' lang='lat' dir='ltr'>quadrigarum</span> 
     </span>
    </p>
   </div>
   <div class='ocr_carea' id='block_1_10' title="bbox 10 1849 600 1905">
    <p class='ocr_par' dir='ltr' id='par_1_10' title="bbox 10 1849 600 1905">
     <span class='ocr_line' id='line_1_34' title="bbox 10 1849 600 1905; baseline 0.007 -14"><span class='ocrx_word' id='word_1_276' title='bbox 10 1849 65 1891; x_wconf 87' lang='grc'>35</span> <span class='ocrx_word' id='word_1_277' title='bbox 85 1853 354 1905; x_wconf 83' lang='lat' dir='ltr'>curriculum,</span> <span class='ocrx_word' id='word_1_278' title='bbox 377 1854 600 1895; x_wconf 84' lang='lat' dir='ltr'>incurrere.</span> 
     </span>
    </p>
   </div>
   <div class='ocr_carea' id='block_1_11' title="bbox 664 1852 1647 1910">
    <p class='ocr_par' dir='ltr' id='par_1_11' title="bbox 664 1852 1647 1910">
     <span class='ocr_line' id='line_1_35' title="bbox 664 1852 1647 1910; baseline -0.001 -16"><span class='ocrx_word' id='word_1_279' title='bbox 664 1854 798 1910; x_wconf 85' lang='lat' dir='ltr'>Cujus</span> <span class='ocrx_word' id='word_1_280' title='bbox 820 1854 1125 1909; x_wconf 86' lang='lat' dir='ltr'>competitores</span> <span class='ocrx_word' id='word_1_281' title='bbox 1146 1853 1180 1893; x_wconf 90' lang='lat' dir='ltr'>si</span> <span class='ocrx_word' id='word_1_282' title='bbox 1197 1852 1332 1893; x_wconf 66' lang='lat' dir='ltr'>dnihil</span> <span class='ocrx_word' id='word_1_283' title='bbox 1355 1852 1647 1909; x_wconf 90' lang='lat' dir='ltr'>deliquerunt,</span> 
     </span>
    </p>
   </div>
   <div class='ocr_carea' id='block_1_12' title="bbox 75 1909 1651 2081">
    <p class='ocr_par' dir='ltr' id='par_1_12' title="bbox 75 1909 1651 2081">
     <span class='ocr_line' id='line_1_36' title="bbox 84 1909 1651 1966; baseline 0 -17"><span class='ocrx_word' id='word_1_284' title='bbox 84 1909 287 1965; x_wconf 75' lang='lat' dir='ltr'>dignitati</span> <span class='ocrx_word' id='word_1_285' title='bbox 319 1925 464 1951; x_wconf 88' lang='lat' dir='ltr'>eorum</span> <span class='ocrx_word' id='word_1_286' title='bbox 491 1912 720 1958; x_wconf 83' lang='lat' dir='ltr'>concessit,</span> <span class='ocrx_word' id='word_1_287' title='bbox 742 1910 838 1951; x_wconf 69' lang='lat' dir='ltr'>cum</span> <span class='ocrx_word' id='word_1_288' title='bbox 860 1918 1002 1966; x_wconf 88' lang='lat' dir='ltr'>petere</span> <span class='ocrx_word' id='word_1_289' title='bbox 1026 1909 1214 1950; x_wconf 88' lang='lat' dir='ltr'>destitit:</span> <span class='ocrx_word' id='word_1_290' title='bbox 1248 1910 1314 1950; x_wconf 89' lang='lat' dir='ltr'>sin</span> <span class='ocrx_word' id='word_1_291' title='bbox 1336 1915 1479 1950; x_wconf 79' lang='lat' dir='ltr'>autem</span> <span class='ocrx_word' id='word_1_292' title='bbox 1502 1924 1651 1950; x_wconf 87' lang='lat' dir='ltr'>eorum</span> 
     </span>
     <span class='ocr_line' id='line_1_37' title="bbox 83 1965 1651 2023; baseline 0.001 -18"><span class='ocrx_word' id='word_1_293' title='bbox 83 1966 236 2021; x_wconf 85' lang='lat' dir='ltr'>aliquis</span> <span class='ocrx_word' id='word_1_294' title='bbox 258 1967 433 2023; x_wconf 78' lang='lat' dir='ltr'>largitus</span> <span class='ocrx_word' id='word_1_295' title='bbox 457 1975 537 2017; x_wconf 82' lang='lat' dir='ltr'>est,</span> <span class='ocrx_word' id='word_1_296' title='bbox 560 1968 825 2023; x_wconf 77' lang='lat' dir='ltr'>expetendus</span> <span class='ocrx_word' id='word_1_297' title='bbox 846 1967 1010 2008; x_wconf 85' lang='lat' dir='ltr'>amicus</span> <span class='ocrx_word' id='word_1_298' title='bbox 1028 1973 1107 2014; x_wconf 84' lang='lat' dir='ltr'>est,</span> <span class='ocrx_word' id='word_1_299' title='bbox 1126 1966 1200 2022; x_wconf 84' lang='lat' dir='ltr'>qui</span> <span class='ocrx_word' id='word_1_300' title='bbox 1220 1966 1403 2007; x_wconf 84' lang='lat' dir='ltr'>alienam</span> <span class='ocrx_word' id='word_1_301' title='bbox 1424 1965 1570 2022; x_wconf 69' lang='lat' dir='ltr'>potins</span> <span class='ocrx_word' id='word_1_302' title='bbox 1587 1966 1651 2006; x_wconf 85' lang='lat' dir='ltr'>in-</span> 
     </span>
     <span class='ocr_line' id='line_1_38' title="bbox 75 2023 1132 2081; baseline 0.002 -18"><span class='ocrx_word' id='word_1_303' title='bbox 75 2023 248 2078; x_wconf 84' lang='lat' dir='ltr'>juriam,</span> <span class='ocrx_word' id='word_1_304' title='bbox 282 2023 415 2080; x_wconf 70' lang='lat' dir='ltr'>quam</span> <span class='ocrx_word' id='word_1_305' title='bbox 437 2039 572 2075; x_wconf 85' lang='lat' dir='ltr'>suam,</span> <span class='ocrx_word' id='word_1_306' title='bbox 593 2025 916 2081; x_wconf 69' lang='lat' dir='ltr'>persequatu1·.³¹÷</span> <span class='ocrx_word' id='word_1_307' title='bbox 937 2025 961 2049; x_wconf 35' lang='grc' dir='ltr'>ἧς</span> <span class='ocrx_word' id='word_1_308' title='bbox 979 2024 1001 2050; x_wconf 58' lang='lat'>&#39;⁷²‘</span> <span class='ocrx_word' id='word_1_309' title='bbox 1022 2024 1045 2049; x_wconf 69' lang='lat'><em>*</em></span> <span class='ocrx_word' id='word_1_310' title='bbox 1066 2025 1087 2048; x_wconf 71' lang='lat'>²¹⁶</span> <span class='ocrx_word' id='word_1_311' title='bbox 1106 2023 1132 2049; x_wconf 44' lang='grc' dir='ltr'>ἠὲ</span> 
     </span>
    </p>
   </div>
   <div class='ocr_carea' id='block_1_13' title="bbox 309 2183 593 2223">
    <p class='ocr_par' dir='ltr' id='par_1_13' title="bbox 309 2183 593 2223">
     <span class='ocr_line' id='line_1_39' title="bbox 309 2183 593 2223; baseline 0.004 -1"><span class='ocrx_word' id='word_1_312' title='bbox 309 2189 324 2205; x_wconf 72' lang='lat'><strong>⁶</strong></span> <span class='ocrx_word' id='word_1_313' title='bbox 338 2183 593 2223; x_wconf 73' lang='lat' dir='ltr'>inimicitice.</span> 
     </span>
    </p>
   </div>
   <div class='ocr_carea' id='block_1_14' title="bbox 82 2331 845 2804">
    <p class='ocr_par' dir='ltr' id='par_1_14' title="bbox 82 2331 845 2630">
     <span class='ocr_line' id='line_1_40' title="bbox 82 2331 844 2373; baseline 0.001 -11"><span class='ocrx_word' id='word_1_314' title='bbox 82 2332 171 2370; x_wconf 72' lang='lat' dir='ltr'>buit3</span> <span class='ocrx_word' id='word_1_315' title='bbox 194 2331 307 2363; x_wconf 70' lang='lat' dir='ltr'>classes</span> <span class='ocrx_word' id='word_1_316' title='bbox 321 2337 425 2362; x_wconf 85' lang='lat' dir='ltr'>autem</span> <span class='ocrx_word' id='word_1_317' title='bbox 448 2332 479 2362; x_wconf 89' lang='lat' dir='ltr'>in</span> <span class='ocrx_word' id='word_1_318' title='bbox 493 2337 619 2363; x_wconf 76' lang='lat' dir='ltr'>centurn</span> <span class='ocrx_word' id='word_1_319' title='bbox 636 2343 671 2363; x_wconf 87' lang='lat' dir='ltr'>ac</span> <span class='ocrx_word' id='word_1_320' title='bbox 687 2333 844 2373; x_wconf 83' lang='lat' dir='ltr'>nonagin-</span> 
     </span>
     <span class='ocr_line' id='line_1_41' title="bbox 82 2375 845 2406; baseline 0.003 -2"><span class='ocrx_word' id='word_1_321' title='bbox 82 2381 114 2405; x_wconf 87' lang='lat' dir='ltr'>ta</span> <span class='ocrx_word' id='word_1_322' title='bbox 138 2380 199 2405; x_wconf 78' lang='lat' dir='ltr'>tres</span> <span class='ocrx_word' id='word_1_323' title='bbox 222 2376 387 2405; x_wconf 76' lang='lat' dir='ltr'>centurias.</span> <span class='ocrx_word' id='word_1_324' title='bbox 443 2375 480 2405; x_wconf 88' lang='lat' dir='ltr'>In</span> <span class='ocrx_word' id='word_1_325' title='bbox 505 2375 656 2405; x_wconf 75' lang='lat' dir='ltr'>classibus</span> <span class='ocrx_word' id='word_1_326' title='bbox 683 2382 789 2406; x_wconf 84' lang='lat' dir='ltr'>autern</span> <span class='ocrx_word' id='word_1_327' title='bbox 813 2382 845 2406; x_wconf 79' lang='lat' dir='ltr'>et</span> 
     </span>
     <span class='ocr_line' id='line_1_42' title="bbox 83 2418 841 2455; baseline -0.001 -6"><span class='ocrx_word' id='word_1_328' title='bbox 83 2418 228 2449; x_wconf 83' lang='lat' dir='ltr'>centuriis</span> <span class='ocrx_word' id='word_1_329' title='bbox 244 2419 470 2454; x_wconf 84' lang='lat' dir='ltr'>describendis,</span> <span class='ocrx_word' id='word_1_330' title='bbox 484 2429 610 2449; x_wconf 79' lang='lat' dir='ltr'>censum</span> <span class='ocrx_word' id='word_1_331' title='bbox 635 2425 757 2448; x_wconf 81' lang='lat' dir='ltr'>secutus</span> <span class='ocrx_word' id='word_1_332' title='bbox 774 2424 841 2455; x_wconf 59' lang='grc' dir='ltr'>θεῖς</span> 
     </span>
     <span class='ocr_line' id='line_1_43' title="bbox 84 2461 844 2502; baseline 0.001 -12"><span class='ocrx_word' id='word_1_333' title='bbox 84 2462 137 2501; x_wconf 84' lang='lat' dir='ltr'>qui</span> <span class='ocrx_word' id='word_1_334' title='bbox 154 2466 187 2491; x_wconf 85' lang='lat' dir='ltr'>nt</span> <span class='ocrx_word' id='word_1_335' title='bbox 208 2461 239 2490; x_wconf 89' lang='lat' dir='ltr'>in</span> <span class='ocrx_word' id='word_1_336' title='bbox 257 2472 381 2502; x_wconf 86' lang='lat' dir='ltr'>quoque</span> <span class='ocrx_word' id='word_1_337' title='bbox 398 2463 530 2491; x_wconf 75' lang='lat' dir='ltr'>variatus</span> <span class='ocrx_word' id='word_1_338' title='bbox 547 2467 605 2497; x_wconf 84' lang='lat' dir='ltr'>est,</span> <span class='ocrx_word' id='word_1_339' title='bbox 621 2461 664 2491; x_wconf 85' lang='lat' dir='ltr'>sic</span> <span class='ocrx_word' id='word_1_340' title='bbox 682 2462 781 2491; x_wconf 78' lang='lat' dir='ltr'>varios</span> <span class='ocrx_word' id='word_1_341' title='bbox 807 2461 844 2490; x_wconf 89' lang='lat' dir='ltr'>il-</span> 
     </span>
     <span class='ocr_line' id='line_1_44' title="bbox 83 2503 841 2544; baseline 0 -11"><span class='ocrx_word' id='word_1_342' title='bbox 83 2503 113 2533; x_wconf 88' lang='lat' dir='ltr'>le</span> <span class='ocrx_word' id='word_1_343' title='bbox 129 2504 204 2534; x_wconf 74' lang='lat' dir='ltr'>fecit</span> <span class='ocrx_word' id='word_1_344' title='bbox 226 2504 367 2534; x_wconf 82' lang='lat' dir='ltr'>classium</span> <span class='ocrx_word' id='word_1_345' title='bbox 395 2505 524 2544; x_wconf 73' lang='lat' dir='ltr'>gradus3</span> <span class='ocrx_word' id='word_1_346' title='bbox 548 2515 618 2534; x_wconf 87' lang='lat' dir='ltr'>nam</span> <span class='ocrx_word' id='word_1_347' title='bbox 641 2504 671 2533; x_wconf 91' lang='lat' dir='ltr'>in</span> <span class='ocrx_word' id='word_1_348' title='bbox 699 2504 841 2544; x_wconf 87' lang='lat' dir='ltr'>primam,</span> 
     </span>
     <span class='ocr_line' id='line_1_45' title="bbox 83 2547 841 2587; baseline 0.001 -11"><span class='ocrx_word' id='word_1_349' title='bbox 83 2547 138 2587; x_wconf 87' lang='lat' dir='ltr'>qui</span> <span class='ocrx_word' id='word_1_350' title='bbox 150 2552 274 2577; x_wconf 83' lang='lat' dir='ltr'>centuni</span> <span class='ocrx_word' id='word_1_351' title='bbox 289 2547 417 2577; x_wconf 85' lang='lat' dir='ltr'>millium</span> <span class='ocrx_word' id='word_1_352' title='bbox 439 2547 517 2583; x_wconf 86' lang='lat' dir='ltr'>aeris‚</span> <span class='ocrx_word' id='word_1_353' title='bbox 535 2553 588 2577; x_wconf 85' lang='lat' dir='ltr'>aut</span> <span class='ocrx_word' id='word_1_354' title='bbox 603 2547 751 2587; x_wconf 79' lang='lat' dir='ltr'>majorem</span> <span class='ocrx_word' id='word_1_355' title='bbox 767 2558 841 2578; x_wconf 86' lang='lat' dir='ltr'>cen-</span> 
     </span>
     <span class='ocr_line' id='line_1_46' title="bbox 85 2589 485 2630; baseline 0.003 -11"><span class='ocrx_word' id='word_1_356' title='bbox 85 2601 151 2620; x_wconf 79' lang='lat' dir='ltr'>sum</span> <span class='ocrx_word' id='word_1_357' title='bbox 163 2591 324 2625; x_wconf 84' lang='lat' dir='ltr'>haberent,</span> <span class='ocrx_word' id='word_1_358' title='bbox 341 2589 485 2630; x_wconf 76' lang='lat' dir='ltr'>conjecit.</span> 
     </span>
    </p>

    <p class='ocr_par' dir='ltr' id='par_1_15' title="bbox 83 2632 842 2716">
     <span class='ocr_line' id='line_1_47' title="bbox 128 2632 842 2673; baseline 0 -11"><span class='ocrx_word' id='word_1_359' title='bbox 128 2635 179 2663; x_wconf 82' lang='lat'>18.</span> <span class='ocrx_word' id='word_1_360' title='bbox 206 2632 276 2667; x_wconf 71' lang='lat' dir='ltr'>Qua:</span> <span class='ocrx_word' id='word_1_361' title='bbox 289 2633 419 2673; x_wconf 59' lang='lat' dir='ltr'>relicua]</span> <span class='ocrx_word' id='word_1_362' title='bbox 465 2632 515 2663; x_wconf 90' lang='lat' dir='ltr'>De</span> <span class='ocrx_word' id='word_1_363' title='bbox 532 2632 568 2662; x_wconf 86' lang='lat' dir='ltr'>iis</span> <span class='ocrx_word' id='word_1_364' title='bbox 579 2633 729 2662; x_wconf 85' lang='lat' dir='ltr'>honorum</span> <span class='ocrx_word' id='word_1_365' title='bbox 746 2632 842 2673; x_wconf 83' lang='lat' dir='ltr'>insig-</span> 
     </span>
     <span class='ocr_line' id='line_1_48' title="bbox 83 2675 813 2716; baseline 0 -11"><span class='ocrx_word' id='word_1_366' title='bbox 83 2675 174 2705; x_wconf 82' lang='lat' dir='ltr'>nibus</span> <span class='ocrx_word' id='word_1_367' title='bbox 190 2676 337 2716; x_wconf 79' lang='lat' dir='ltr'>loquitur,</span> <span class='ocrx_word' id='word_1_368' title='bbox 351 2686 418 2716; x_wconf 85' lang='lat' dir='ltr'>quae</span> <span class='ocrx_word' id='word_1_369' title='bbox 435 2676 462 2705; x_wconf 87' lang='lat' dir='ltr'>ei</span> <span class='ocrx_word' id='word_1_370' title='bbox 476 2676 494 2706; x_wconf 67' lang='grc' dir='ltr'>εἰ</span> <span class='ocrx_word' id='word_1_371' title='bbox 510 2681 597 2716; x_wconf 77' lang='lat' dir='ltr'>patre</span> <span class='ocrx_word' id='word_1_372' title='bbox 610 2675 717 2706; x_wconf 83' lang='lat' dir='ltr'>relicta</span> <span class='ocrx_word' id='word_1_373' title='bbox 731 2681 813 2706; x_wconf 84' lang='lat' dir='ltr'>sunt.</span> 
     </span>
    </p>

    <p class='ocr_par' dir='ltr' id='par_1_16' title="bbox 82 2718 841 2804">
     <span class='ocr_line' id='line_1_49' title="bbox 127 2718 841 2761; baseline 0.001 -13"><span class='ocrx_word' id='word_1_374' title='bbox 127 2720 179 2749; x_wconf 69' lang='lat'>28.</span> <span class='ocrx_word' id='word_1_375' title='bbox 201 2719 406 2761; x_wconf 54' lang='lat' dir='ltr'>&amp;odalissiliij</span> <span class='ocrx_word' id='word_1_376' title='bbox 423 2718 554 2749; x_wconf 76' lang='lat' dir='ltr'>sodales</span> <span class='ocrx_word' id='word_1_377' title='bbox 569 2719 727 2756; x_wconf 81' lang='lat' dir='ltr'>dicuntur,</span> <span class='ocrx_word' id='word_1_378' title='bbox 744 2719 799 2759; x_wconf 87' lang='lat' dir='ltr'>qui</span> <span class='ocrx_word' id='word_1_379' title='bbox 809 2719 841 2749; x_wconf 90' lang='lat' dir='ltr'>in</span> 
     </span>
     <span class='ocr_line' id='line_1_50' title="bbox 82 2761 841 2804; baseline 0.003 -12"><span class='ocrx_word' id='word_1_380' title='bbox 82 2761 186 2803; x_wconf 80' lang='lat' dir='ltr'>aliquo</span> <span class='ocrx_word' id='word_1_381' title='bbox 203 2763 312 2795; x_wconf 85' lang='lat' dir='ltr'>ordine</span> <span class='ocrx_word' id='word_1_382' title='bbox 334 2768 388 2793; x_wconf 78' lang='lat' dir='ltr'>aut</span> <span class='ocrx_word' id='word_1_383' title='bbox 415 2762 548 2804; x_wconf 81' lang='lat' dir='ltr'>collegio</span> <span class='ocrx_word' id='word_1_384' title='bbox 568 2762 727 2803; x_wconf 79' lang='lat' dir='ltr'>conjuncti</span> <span class='ocrx_word' id='word_1_385' title='bbox 750 2768 841 2794; x_wconf 81' lang='lat' dir='ltr'>sunt:</span> 
     </span>
    </p>
   </div>
   <div class='ocr_carea' id='block_1_15' title="bbox 901 2177 1594 2225">
    <p class='ocr_par' dir='ltr' id='par_1_17' title="bbox 901 2177 1594 2225">
     <span class='ocr_line' id='line_1_51' title="bbox 901 2177 1594 2225; baseline 0 0"><span class='ocrx_word' id='word_1_386' title='bbox 901 2181 918 2206; x_wconf 75' lang='lat' dir='ltr'>d</span> <span class='ocrx_word' id='word_1_387' title='bbox 935 2197 1024 2225; x_wconf 74' lang='lat' dir='ltr'>non</span> <span class='ocrx_word' id='word_1_388' title='bbox 1044 2185 1349 2225; x_wconf 78' lang='lat' dir='ltr'>commiserunt</span> <span class='ocrx_word' id='word_1_389' title='bbox 1368 2177 1594 2225; x_wconf 84' lang='lat' dir='ltr'>ambitum.</span> 
     </span>
    </p>
   </div>
   <div class='ocr_carea' id='block_1_16' title="bbox 886 2333 1657 2803">
    <p class='ocr_par' dir='ltr' id='par_1_18' title="bbox 887 2333 1453 2370">
     <span class='ocr_line' id='line_1_52' title="bbox 887 2333 1453 2370; baseline 0.002 -7"><span class='ocrx_word' id='word_1_390' title='bbox 887 2333 972 2363; x_wconf 86' lang='lat' dir='ltr'>unde</span> <span class='ocrx_word' id='word_1_391' title='bbox 987 2338 1019 2363; x_wconf 88' lang='lat' dir='ltr'>et</span> <span class='ocrx_word' id='word_1_392' title='bbox 1034 2334 1229 2370; x_wconf 79' lang='lat' dir='ltr'>sodalitates,</span> <span class='ocrx_word' id='word_1_393' title='bbox 1252 2338 1284 2364; x_wconf 88' lang='lat' dir='ltr'>et</span> <span class='ocrx_word' id='word_1_394' title='bbox 1298 2333 1453 2364; x_wconf 82' lang='lat' dir='ltr'>sodalitia.</span> 
     </span>
    </p>

    <p class='ocr_par' dir='ltr' id='par_1_19' title="bbox 886 2375 1657 2674">
     <span class='ocr_line' id='line_1_53' title="bbox 931 2375 1657 2417; baseline -0.001 -10"><span class='ocrx_word' id='word_1_395' title='bbox 931 2379 983 2407; x_wconf 65' lang='lat'>34.</span> <span class='ocrx_word' id='word_1_396' title='bbox 1003 2377 1215 2417; x_wconf 69' lang='lat' dir='ltr'>Desultorius]</span> <span class='ocrx_word' id='word_1_397' title='bbox 1235 2376 1432 2407; x_wconf 82' lang='lat' dir='ltr'>Desultorius</span> <span class='ocrx_word' id='word_1_398' title='bbox 1446 2375 1571 2410; x_wconf 82' lang='lat' dir='ltr'>dicitur,</span> <span class='ocrx_word' id='word_1_399' title='bbox 1585 2376 1657 2416; x_wconf 80' lang='lat' dir='ltr'>qui,</span> 
     </span>
     <span class='ocr_line' id='line_1_54' title="bbox 888 2419 1651 2460; baseline 0 -12"><span class='ocrx_word' id='word_1_400' title='bbox 888 2429 927 2449; x_wconf 90' lang='lat' dir='ltr'>ne</span> <span class='ocrx_word' id='word_1_401' title='bbox 940 2429 1062 2449; x_wconf 87' lang='lat' dir='ltr'>cursum</span> <span class='ocrx_word' id='word_1_402' title='bbox 1080 2421 1297 2460; x_wconf 80' lang='lat' dir='ltr'>interrumpat,</span> <span class='ocrx_word' id='word_1_403' title='bbox 1322 2420 1360 2450; x_wconf 82' lang='lat' dir='ltr'>ab</span> <span class='ocrx_word' id='word_1_404' title='bbox 1374 2430 1437 2449; x_wconf 84' lang='lat' dir='ltr'>uno</span> <span class='ocrx_word' id='word_1_405' title='bbox 1453 2430 1536 2460; x_wconf 89' lang='lat' dir='ltr'>equo</span> <span class='ocrx_word' id='word_1_406' title='bbox 1550 2419 1579 2448; x_wconf 87' lang='lat' dir='ltr'>in</span> <span class='ocrx_word' id='word_1_407' title='bbox 1594 2419 1651 2449; x_wconf 78' lang='lat' dir='ltr'>ali-</span> 
     </span>
     <span class='ocr_line' id='line_1_55' title="bbox 888 2462 1649 2504; baseline 0 -13"><span class='ocrx_word' id='word_1_408' title='bbox 888 2472 938 2491; x_wconf 87' lang='lat' dir='ltr'>um</span> <span class='ocrx_word' id='word_1_409' title='bbox 962 2462 1075 2493; x_wconf 77' lang='lat' dir='ltr'>insilit:</span> <span class='ocrx_word' id='word_1_410' title='bbox 1102 2464 1168 2493; x_wconf 87' lang='lat' dir='ltr'>sive</span> <span class='ocrx_word' id='word_1_411' title='bbox 1188 2463 1253 2504; x_wconf 90' lang='lat' dir='ltr'>qui,</span> <span class='ocrx_word' id='word_1_412' title='bbox 1273 2462 1379 2493; x_wconf 85' lang='lat' dir='ltr'>relicto</span> <span class='ocrx_word' id='word_1_413' title='bbox 1401 2462 1536 2503; x_wconf 79' lang='lat' dir='ltr'>equestri</span> <span class='ocrx_word' id='word_1_414' title='bbox 1550 2467 1649 2491; x_wconf 84' lang='lat' dir='ltr'>certa-</span> 
     </span>
     <span class='ocr_line' id='line_1_56' title="bbox 887 2504 1648 2543; baseline 0 -9"><span class='ocrx_word' id='word_1_415' title='bbox 887 2504 981 2543; x_wconf 88' lang='lat' dir='ltr'>mine,</span> <span class='ocrx_word' id='word_1_416' title='bbox 997 2505 1117 2535; x_wconf 80' lang='lat' dir='ltr'>confert</span> <span class='ocrx_word' id='word_1_417' title='bbox 1133 2516 1166 2536; x_wconf 83' lang='lat' dir='ltr'>se</span> <span class='ocrx_word' id='word_1_418' title='bbox 1184 2505 1215 2535; x_wconf 89' lang='lat' dir='ltr'>in</span> <span class='ocrx_word' id='word_1_419' title='bbox 1237 2510 1394 2536; x_wconf 81' lang='lat' dir='ltr'>certamen</span> <span class='ocrx_word' id='word_1_420' title='bbox 1414 2505 1539 2535; x_wconf 82' lang='lat' dir='ltr'>curule:</span> <span class='ocrx_word' id='word_1_421' title='bbox 1563 2515 1648 2540; x_wconf 82' lang='lat' dir='ltr'>nain,</span> 
     </span>
     <span class='ocr_line' id='line_1_57' title="bbox 886 2547 1650 2588; baseline 0.001 -11"><span class='ocrx_word' id='word_1_422' title='bbox 886 2547 960 2577; x_wconf 77' lang='lat' dir='ltr'>licet</span> <span class='ocrx_word' id='word_1_423' title='bbox 975 2558 1037 2577; x_wconf 83' lang='lat' dir='ltr'>non</span> <span class='ocrx_word' id='word_1_424' title='bbox 1061 2553 1150 2588; x_wconf 84' lang='lat' dir='ltr'>petat</span> <span class='ocrx_word' id='word_1_425' title='bbox 1165 2547 1372 2583; x_wconf 82' lang='lat' dir='ltr'>consulatum,</span> <span class='ocrx_word' id='word_1_426' title='bbox 1396 2552 1500 2577; x_wconf 84' lang='lat' dir='ltr'>tamen</span> <span class='ocrx_word' id='word_1_427' title='bbox 1522 2553 1650 2578; x_wconf 84' lang='lat' dir='ltr'>accusat</span> 
     </span>
     <span class='ocr_line' id='line_1_58' title="bbox 886 2589 1648 2632; baseline 0 -11"><span class='ocrx_word' id='word_1_428' title='bbox 886 2590 1058 2628; x_wconf 62' lang='lat' dir='ltr'>consulem</span> <span class='ocrx_word' id='word_1_429' title='bbox 1074 2591 1211 2621; x_wconf 85' lang='lat' dir='ltr'>debebat</span> <span class='ocrx_word' id='word_1_430' title='bbox 1220 2589 1324 2632; x_wconf 70' lang='lat' dir='ltr'>potius</span> <span class='ocrx_word' id='word_1_431' title='bbox 1335 2589 1467 2621; x_wconf 83' lang='lat' dir='ltr'>ambisse</span> <span class='ocrx_word' id='word_1_432' title='bbox 1484 2595 1648 2631; x_wconf 86' lang='lat' dir='ltr'>praeturam</span> 
     </span>
     <span class='ocr_line' id='line_1_59' title="bbox 887 2633 1202 2674; baseline 0 -11"><span class='ocrx_word' id='word_1_433' title='bbox 887 2634 980 2674; x_wconf 66' lang='lat' dir='ltr'>quam</span> <span class='ocrx_word' id='word_1_434' title='bbox 996 2633 1202 2666; x_wconf 82' lang='lat' dir='ltr'>consulatum.</span> 
     </span>
    </p>

    <p class='ocr_par' dir='ltr' id='par_1_20' title="bbox 887 2675 1650 2803">
     <span class='ocr_line' id='line_1_60' title="bbox 930 2675 1650 2717; baseline -0.001 -11"><span class='ocrx_word' id='word_1_435' title='bbox 930 2676 979 2706; x_wconf 90' lang='lat' dir='ltr'>Ib.</span> <span class='ocrx_word' id='word_1_436' title='bbox 1002 2675 1041 2706; x_wconf 79' lang='grc' dir='ltr'>Ιη</span> <span class='ocrx_word' id='word_1_437' title='bbox 1064 2677 1278 2717; x_wconf 75' lang='lat' dir='ltr'>quadrigarum</span> <span class='ocrx_word' id='word_1_438' title='bbox 1303 2675 1512 2717; x_wconf 65' lang='lat' dir='ltr'>curriculum]</span> <span class='ocrx_word' id='word_1_439' title='bbox 1558 2675 1650 2707; x_wconf 86' lang='lat' dir='ltr'>Allu-</span> 
     </span>
     <span class='ocr_line' id='line_1_61' title="bbox 887 2718 1648 2761; baseline 0.004 -13"><span class='ocrx_word' id='word_1_440' title='bbox 887 2718 933 2749; x_wconf 83' lang='lat' dir='ltr'>dit</span> <span class='ocrx_word' id='word_1_441' title='bbox 945 2719 985 2749; x_wconf 90' lang='lat' dir='ltr'>ad</span> <span class='ocrx_word' id='word_1_442' title='bbox 1003 2719 1206 2760; x_wconf 83' lang='lat' dir='ltr'>Olympicum</span> <span class='ocrx_word' id='word_1_443' title='bbox 1229 2720 1377 2757; x_wconf 79' lang='lat' dir='ltr'>stadium,</span> <span class='ocrx_word' id='word_1_444' title='bbox 1392 2719 1445 2751; x_wconf 85' lang='lat' dir='ltr'>ubi</span> <span class='ocrx_word' id='word_1_445' title='bbox 1469 2720 1509 2751; x_wconf 85' lang='lat' dir='ltr'>de</span> <span class='ocrx_word' id='word_1_446' title='bbox 1521 2718 1648 2761; x_wconf 82' lang='lat' dir='ltr'>quadri-</span> 
     </span>
     <span class='ocr_line' id='line_1_62' title="bbox 888 2763 1365 2803; baseline 0.006 -10"><span class='ocrx_word' id='word_1_447' title='bbox 888 2771 994 2803; x_wconf 82' lang='lat' dir='ltr'>garum</span> <span class='ocrx_word' id='word_1_448' title='bbox 1004 2763 1166 2796; x_wconf 76' lang='lat' dir='ltr'>celeritate</span> <span class='ocrx_word' id='word_1_449' title='bbox 1178 2765 1365 2797; x_wconf 82' lang='lat' dir='ltr'>certabatur.</span> 
     </span>
    </p>
   </div>
  </div>
 </body>
</html>
