1790 3090
87 217 143 258 78

781 214 872 246 PRO
897 214 1106 249 RABIRIO.

88 291 142 331 65
161 292 209 353 (q
212 285 298 332 uod
320 289 395 332 abs
417 295 460 332 te
474 289 712 346 saepissime
730 290 916 345 dicitur),
932 306 1019 334 11011
1042 304 1136 332 eam
1158 289 1210 332 C.
1225 289 1442 340 Rabirius,
1463 290 1540 333 sed
1557 292 1608 333 C.
1626 291 1721 333 Ma-

161 347 265 398 rius,
282 347 426 388 dedit·
417 347 664 418 ,idemque
662 347 851 400 violavit,
873 348 909 389 si
925 348 970 390 in
992 348 1076 389 fide
1098 362 1183 388 non
1205 348 1338 390 stetit.
1377 348 1485 396 Quae
1506 348 1629 400 fides,
1643 349 1721 390 La-

159 403 301 455 biene,
323 404 397 466 qui
418 403 557 473 potuit
577 402 669 445 sme
691 405 882 446 senatus-
885 406 1085 447 consulto
1107 404 1225 445 dari?
1256 403 1437 446 adeo-ne
1468 404 1627 468 hospes
1642 405 1720 445 hu-

153 460 280 515 jusce
303 460 435 511 urbis,
457 459 582 501 adeb—
566 475 638 501 -ne
660 461 831 516 ignarus
865 476 911 503 es
932 461 1173 523 disciplinae
1189 461 1599 524 consuetudinisque
1621 475 1721 502 nos-

159 523 247 567 trae,
280 524 327 557 ut
347 517 440 558 haee
460 517 651 558 nescias?
684 524 730 557 ut
751 517 1006 573 pelegrinarl
1028 533 1071 557 1n
1091 517 1228 557 aliena
1248 518 1436 569 civitate,
1471 533 1559 559 non
1578 533 1623 558 111
1643 517 1720 558 tua

85 573 141 615 70
160 572 503 628 magistratumU
478 588 637 624 verere,
654 573 850 614 videare.
837 574 854 600 ²
885 573 1030 621 Quid
1014 587 1106 627 Jam
1126 572 1274 615 istaC.
1293 574 1447 625 Mario,
1469 574 1623 630 inquit,
1643 588 1721 614 no-

159 644 254 670 cere
271 637 464 685 possunt,
486 629 689 685 quoniam
704 644 832 670 sensu
852 636 896 671 et
914 628 1004 670 vita
1021 629 1164 670 earet?
1196 629 1333 670 Ita-ne
1353 630 1477 671 verb.
1464 631 1480 659 7
1510 630 1685 672 Tantis
1677 645 1721 671 111

157 686 377 727 laboribus
393 685 444 727 C.
465 685 645 737 Marius,
670 686 970 742 periculisque,
991 684 1183 736 vixisset,
1200 685 1236 725 si
1252 685 1359 726 nihil
1375 687 1562 742 lonoius‚
1585 703 1659 743 qu·
1648 686 1718 727 21111

158 742 257 782 vitae
278 742 445 783 termini
465 743 757 798 postulabant,
780 758 855 799 spe
872 750 1001 799 atque
1023 742 1166 783 animo
1188 742 1241 782 de
1264 756 1308 782 se
1327 749 1370 783 et
1389 743 1525 798 gloria
1547 759 1608 784 su·
1601 745 1627 784 a
1648 758 1720 784 co-

159 798 237 853 git·
229 798 371 840 isset?
423 800 496 850 At,
510 800 676 851 (credo)
699 815 796 840 cum
814 798 1146 840 innumerabiles
1165 798 1357 839 hostium
1372 813 1518 869 coplas
1538 800 1582 839 in
1595 799 1720 840 Ital'ia

157 912 361 952 mor'itura
391 912 689 953 arbitrzabatur

85 858 139 897 75
158 855 354 905 fudisset,
363 862 490 911 atque
500 855 723 896 obsidione
733 856 947 912 Rempub.
956 855 1196 903 liberasset,
1214 855 1361 896 omnia
1374 870 1434 895 su
1427 856 1453 896 ξι
1470 870 1617 897 secum
1631 870 1717 896 una

749 913 848 953 Non
870 919 937 953 est
956 912 1031 963 ita,
1064 911 1279 962 Quirites3
1311 927 1451 968 neque
1486 912 1717 975 quisquam

154 974 348 1008 nostrum
382 969 426 1008 in
447 968 849 1030 Reipub.pe1iculis
866 984 965 1010 cum
985 969 1110 1009 laude
1128 983 1179 1009 ac
1199 969 1354 1010 virtute
1376 976 1582 1020 versatur,
1613 982 1719 1024 quin

155 1029 171 1052 g
185 1038 260 1079 spe
277 1023 541 1079 posteritatis
562 1026 789 1081 fructuque
814 1026 1005 1067 dueatur.

1068 1025 1234 1088 Itaque,
1264 1040 1362 1066 cum
1383 1025 1528 1066 multis
1549 1026 1642 1066 aliis
1664 1025 1718 1066 de

155 1080 313 1131 causis,
343 1095 528 1121 Virorum
560 1081 771 1122 bonorum
806 1090 973 1122 mentes
1008 1081 1164 1122 divinae
1184 1081 1288 1122 mihi
1315 1089 1444 1137 atque
1471 1088 1639 1123 aet‘einae
1660 1081 1718 1122 vi-

81 1139 135 1180 80
156 1136 309 1177 dentur
329 1151 437 1199 esse,
477 1143 568 1177 tum
589 1137 773 1178 maxime
794 1137 910 1193 quod
941 1138 1092 1193 optimi
1114 1144 1157 1178 et
1177 1137 1486 1200 sapientissimi
1508 1139 1717 1193 cujusque

153 1193 319 1233 animus
339 1193 399 1233 ita
416 1193 636 1248 praesentit
655 1194 698 1233 in
719 1201 951 1248 posterum,
972 1200 1020 1234 ut
1045 1193 1134 1234 nihi
1138 1193 1151 1232 l
1173 1193 1252 1233 nisi
1271 1193 1576 1248 sempiternum
1597 1208 1720 1250 spec-

152 1256 242 1290 tale
264 1250 471 1290 videatur.

531 1250 803 1312 Quapropter
828 1250 1030 1312 equidem
1066 1255 1109 1290 et
1149 1248 1200 1290 C.
1223 1249 1367 1298 Marii,
1401 1256 1445 1291 et
1465 1257 1716 1292 caeterorum

149 1306 336 1346 virorum
364 1305 792 1361 sapientissimorum,
814 1321 864 1347 ac
884 1305 1216 1347 fortissimorum
1237 1306 1394 1347 civium
1414 1315 1595 1358 mentes,
1623 1322 1719 1362 quae

150 1361 256 1402 mihi
276 1362 475 1403 videntur
502 1376 554 1402 ex
577 1362 798 1404 hominum
820 1361 908 1404 vita
943 1363 998 1404 ad
1028 1363 1204 1404 deorum
1226 1362 1509 1418 ¹¹1eligionem
1531 1370 1574 1404 et
1594 1378 1719 1405 sanc-

77 1423 130 1464 85
151 1418 373 1460 timoniam
396 1418 539 1459 demio
511 1433 674 1473 rasse,
687 1425 836 1470 testor
855 1434 937 1470 me,
955 1434 1030 1475 pro
1047 1419 1215 1461 illorum
1229 1419 1360 1470 fama,
1383 1419 1534 1476 Qloria,
1555 1434 1719 1462 memo-

149 1475 199 1516 ri
187 1491 226 1526 1,
249 1490 334 1516 11011
353 1490 477 1517 secus
499 1490 550 1516 ae
572 1489 647 1531 pio
670 1476 819 1531 patriis
840 1476 951 1517 fanis
974 1483 1103 1531 atque
1132 1476 1335 1524 delubris,
1356 1477 1718 1532 propugnandum

147 1538 324 1599 putare:
357 1547 422 1583 ac,
455 1532 490 1572 si
511 1547 587 1587 pio
605 1532 774 1573 illorum
796 1533 921 1573 laude
945 1532 1049 1573 mihi
1071 1547 1186 1573 arma
1205 1532 1417 1587 capienda
1437 1539 1596 1584 essent,
1627 1547 1716 1574 non

145 1603 287 1629 minus
312 1587 483 1629 strenue
506 1603 719 1643 caperem,
741 1604 874 1643 quam
895 1588 957 1629 illi
988 1603 1065 1644 pio
1087 1603 1303 1629 commum
1332 1589 1470 1630 salute
1492 1596 1712 1644 ceperunt

147 1643 336 1696 Etenim,
359 1644 564 1695 QuiriteS,
581 1659 784 1700 exiguum
818 1645 945 1686 nobis
975 1646 1072 1686 vitae
1092 1644 1350 1686 curriculum
1369 1652 1520 1686 natura
1536 1660 1715 1687 eircum-

71 1707 128 1748 90
147 1701 334 1757 scripsit,
355 1701 610 1742 immensum
633 1701 793 1757 gloriae.
839 1701 997 1752 Quare,
1015 1701 1050 1742 si
1072 1716 1160 1752 eos,
1183 1701 1256 1764 qui
1271 1702 1363 1757 jam
1384 1702 1438 1742 de
1458 1701 1549 1743 vita
1567 1702 1714 1744 deces-

147 1763 306 1810 serunt,
338 1757 637 1809 ¹ornabimus3
662 1758 891 1814 justiorem
924 1758 1050 1799 nobis
1090 1760 1240 1800 mortis
1261 1757 1557 1799 conditionem
1592 1759 1714 1801 relin-

144 1829 341 1878 quelssUS.

402 1814 504 1864 Sed,
527 1814 563 1855 si
599 1814 712 1863 illos,
736 1815 936 1863 Labiene,
957 1829 1068 1871 quos
1083 1816 1176 1871 jam
1197 1814 1339 1856 videie
1360 1829 1447 1856 non
1465 1829 1710 1871 possumus,

143 1871 354 1928 neoligis·
345 1903 355 1922 ,
388 1885 441 1913 ne
459 1846 525 1911 his
546 1871 736 1934 quidem,
754 1887 863 1927 quos
884 1872 1019 1935 vides,
1037 1871 1203 1913 consuli
1223 1877 1349 1925 putas
1372 1872 1595 1927 oportele‘?
1627 1872 1712 1914 Ne-

143 1943 303 1969 minem
321 1943 415 1969 esse
433 1927 547 1978 dico,
569 1942 622 1968 ex
644 1943 695 1969 us
712 1929 910 1970 omnibus
928 1928 1003 1984 qui
1024 1928 1099 1969 illo
1117 1928 1185 1969 die
1207 1927 1358 1969 Romae
1375 1928 1546 1980 fuerint,
1578 1944 1708 1985 quem

144 2081 386 2130 {tangatur
407 2090 536 2117 sensu
553 2080 695 2130 poste}
701 2078 830 2119 itatis.

71 1994 125 2033 95
145 1991 192 2026 tu
213 1984 328 2026 diem
359 1985 403 2026 111
434 1984 649 2041 judicium
670 2000 818 2038 vocas,
844 1986 1069 2042 pubesque
1094 1991 1185 2026 tum
1206 1984 1347 2036 suerit,
1378 1984 1483 2040 quin
1503 1999 1619 2027 arina
1641 2001 1711 2027 ce-

932 2077 1176 2116 'accessi-5⁸38
1197 2076 1254 2115 (ld
1273 2089 1505 2116 numerum
1525 2076 1623 2118 deor
1628 2091 1712 2118 um.

772 2132 778 2155 ⁵
795 2134 1083 2173 laudabimus.

187 2213 239 2242 67.
273 2211 341 2243 Sim}
369 2211 629 2243 senatus-consulto
654 2210 746 2250 duri]
794 2210 907 2251 Arguit

143 2255 300 2285 Labienus
324 2255 459 2285 Marium
495 2254 578 2295 quod
618 2255 713 2285 fidem
738 2255 906 2284 Saturnino

143 2299 248 2328 datam
263 2309 325 2328 non
339 2298 520 2328 servaverit.
568 2297 757 2338 Respondet
780 2297 904 2335 Cicero,

143 2341 301 2380 publicam
316 2352 379 2371 non
402 2342 510 2380 fuisse,
533 2351 592 2371 nec
618 2340 751 2371 valuisse
776 2341 840 2372 sine
857 2352 906 2371 se-

143 2383 232 2413 natus
246 2384 439 2414 auctoritate.

188 2429 240 2456 68.
287 2427 562 2466 Consuetudiuisque
587 2426 715 2467 nostroe]
762 2426 903 2457 Consue-

143 2469 220 2499 tudo
234 2480 296 2499 non
312 2470 427 2509 patitur
443 2470 535 2499 fidem
552 2469 709 2510 publicam
725 2469 827 2500 valere
837 2469 902 2499 sine

144 2511 267 2542 senatus
281 2513 474 2542 auctoritate.

187 2556 240 2584 70.
285 2554 497 2595 Magistratum
524 2555 651 2596 gerere]
696 2555 899 2585 Tribunatum

145 2597 246 2638 plebis
264 2597 471 2636 magistratum
487 2598 637 2638 appellat,
661 2608 754 2638 quem
778 2598 901 2628 Plutar-

143 2642 219 2670 chus
234 2651 296 2669 non
309 2640 403 2670 fuisse
416 2641 518 2675 tradit,
542 2641 614 2681 quia
625 2640 751 2670 tribunis
764 2640 900 2681 ejusmo-

145 2684 177 2712 di
192 2683 277 2713 uulla
292 2690 379 2712 erant
390 2683 522 2723 insignia
536 2683 707 2723 dignitatis.

186 2728 239 2756 74.
263 2725 513 2766 Innumerabiles]
570 2726 682 2755 Refert
722 2726 902 2767 Eutropius,

142 2769 197 2798 lib.
214 2770 244 2799 5.
261 2774 400 2799 trecenta
426 2768 633 2810 quadraginta
648 2767 744 2798 millia
760 2769 902 2800 Cimbro-

142 2822 221 2847 rum,
257 2811 446 2850 Teutonum,
469 2817 501 2844 et
524 2811 728 2850 Ambronum,
751 2813 903 2846 occidisse

141 2854 292 2887 Marium.

994 2212 1046 2241 81.
1062 2209 1244 2251 Praesentia]
1291 2210 1485 2242 Posteritatis
1501 2211 1708 2252 praesensione

949 2258 980 2284 et
996 2263 1052 2294 spe
1071 2253 1193 2284 ducitur
1207 2254 1337 2287 animus.

993 2298 1046 2327 84.
1093 2296 1141 2326 Ad
1170 2297 1236 2327 deor
1240 2307 1288 2327 um
1316 2298 1491 2338 religionem.
1496 2297 1510 2339 ]
1557 2297 1712 2328 colebant

950 2339 1088 2370 Romani
1111 2350 1174 2369 non
1201 2339 1301 2370 solum
1323 2341 1400 2371 deos
1415 2341 1471 2382 qui
1486 2340 1604 2371 cmlites
1620 2341 1707 2370 dice-

947 2383 1070 2419 bantur,
1092 2393 1199 2413 verum
1222 2383 1315 2413 etiam
1346 2394 1399 2414 eos
1435 2394 1512 2423 quos
1542 2383 1638 2413 virtus
1666 2384 1705 2414 ad

946 2426 1057 2456 coelum
1074 2426 1234 2456 extuleiat.
1279 2426 1374 2456 Unde
1390 2426 1554 2457 aitCicero
1569 2426 1694 2456 omniun
1697 2438 1706 2456 1

947 2468 1064 2499 animos
1090 2468 1278 2498 immortales
1294 2479 1373 2505 esse,
1396 2470 1452 2499 sed
1468 2469 1593 2500 fortium
1609 2469 1706 2500 bono-

946 2521 1075 2552 rumque
1091 2511 1222 2541 divinos.

988 2556 1041 2586 91.
1066 2553 1172 2584 Mortis
1195 2555 1412 2596 conditionem]
1471 2554 1655 2591 Contendit,
1679 2555 1706 2585 si

943 2596 962 2626 a
978 2597 1064 2626 nobis
1081 2597 1159 2626 vivis
1174 2597 1371 2628 celebrentur
1383 2598 1404 2627 ii
1419 2598 1472 2637 qui
1487 2598 1602 2638 priores
1613 2598 1704 2628 nobis

944 2639 1055 2669 mortui
1067 2645 1150 2678 sunt,
1174 2639 1271 2680 quud,
1294 2645 1327 2671 et
1350 2640 1402 2681 qui
1419 2641 1523 2670 vivent
1540 2647 1610 2680 post
1623 2651 1705 2670 mor-

943 2687 1005 2712 tem
1018 2688 1165 2718 nostram,
1188 2693 1244 2713 nos
1268 2684 1363 2713 etiam
1378 2683 1543 2713 honoribus
1559 2693 1705 2724 prosecu-

946 2725 1006 2756 turi
1019 2726 1095 2763 sint;
1121 2724 1209 2755 secus
1240 2731 1354 2763 autem,
1385 2727 1411 2756 si
1427 2736 1531 2757 corum
1548 2726 1704 2757 ruemoriae

946 2768 1089 2809 injuriam
1103 2769 1247 2798 facimus.

990 2813 1042 2842 95.
1065 2810 1179 2850 Pubes]
1229 2811 1366 2848 Quando
1381 2811 1441 2843 hoc
1455 2812 1583 2844 verbum
1604 2813 1704 2852 pubes,

946 2854 1134 2889 substantive
1158 2855 1299 2895 sumitur,
1323 2855 1478 2899 significat
1502 2856 1628 2899 proprie
1659 2855 1706 2886 la-
