1790 3090
50 168 136 214 264
785 172 836 205 IN
862 171 1077 205 msoNEM.

157 259 251 288 rum
272 246 481 288 scelerum
502 245 668 287 socium
689 252 747 310 te,
768 247 1093 311 adjutoremque
1113 247 1336 310 praeberes.
1398 247 1580 304 Itaque
1571 263 1614 290 m
1633 249 1707 291 illo

157 303 343 344 tumultu
379 303 503 344 fiacti
541 302 697 353 fasces,
732 303 842 346 ictus
874 320 992 361 lpse:
1023 303 1218 360 quotidie
1249 305 1349 355 tela,
1370 304 1551 360 lapides,
1574 305 1710 360 fugae:

158 359 448 422 deprehensus
489 358 675 414 denique
707 374 806 401 cum
838 361 948 402 ferro
984 362 1038 402 ad
1073 367 1270 402 senatum
1301 361 1353 412 is,
1376 376 1517 417 quem,
1539 361 1594 402 ad
1629 361 1710 403 Cn.

159 416 414 472 Pompeium
434 415 775 467 interimendum,
797 418 1055 458 collocatum
1085 417 1216 458 fuisse
1238 419 1478 459 constabat.
1537 417 1595 458 Et
1614 418 1710 474 quis

85 474 142 515 95
160 473 337 523 audivit,
355 487 441 513 non
463 473 591 513 modo
611 474 824 513 actionem
853 474 1041 529 aliquam
1075 480 1149 514 aut
1179 474 1444 526 relationem.
1465 474 1542 515 sed
1561 488 1712 515 vocem

160 528 347 580 omnino,
367 536 441 570 aut
460 530 676 592 querelam
696 536 838 570 tuam
826 530 841 559 7
903 530 1135 571 Consulem
1157 536 1203 571 tu
1225 537 1267 570 te
1284 530 1414 571 fuisse
1434 538 1574 598 putas,
1589 531 1711 585 cujus

158 586 203 626 in
225 585 420 641 imperio,
442 600 515 641 qui
536 586 845 641 rempublicam
867 586 1037 627 senatus
1061 586 1315 627 auctoritate
1336 588 1540 638 servarat,
1561 587 1713 641 [idem-

161 657 246 705 que
264 642 307 682 in
329 642 489 696 Italia‚]
518 657 591 704 qui
614 657 760 683 omnes
794 642 981 684 omnium
1011 643 1212 710 gentium
1247 649 1390 698 partes
1410 643 1545 684 tribus
1567 643 1714 684 trium-

160 698 259 754 phis
279 699 541 750 devinxeiQat
561 714 595 739 is
617 714 662 739 se
685 700 727 739 in
748 699 922 769 publico
939 699 1022 739 tut?
1023 716 1032 738 ›
1053 699 1205 740 statuit
1225 714 1320 740 esse
1347 714 1433 740 non
1457 700 1611 754 posse?
1643 702 1714 742 An

62 755 144 797 100
161 762 252 797 tum
272 755 399 796 eratis
418 756 633 806 consules,
654 770 766 806 011111,
787 771 1060 812 quacumque
1082 757 1134 797 de
1155 771 1200 797 re
1219 756 1392 796 verbum
1412 755 1551 797 facere
1573 771 1716 811 coepe-

161 811 281 864 ratis,
299 820 373 853 aut
393 812 544 853 referre
565 812 620 852 ad
641 820 854 863 senatum,
875 823 1056 853 cunctus
1090 812 1193 853 oldo
1224 812 1500 863 imeclaiuabat
1520 812 1717 853 ostende-

161 869 339 924 batque,
359 868 466 909 nihil
485 883 579 909 esse
601 883 675 909 vos
697 877 884 920 actuios,
907 868 990 909 nisi
1012 868 1127 924 plius
1148 869 1200 909 de
1219 883 1283 909 me
1304 868 1589 910 retulissetis?
1620 883 1717 910 cum

162 939 256 975 VOS,
277 939 540 980 quamquam
574 925 735 966 foedere
762 925 958 966 obstiicti
986 925 1261 987 tenebamini,
1290 933 1432 966 tamen
1454 940 1610 981 cupere
1638 939 1716 966 vos

164 980 469 1031 d1eeret1s‚s‹2d
490 981 585 1042 lege
605 981 831 1036 impediri?
864 982 972 1028 Quae
994 982 1063 1021 lex
1080 981 1252 1035 piivatis
1275 982 1520 1023 hominibus
1537 996 1631 1023 esse
1647 982 1716 1023 lex

65 1039 145 1080 105
163 1051 250 1078 non
270 1036 511 1086 videbatur,
529 1038 673 1078 inusta
693 1051 768 1092 per
788 1051 947 1086 servos,
969 1037 1107 1077 incisa
1128 1052 1202 1091 per
1221 1052 1320 1088 vim,
1341 1038 1545 1093 imposita
1563 1053 1638 1093 per
1657 1038 1717 1078 la-

162 1092 407 1143 trocinium,
428 1093 598 1134 sublato
633 1101 799 1143 senatu,
820 1093 955 1147 pulsis
976 1092 999 1132 c
1027 1093 1119 1133 folo
1149 1093 1288 1141 bonis,
1324 1094 1453 1148 capta
1485 1094 1717 1148 republica,

164 1158 315 1191 contra
335 1163 483 1191 omnes
506 1150 575 1190 leo
549 1165 638 1205 Oes,
659 1150 777 1190 nullo
798 1149 957 1205 scriuta
976 1163 1117 1199 more3
1149 1149 1261 1190 hanc
1282 1164 1353 1205 qui
1377 1164 1422 1189 se
1445 1156 1633 1191 metueie
1654 1150 1718 1190 di-

164 1213 322 1257 cerent,
345 1206 559 1257 consules,
580 1221 666 1246 non
687 1206 828 1247 dicam
851 1205 981 1246 animi
1018 1181 1251 1256 honiinum,
1274 1206 1349 1246 sed
1371 1205 1470 1246 fasti
1494 1205 1583 1256 ulli,
1611 1206 1716 1247 ferre

162 1270 370 1319 possunt.
364 1264 373 1291 Ρ
406 1263 532 1314 Nam,
549 1263 584 1303 si
599 1263 715 1303 illam
731 1263 871 1318 legem
884 1277 970 1303 non
987 1262 1216 1324 putabatis,
1235 1277 1330 1317 quae
1343 1269 1433 1303 erat
1445 1265 1614 1313 (contra
1630 1277 1719 1303 om-

65 1322 146 1363 llO
164 1334 240 1361 nes
260 1320 398 1375 leges)
413 1319 646 1360 indemnati
664 1319 770 1360 civis
792 1326 918 1375 atque
937 1318 1089 1374 inteori
1106 1318 1260 1374 capitis
1277 1319 1572 1381 bonorumque
1588 1318 1720 1359 tribu-

163 1376 279 1417 nicia
318 1375 600 1432 proscriptio·
590 1407 604 1422 ‚
651 1376 736 1417 hac
776 1383 920 1417 tamen
960 1355 1155 1416 obstricti
1192 1374 1391 1430 pactione
1432 1375 1716 1416 tenebamini·
1707 1407 1718 1426 ‚

164 1432 261 1489 quis
293 1446 369 1473 vos
401 1447 488 1473 non
516 1432 644 1473 modo
667 1433 882 1482 consules,
916 1432 992 1473 sed
1025 1432 1197 1482 liberos,
1219 1431 1351 1472 fuisse
1383 1438 1519 1486 putet,
1540 1445 1720 1486 quorum

162 1503 282 1530 mens
296 1489 425 1530 fuerit
440 1504 644 1545 opplessa
659 1489 846 1545 praemio,
863 1489 954 1544 lmo
957 1503 1012 1529 ua
1028 1487 1234 1528 adstricta
1254 1488 1479 1529 mercede?
1512 1487 1589 1528 Sin
1601 1488 1720 1528 illam

162 1560 240 1586 vos
262 1546 342 1586 soli
364 1546 505 1601 legem
525 1546 762 1601 putabatis,
784 1560 1011 1608 qnisquam
1032 1558 1109 1585 vos
1130 1545 1331 1585 consules
1352 1550 1454 1584 tunc
1474 1543 1624 1595 fuisse,
1645 1550 1721 1585 aut

65 1605 147 1647 115
163 1615 279 1642 nunc
300 1616 394 1643 esse
416 1603 677 1654 consulares,
693 1609 830 1658 putet,
844 1616 917 1657 qm
934 1616 1025 1664 ejus
1042 1600 1244 1653 civitatis,
1256 1600 1300 1641 in
1317 1600 1404 1656 qua
1417 1600 1476 1640 in.
1474 1600 1721 1664 principum

164 1673 341 1699 numelo
363 1658 490 1701 vultis
513 1674 623 1711 esse,
646 1673 733 1700 non
753 1659 886 1713 leges,
908 1672 995 1699 non
1014 1657 1225 1707 instituta,
1247 1671 1333 1699 non
1355 1670 1506 1708 moreS‚
1523 1672 1609 1699 non
1624 1657 1722 1714 jura

163 1714 345 1756 ubuus?

208 1920 260 1950 92.
283 1918 386 1949 Frocti
397 1918 522 1960 fusca]
569 1920 653 1951 Vide
683 1919 837 1962 superius,
860 1926 925 1951 not.
1014 1923 1086 1951 107.
1112 1919 1204 1950 Nullo
1216 1921 1323 1960 sco-ipra
1342 1919 1445 1960 mora]
1489 1919 1588 1950 Moris
1609 1923 1675 1949 erat
1690 1924 1724 1949 ut

164 1963 204 1992 ad
222 1962 243 1992 l.
258 1964 310 1993 80.
970 1962 1030 1998 lex,
1059 1974 1151 2003 quarn
1174 1963 1246 1993 ferri
1272 1963 1420 1994 volebant
1442 1963 1568 1997 tribuni,
1591 1972 1645 2002 pei·
1671 1962 1722 1991 tri-

208 2004 258 2035 Ib.
282 2004 364 2034 Ictus
377 2004 462 2044 ipsa]
509 2004 673 2037 Gabinius.
969 2006 1139 2035 nundinum
1156 2006 1269 2045 scripta
1282 2006 1398 2046 populo
1412 2010 1643 2045 proponeretur.

209 2048 265 2078 93.
307 2047 506 2087 Deprehensi&
541 2057 605 2077 cum
637 2048 752 2089 ferra]
811 2049 925 2078 Servus
1014 2051 1087 2079 110.
1111 2047 1225 2088 Integri
1237 2048 1366 2088 capitis]
1410 2047 1569 2088 Integrum
1584 2052 1679 2087 caput
1693 2047 1725 2076 in

167 2089 275 2120 Clodii
291 2090 330 2119 ad
345 2090 593 2120 interficiendum
619 2090 816 2131 Pompeium.
964 2090 1034 2131 jure
1059 2091 1182 2126 dicitur,
1205 2091 1289 2131 quod
1307 2091 1493 2120 diminutum
1509 2101 1570 2120 11011
1587 2095 1653 2126 est3
1679 2088 1726 2119 di-

211 2135 263 2164 98.
322 2132 426 2163 Omnes
472 2134 598 2162 omnium
635 2136 766 2174 gentium
801 2134 926 2174 pao-tes]
970 2134 1105 2163 minutus
1130 2139 1232 2163 autem
1249 2134 1317 2172 quis
1333 2133 1435 2174 capite
1451 2133 1576 2169 dicitur,
1590 2131 1661 2163 (πὶ-111
1676 2140 1723 2162 στ-

170 2175 340 2216 Pompeius
368 2176 396 2205 l.
413 2186 449 2205 ex
472 2175 590 2212 Africa,
617 2179 649 2206 Ξ.
674 2187 711 2207 ex
735 2177 872 2217 Europa,
897 2178 929 2207 3.
972 2177 1045 2206 dine
1062 2186 1096 2206 ac
1119 2176 1189 2217 jure
1215 2176 1273 2205 sibi
1297 2176 1423 2216 propiio
1449 2180 1601 2211 movetur,
1615 2174 1647 2205 in
1663 2178 1725 2216 quo

168 2229 205 2248 ex
225 2217 311 2254 Asia,
326 2218 541 2259 triumphavit.
573 2219 657 2249 Vide
671 2219 819 2256 Plinium,
833 2220 884 2249 lib.
897 2222 926 2249 8.
971 2224 1077 2260 caput,
1093 2219 1157 2249 sive
1173 2229 1344 2254 numerum,
1361 2219 1534 2248 obtinebat.

167 2263 304 2301 cap.16.
1016 2266 1090 2292 111.
1123 2262 1258 2291 Obstricti
1291 2261 1448 2301 pactione]
1502 2259 1725 2291 Macedoniffin

213 2303 287 2333 103.
311 2300 427 2333 Faedere
439 2304 514 2334 obstr
517 2306 575 2334 icti.
572 2305 593 2345 ]
640 2304 767 2334 Privata
782 2304 927 2345 pactione
972 2305 1163 2346 provinciam
1175 2303 1293 2339 Pisoni,
1303 2303 1425 2345 Syriam
1439 2303 1586 2340 Gabinio,
1597 2303 1726 2334 Clodius

168 2346 354 2376 tenebantur
378 2344 517 2376 obstricti
534 2347 676 2377 consules
693 2347 807 2378 Cled'io
822 2348 927 2378 favere
973 2347 1168 2388 promiserat,
1185 2347 1209 2378 si
1227 2347 1338 2378 Cicero
1351 2346 1522 2387 ejiceretur.

168 2399 223 2429 pro
241 2389 394 2419 Cicerone
411 2389 580 2429 ejiciendo.
