1790 3090
74 179 160 221 450

767 175 1032 209 PHILIPPICA
1063 174 1109 205 ΙΙ.

73 250 131 291 45
147 253 323 311 quidem
356 253 576 312 pecuniae3
609 253 684 294 sed
715 258 859 294 tamen
878 253 934 309 (si
965 253 1032 303 iis,
1056 264 1238 315 quorum
1268 256 1374 303 erat,
1404 262 1491 293 11011
1521 252 1717 296 reddere-

146 315 234 363 tur)
255 327 352 368 quae
383 325 461 351 nos
494 309 520 350 a
551 309 724 350 tributis
756 317 906 365 posset
925 308 1156 350 vindicare.
1215 308 1280 350 Tu
1301 315 1444 350 autem
1476 308 1594 351 H.S.
1616 325 1717 365 qua-

148 367 430 424 dringentieS,
452 367 570 422 quod
604 366 753 407 Idibus
794 366 965 407 Martiis
998 365 1201 415 debuisti,
1234 380 1421 421 quonam
1450 364 1579 407 modo
1619 372 1717 407 ante

149 424 361 465 Calendas
385 422 547 478 Aprilis
575 422 730 464 debere
752 422 924 464 desisti?
978 421 1114 476 [Quid
1136 436 1217 478 ego
1239 423 1292 463 de
1313 421 1628 464 commentariis
1658 421 1720 462 in-

145 480 296 531 finitis,
318 479 423 535 quid
454 479 507 520 de
539 479 924 521 innumerabilibus
947 478 1243 541 chirographis
1275 479 1467 535 loquar?]
1530 478 1640 519 Sunt
1669 493 1719 520 ea

67 534 126 574 50
143 536 319 593 quidem
340 536 681 587 innumerabilia,
704 551 800 592 quae
833 535 858 576 a
889 536 1070 576 diversrs
1093 535 1359 586 emebantur,
1382 536 1488 577 fnon.
1509 535 1719 577 insciente

141 600 209 634 te:
242 593 319 635 sed
342 608 472 634 unum
495 593 717 649 egregium
747 593 801 634 de
832 607 931 648 rege
965 591 1187 644 Deiotaro,
1208 592 1368 647 populo
1391 591 1590 633 Romano
1613 591 1719 633 ami-

142 650 332 701 cissimo,
355 650 577 691 decretum
597 651 641 690 111
664 649 880 705 Capitolio
903 650 1060 700 fixum3
1092 663 1177 704 quo
1199 648 1436 711 proposito,
1460 663 1588 690 nemo
1610 654 1716 700 erat,

141 706 214 763 qui
236 707 280 748 in
300 707 398 762 ipso
417 707 564 748 dolore
582 706 712 747 risum
730 711 878 761 posset
895 705 1129 747 continere.

1162 706 1270 753 Quis
1288 719 1399 746 0111111
1418 705 1618 761 cuiquam
1639 704 1717 746 ini-

138 778 306 815 11110101,
328 762 460 819 quam
484 763 691 804 Deiotaro
716 763 889 804 Caesar?
921 760 1043 818 aeque
1065 768 1195 817 atque
1216 761 1318 802 huic
1337 761 1491 814 ordini,
1507 769 1554 802 ut
1567 776 1716 818 eques-

63 819 119 859 55
139 820 205 871 tri,
238 827 286 861 ut
317 819 680 871 Massiliensibus,
714 827 761 861 ut
792 819 1008 869 omnibus,
1035 818 1195 874 quibus
1228 818 1537 874 rempublicam
1567 818 1715 874 populi

138 876 324 917 Romani
347 891 489 916 caram
510 891 604 917 esse
627 877 852 917 sentiebat.
886 876 1037 931 Igitur,
1057 874 1083 915 a
1105 890 1190 930 quo
1211 876 1306 916 vivo
1328 890 1407 916 1100
1429 890 1614 931 praesens
1633 889 1715 916 nec

137 934 293 973 absens
315 946 387 972 rex
409 933 641 973 Deiotarus
664 933 898 988 quidquam
919 931 1028 995 aequi
1050 932 1440 987 boni-impetravit,
1459 933 1573 988 apud
1603 946 1714 973 mor-

135 996 257 1044 tuum
279 989 417 1041 [Factus
440 995 506 1030 est
525 996 540 1019 g
549 988 778 1044 gratiosus.
811 977 1336 1042 Coinj'ifellzft'rsa't‘l'ibspitem
1353 1003 1566 1044 praesens3
1599 1003 1715 1029 com-

135 1044 334 1102 putaram
357 1045 584 1101 pecuniam
598 1044 850 1100 imperaram
870 1045 914 1084 in
932 1044 1023 1100 ejus
1040 1044 1313 1085 tetrarchiam
1330 1059 1462 1085 unum
1481 1059 1534 1086 ex
1551 1044 1713 1086 Graecis

62 1101 117 1142 60
136 1102 369 1145 comitibus
401 1102 487 1146 suis
518 1101 781 1159 collocaram
821 1100 1070 1143 Armeniam
1102 1101 1351 1153 abstulerat,
1392 1099 1418 1142 a
1458 1107 1609 1143 senatu
1640 1101 1712 1145 da-

521 1330 577 1372 fte
598 1332 777 1373 consero.

132 1580 257 1611 cuniam
274 1579 318 1610 ait
334 1590 401 1611 esse
416 1583 582 1616 funestam,
598 1579 672 1621 quia
687 1590 727 1609 ex
747 1578 901 1619 proscrip-

136 1623 220 1653 tione
245 1624 395 1654 bonorum
419 1624 550 1654 collecta
573 1629 649 1659 erat,
665 1623 720 1664 qui
744 1622 901 1664 Pompeio

135 1667 339 1698 adhaeserant.

178 1712 230 1739 46.
267 1710 337 1743 Quae
361 1720 410 1740 nos
435 1709 451 1738 ὰ
481 1709 626 1750 tributis]
672 1707 732 1739 Illa
755 1709 901 1750 pecunia,

134 1762 323 1793 quamquam
348 1752 462 1792 injuste
490 1752 622 1783 collecta
652 1757 747 1790 05501,
779 1757 901 1791 poterat

135 1800 242 1825 tamen
266 1795 402 1836 privatos
417 1795 501 1825 cives
525 1795 563 1825 ab
587 1795 647 1824 illis
672 1794 814 1834 pecuniis
837 1795 900 1824 exi-

135 1848 230 1874 mere,
247 1848 323 1878 quas
339 1838 455 1868 solvere
470 1843 621 1878 coguntur
636 1837 734 1877 Reip.

178 1880 229 1911 Ib.
256 1881 296 1910 H.
314 1880 345 1910 S.
360 1880 623 1921 quadringenties]
659 1879 697 1910 Id
715 1885 772 1916 est,
789 1879 902 1909 millio-

134 1933 206 1953 nem
219 1934 314 1954 unum
328 1924 393 1953 auri
410 1923 535 1954 Gallici.
724 1937 757 1963 s,
820 1950 834 1952 .,

178 1969 231 1998 48.
269 1966 377 1997 Debere
400 1965 524 2008 desiset]
581 1965 702 2001 Quaerit
729 1964 899 1996 commodo

134 2019 178 2039 aes
203 2009 380 2039 dissolverit
404 2009 560 2039 Antonius
583 2014 646 2038 tam
674 2007 786 2039 subito.
834 2007 900 2038 Iro-

132 2052 203 2083 nice
227 2052 375 2092 loquitur,
399 2051 473 2092 quia
497 2051 601 2081 reverti.
625 2061 687 2080 non
711 2050 763 2080 ille
789 2049 901 2079 dissol-

135 2100 234 2131 verat,
250 2095 303 2125 sed
323 2094 394 2136 jure
411 2095 548 2135 quodam
571 2094 735 2136 tyrannico
759 2093 817 2123 sibi
831 2093 898 2123 vin-

136 2138 308 2169 dicaverat.

178 2180 227 2213 lb.
252 2181 298 2211 De
330 2181 538 2211 commentariis
566 2178 713 2222 infinitis]
768 2179 822 2210 De
852 2179 899 2210 his

135 2222 254 2254 (1101001
272 2229 319 2254 051
334 2224 417 2254 Phil.
434 2225 456 2256 i.
474 2234 579 2263 parag.
592 2225 613 2254 i.
629 2223 649 2253 l.
667 2225 718 2252 19.

179 2269 233 2298 51.
264 2266 310 2297 De
338 2278 404 2308 rege
431 2266 594 2305 Deiotaro]
654 2265 823 2296 Deiotarus
849 2275 901 2296 rex

138 2309 364 2350 Gallograeciae,
379 2310 496 2340 amicus
514 2309 624 2350 populi
637 2308 787 2346 Romani,
802 2313 833 2338 01
849 2319 902 2339 rex

135 2351 293 2382 Armeniae
314 2353 439 2383 minoris
463 2353 482 2382 ῖι
504 2359 610 2382 senatu
629 2351 815 2392 appellatus,
831 2362 901 2382 curn

137 2394 290 2435 Pompeio
313 2395 372 2425 fuit
394 2396 425 2425 in
450 2395 516 2426 acie
542 2394 739 2432 Pharsalicfi5
763 2400 805 2430 at,
820 2394 901 2425 victo

138 2436 292 2478 Pompeio
321 2438 339 2467 ῐι
369 2438 503 2473 Caesare,
532 2438 565 2468 in
594 2447 722 2477 regnum
750 2448 838 2467 suum
869 2447 902 2467 se

137 2480 271 2520 recepit3
296 2479 445 2510 satisfecit
462 2480 587 2514 Caesari,
604 2481 642 2510 ad
663 2490 756 2520 quem
780 2479 901 2520 equites

137 2527 170 2552 et
190 2523 355 2563 pecuniam
381 2523 419 2552 ab
443 2524 554 2552 eodem
577 2522 700 2553 Caesare
717 2522 901 2561 imperatam

137 2565 236 2602 misit;
261 2576 353 2606 quem
368 2566 476 2603 etiam,
490 2566 528 2595 ad
546 2565 660 2595 bellum
677 2570 782 2596 contra
805 2564 901 2594 Plrar-

136 2618 247 2638 nacern
270 2607 525 2649 proficiscentem,
550 2608 582 2637 in
606 2607 734 2638 castello
751 2617 804 2636 suo
822 2607 902 2637 Luc-

137 2652 204 2681 ceio
220 2651 349 2691 recepit.
380 2650 412 2680 Is
428 2650 446 2681 a
462 2651 523 2680 suis
539 2656 711 2686 accusatus,
727 2650 815 2690 quasi
830 2650 898 2680 Cae-

138 2704 236 2723 sarem
261 2694 344 2734 apud
369 2703 401 2723 50
425 2693 630 2723 divertentem
653 2693 796 2723 occidere
812 2693 898 2723 volu-

136 2735 223 2773 isset,
243 2736 259 2765 31
278 2736 429 2767 Cicerone
454 2737 600 2766 defensus
623 2741 687 2766 est:
715 2736 768 2765 sed
793 2740 897 2766 tamen

136 2778 233 2809 altera
257 2779 470 2820 Gallograeciae
491 2784 576 2820 parte
604 2778 622 2808 εἴ
643 2778 765 2810 Caesare
786 2779 898 2809 multa-

135 2826 184 2854 tus
197 2826 255 2860 est,
264 2826 297 2853 01
307 2823 422 2861 ablata,
432 2823 505 2858 data
515 2822 545 2854 01
557 2822 575 2855 ὲ
586 2827 707 2860 senatu,
724 2821 873 2855 Armenia
884 2832 892 2854 z

1125 1335 1319 1383 ggratus.

946 1583 979 1609 at
993 1578 1158 1609 interfecto
1171 1578 1308 1614 Caesare‚
1320 1577 1473 1619 quidquid
1488 1577 1626 1609 ablatum
1642 1578 1713 1616 suit,

945 1622 975 1652 01
992 1623 1148 1652 redditum
1173 1627 1232 1655 est,
1278 1621 1396 1652 Verum
1416 1621 1574 1652 Antonius
1599 1621 1712 1662 legatis

944 1665 1024 1706 regis
1042 1671 1073 1695 et
1089 1665 1264 1706 hospitibus
1280 1664 1532 1695 dissuadentibus
1556 1664 1712 1705 pollicitus

947 1714 1004 1744 est,
1021 1708 1046 1738 si
1060 1714 1175 1738 certam
1193 1707 1332 1748 pecuniae
1347 1717 1496 1738 summam
1515 1707 1544 1737 ei
1561 1708 1713 1738 conferret

945 1751 1124 1787 Deiotarus,
1137 1751 1274 1781 edictum
1287 1761 1318 1780 se
1333 1750 1534 1791 prolaturum,
1546 1761 1608 1791 quo
1621 1761 1712 1791 erep-

945 1799 977 1824 ta
1001 1793 1018 1823 a
1046 1794 1168 1825 Caesare
1194 1793 1437 1829 restituerentur,
1463 1792 1552 1833 quasi
1577 1793 1654 1824 illud
1679 1794 1711 1824 in

945 1837 1171 1868 commentariis
1189 1836 1319 1867 Caesaris
1332 1835 1516 1868 invenisset.

987 1882 1041 1910 54.
1067 1879 1148 1909 Huic
1161 1879 1288 1919 ordint]
1334 1878 1508 1909 Senatorio.

988 1924 1042 1954 55.
1067 1921 1322 1962 Massiliensibus.]
1375 1920 1566 1952 Amicissimi
1583 1920 1709 1953 fuerunt

943 1975 1067 2005 semper
1082 1965 1200 2005 populo
1216 1965 1361 1995 Romano
1377 1964 1615 2001 Massilienses3
1631 1975 1709 2005 quos

944 2013 1060 2044 tamen,
1076 2018 1131 2048 per
1147 2008 1266 2047 legatos
1281 2007 1323 2037 D.
1341 2007 1473 2037 Brutum
1489 2012 1522 2037 et
1537 2005 1578 2036 A.
1592 2007 1709 2038 Trebo-

945 2051 1041 2087 nium,
1057 2051 1268 2090 expugnavit:
1292 2049 1386 2079 immo
1404 2059 1510 2080 eorum
1525 2050 1596 2080 urbs
1620 2050 1709 2081 Mas-

943 2094 1011 2124 silia
1026 2094 1058 2124 in
1074 2093 1228 2134 triumpho
1251 2092 1317 2134 ejus
1340 2094 1505 2132 deportata
1527 2097 1586 2128 est,
1603 2098 1637 2123 ut
1659 2104 1707 2124 re-

943 2137 1003 2167 fert
1018 2136 1070 2166 lib.
1088 2139 1120 2168 2.
1138 2137 1179 2166 (10
1197 2135 1326 2168 Officiis.
1368 2135 1513 2166 Infensus
1530 2140 1635 2166 autem
1648 2136 1710 2167 illis

944 2180 1014 2214 fuit,
1031 2178 1115 2220 quod
1132 2178 1287 2218 Pompeio
1304 2179 1489 2218 senatuique
1504 2178 1648 2209 faverint.

989 2223 1042 2253 56.
1067 2221 1128 2252 Nec
1148 2222 1295 2261 praesens]
1343 2221 1398 2251 Bis
1420 2221 1499 2251 vidit
1522 2220 1708 2252 Deiotarum

947 2265 1068 2296 Caesar:
1094 2264 1165 2295 cum
1181 2264 1294 2306 nempe
1311 2264 1342 2294 in
1357 2263 1465 2294 Asiam
1481 2271 1590 2294 contra
1611 2264 1709 2295 Phar-

946 2318 1055 2338 nacem
1071 2309 1227 2348 profectus
1242 2312 1300 2344 est,
1316 2312 1348 2337 et
1363 2307 1433 2337 curn
1448 2317 1486 2337 ex
1501 2306 1580 2337 Αείἕι
1601 2308 1704 2338 rediit.

987 2350 1038 2383 Ib.
1064 2350 1124 2381 Nec
1138 2351 1264 2391 absens]
1310 2349 1366 2380 Bis
1382 2350 1527 2380 defensus
1542 2354 1589 2379 est
1611 2350 1708 2380 Deio-

946 2399 1028 2424 tarus
1049 2395 1134 2434 apud
1152 2393 1326 2432 Caesarem,
1350 2392 1468 2424 Nicaeae
1491 2392 1510 2422 εὶ
1532 2393 1582 2424 M.
1597 2392 1707 2433 Bruto,

946 2436 1058 2467 Rornae
1072 2437 1091 2467 ὀ,
1107 2437 1270 2468 Cicerone.

989 2482 1046 2510 58.
1084 2479 1301 2520 Compelldrat]
1369 2478 1554 2508 Deiotarum
1604 2477 1708 2508 Caesar

946 2522 1149 2563 compellarat
1164 2524 1204 2553 de
1219 2520 1355 2562 pecunia
1368 2520 1427 2551 sibi
1441 2520 1558 2552 danda.

989 2565 1039 2595 Ib.
1064 2564 1279 2605 Computdrat]
1324 2564 1364 2594 Id
1390 2568 1450 2601 est,
1474 2564 1606 2594 rationes
1633 2574 1708 2594 con-

946 2607 1068 2643 tulerat,
1084 2608 1195 2648 quibus
1218 2617 1367 2638 summam
1382 2607 1500 2637 fecerat
1522 2605 1587 2647 ejus
1610 2617 1706 2647 pecu-

943 2650 1013 2686 niae,
1028 2660 1121 2691 quam
1138 2661 1175 2680 ex
1198 2655 1264 2680 toto
1279 2649 1421 2680 Deiotari
1446 2659 1541 2689 regno
1558 2649 1704 2691 colligere

943 2698 1077 2734 poterat,
1091 2697 1124 2722 ut
1138 2703 1205 2722 eam
1220 2693 1342 2733 populis
1355 2692 1418 2722 suis
1431 2691 1608 2732 imperaret.

985 2738 1038 2767 59.
1078 2735 1299 2777 Tetrarchz'am.]
1367 2735 1544 2767 Tetrarchia
1592 2735 1710 2767 dicitur

941 2784 1050 2822 quarta
1064 2779 1152 2821 regni
1167 2789 1250 2821 pars.
