1790 3090
83 185 170 230 400
790 184 1050 220 PHILIPPICA
1076 184 1106 218 1.

156 265 232 304 aut
251 274 349 317 ego,
379 265 454 302 aut
473 259 701 315 quisquam
724 258 927 307 vestrfim,
959 259 1010 300 P.
1033 258 1084 299 C.
1116 257 1242 300 bonis
1268 257 1451 301 tribunis
1479 259 1633 316 plebis,
1663 261 1725 305 10⁴-

155 333 232 375 ges
246 319 378 360 malas
395 322 577 358 metuat:
609 321 778 372 paratos
791 314 1014 367 habemus,
1038 314 1112 371 qui
1127 315 1417 366 intercedant3
1449 322 1636 372 paratOS,
1652 319 1726 375 qui

155 374 463 430 rempublicam
476 373 681 428 religione
696 371 945 413 defendant:
969 372 1092 413 vacui
1111 379 1226 414 metu
1245 387 1340 414 esse
1357 373 1578 415 debemus.
1609 371 1728 422 Quae

81 432 138 474 45
156 438 202 474 tu
224 431 342 482 mihi,
373 429 525 485 inquit,
558 428 904 479 intercessiones,
932 443 1038 484 quas
1066 429 1311 485 religiones,
1344 429 1565 471 nominas?
1625 429 1728 485 Eas,

155 487 339 538 scilicet,
361 486 519 542 quibus
547 485 794 541 reipublicae
815 485 931 525 salus
953 485 1210 526 continetur.
1271 486 1545 542 Negligimus
1565 487 1664 539 ista,
1686 493 1730 530 et

153 543 280 585 nimis
302 544 478 599 antiqua
499 549 541 583 et
561 543 695 583 stulta
715 540 928 582 ducimus.
987 541 1145 583 Forum
1177 541 1410 597 ssepietur:
1445 557 1594 585 omnes
1614 545 1729 586 clau-

155 601 308 642 dentur
320 599 479 641 aditus:
514 598 663 640 armati
679 598 722 638 in
734 597 941 654 praesidiis
954 599 1102 640 multis
1117 598 1222 640 locis
1237 598 1580 642 collocabuntur.
1613 600 1730 648 Quid

154 657 270 700 tum?
321 657 450 705 Quod
471 656 550 697 erit
569 655 629 696 ita
650 662 833 711 gestum,
856 654 899 695 id
922 654 991 695 lex
1013 655 1114 696 erit?
1137 662 1180 697 et
1200 655 1244 696 in
1265 670 1323 696 aes
1341 655 1475 696 incidi
1491 657 1727 712 jubebitis?

80 715 136 757 50
156 715 275 756 Cedo
289 713 360 754 illa
371 712 584 769 legitima:
605 714 850 754 “Consules
858 714 1070 765 populum
1072 714 1178 765 jure
1191 714 1487 765 4]·οὲ”αυε’νιιηί”
1502 714 1604 766 (hoc
1613 714 1728 756 enim

155 771 183 812 ἒι
211 770 444 827 majoribus
466 768 712 825 accepimus
742 769 815 824 jus
836 768 1034 824 rogandi)
1063 773 1090 792 “
1107 772 1381 823 populusque
1404 770 1510 821 jure
1539 771 1730 813 gecivitl'

156 827 241 876 Qui
276 827 481 883 populus?
512 826 639 876 is-ne‚
656 824 730 881 qui
748 825 947 866 exclusus
967 825 1055 866 est?
1076 826 1293 882 quojure?
1315 840 1368 866 an
1389 840 1455 876 eo,
1486 828 1604 883 quod
1623 827 1662 869 vi
1686 834 1730 869 et

155 884 282 925 armis
304 898 428 924 omne
449 883 664 923 sublatum
687 880 783 922 est?
842 881 987 937 Atque
1009 882 1103 924 haec
1124 882 1223 923 dico
1247 883 1298 924 de
1321 883 1499 935 futuris3
1531 883 1645 940 quod
1663 890 1730 926 'est

155 941 403 989 amicorum,
434 937 535 979 ante
572 938 713 978 dicere
745 951 797 977 ea
822 952 918 992 quae
949 938 1071 979 vitari
1103 946 1305 995 possunt:
1337 954 1433 995 quae
1454 940 1491 981 si
1507 940 1622 982 facta
1640 951 1729 983 non

82 1002 137 1044 55
156 1003 292 1048 erunt,
314 995 531 1036 refelletur
551 993 687 1034 oratio
708 1008 816 1034 mea.
879 993 1050 1049 Loquor
1070 995 1123 1036 de
1145 995 1314 1051 legibus
1329 997 1626 1052 promulgatis,
1647 998 1728 1039 hde

155 1053 312 1110 quibus
329 1059 395 1093 est
410 1052 625 1107 integrum
638 1050 777 1092 vobis:
801 1050 1048 1092 demonstro
1068 1051 1192 1102 vitia3
1216 1052 1374 1094 tollite:
1407 1052 1612 1097 denuntio
1628 1055 1729 1106 vim,

155 1125 297 1161 arma3
331 1115 562 1153 removete.

156 1233 522 1276 'circumdabitma
563 1233 780 1276 &dem-evit.
824 1232 976 1288 squas
992 1230 1172 1275 liberum
1190 1226 1400 1289 estferre',
1422 1234 1490 1276 vel
1501 1234 1729 1289 monserr'e.

201 1418 254 1448 42.
277 1416 366 1447 Bonis
380 1415 532 1456 tribunis]
586 1414 625 1446 Id
643 1420 700 1452 est,
727 1415 797 1447 cum
814 1417 874 1448 sint
889 1417 922 1448 in
1010 1416 1063 1448 50.
1089 1415 1162 1447 C'edo
1175 1416 1230 1447 illa
1245 1415 1401 1457 legitima-‘J
1455 1413 1562 1447 Verba
1576 1420 1647 1446 sunt
1661 1414 1730 1447 An-

157 1459 284 1502 Repub.
300 1460 374 1491 boni
395 1460 519 1497 tribuni,
543 1459 597 1501 qui
621 1464 768 1500 poterunt
789 1460 923 1493 interce·
967 1460 1065 1498 tonii;
1088 1459 1226 1500 legitima
1238 1465 1340 1490 autem
1357 1460 1513 1497 dicuutur,
1528 1465 1598 1501 quae
1609 1459 1729 1501 legibus

158 1504 244 1535 dere.
963 1504 1042 1534 fiunt
1057 1507 1089 1533 et
1103 1503 1312 1533 continentur.
1355 1532 1358 1535 ,
1703 1522 1706 1526 .

201 1548 254 1578 45.
281 1546 361 1581 Quas
375 1545 553 1586 religionem]
599 1545 660 1576 Per
674 1545 851 1587 religiones,
867 1557 921 1577 au·
1008 1547 1059 1577 52.
1086 1546 1145 1580 Qui
1157 1546 1280 1585 populns
1289 1545 1316 1586 ?]
1352 1543 1542 1586 Respondet
1554 1544 1676 1583 Cicero,
1689 1556 1729 1579 an

158 1589 256 1630 spicia
264 1589 489 1628 intelliguntur,
502 1588 567 1619 sine
578 1588 745 1629 quibuslex
758 1589 842 1621 nulla
852 1589 922 1620 ferri
964 1588 1016 1619 ille
1032 1589 1070 1618 sit
1085 1588 1218 1629 populus
1234 1588 1287 1629 qui
1302 1588 1447 1619 seditiose
1468 1593 1572 1629 partes
1587 1587 1730 1624 Anto‘nii,

156 1637 290 1672 poterat.
337 1632 432 1662 Unde
459 1642 602 1671 augures,
623 1631 692 1661 esini
717 1632 820 1674 aliqua
843 1633 923 1663 fere·
966 1642 1006 1662 an
1029 1631 1082 1662 ille
1103 1631 1156 1673 qui
1178 1637 1281 1672 partes
1297 1631 1437 1672 Reipub.
1460 1631 1618 1672 sequitur?
1639 1631 1728 1673 cujas

156 1676 256 1710 batur,
281 1675 320 1706 de
336 1674 415 1705 coelo
430 1675 611 1713 servabant3
635 1680 667 1705 et
682 1675 920 1712 obmmtiabant,
963 1675 1096 1705 maxima
1111 1685 1182 1715 pars
1194 1674 1316 1705 exclusa
1333 1680 1381 1704 est
1393 1675 1433 1704 ab
1448 1673 1598 1705 Antonio.

159 1718 275 1758 siquid
299 1718 494 1748 observatum
514 1721 590 1754 erat,
613 1728 676 1759 quo
700 1718 846 1760 impediri
868 1730 920 1750 co·
1007 1718 1057 1749 Ib.
1082 1718 1247 1759 Quojure]
1278 1716 1447 1759 Negatjus
1463 1727 1542 1754 esse,
1558 1717 1611 1748 ubi
1623 1717 1731 1748 armati

157 1761 245 1791 mitia
268 1766 404 1802 possent.
963 1761 1104 1791 homines
1121 1761 1329 1791 dominantur.

201 1806 253 1834 46.
279 1803 463 1844 Negligimus
477 1803 561 1843 istm]
608 1803 764 1834 Antonius
790 1815 920 1845 respon·
1007 1805 1059 1835 55.
1105 1803 1151 1834 De
1177 1804 1283 1845 legibus
1307 1803 1532 1845 promulgatis]
1588 1802 1730 1833 Promul-

158 1847 224 1883 det,
247 1846 265 1876 τὶ
281 1857 313 1876 se
329 1857 434 1877 omnes
449 1847 521 1877 istas
542 1846 705 1887 religiones
726 1858 874 1889 augurum
890 1852 922 1878 et
966 1847 1118 1886 gabantur
1134 1847 1217 1887 leges
1233 1848 1399 1887 autequam
1416 1847 1576 1883 ferrentur,
1591 1852 1623 1876 et
1638 1846 1671 1876 in
1687 1856 1728 1877 aes

159 1890 394 1923 intercessiones
408 1890 538 1932 negligi.
965 1890 1186 1920 inciderentur.

765 2135 951 2164 TERTIA
986 2134 1125 2164 PARS·

183 2295 262 2339 Ubi
276 2297 495 2351 proponit,
515 2309 615 2349 quse
635 2300 727 2337 tum
747 2293 771 2336 ὰ
789 2295 1023 2344 Dolabella,
1044 2300 1137 2337 tum
1156 2295 1207 2336 ab
1228 2294 1436 2348 Antonio,
1445 2295 1574 2351 facta
1589 2301 1705 2338 sunt.

216 2421 297 2463 VI.
319 2420 450 2463 Irasci
467 2435 543 2462 vos
557 2420 730 2476 quidem
744 2420 861 2471 mihi,
875 2420 1118 2472 Dolabella,
1141 2435 1216 2477 pro
1230 2419 1451 2477 republica
1465 2418 1627 2466 dicenti
1641 2433 1728 2461 non

161 2479 400 2535 oportebit3
433 2477 696 2533 quamquam
717 2485 759 2519 te
780 2478 954 2533 quidem
975 2477 1019 2518 id
1040 2478 1251 2519 facturum
1271 2492 1358 2518 non
1388 2476 1592 2518 arbitror:
1624 2476 1726 2518 novi

160 2535 275 2578 enim
290 2534 542 2576 facilitatem
562 2542 694 2577 tuam.
756 2534 978 2590 Collegam
993 2541 1114 2576 tuum
1135 2534 1254 2576 aiunt
1274 2534 1320 2577 in
1340 2533 1424 2575 hac
1444 2532 1519 2575 sua
1539 2531 1726 2586 fortuna,

202 2711 234 2739 1.
259 2707 378 2748 Irasci]
437 2706 620 2748 Digreditur
646 2706 684 2737 ad
710 2705 920 2742 Dolabellam,
1005 2708 1037 2737 3.
1062 2704 1206 2748 Collegam
1221 2704 1334 2746 tuum]
1390 2704 1560 2736 Antonium
1575 2704 1727 2741 nomiua't,

160 2751 215 2792 qui
238 2762 373 2792 praesens
388 2756 464 2787 erat,
488 2755 520 2782 et
534 2751 574 2782 ad
589 2750 762 2782 Antonium
783 2750 837 2791 qui
851 2751 920 2781 abs-
963 2749 1016 2791 qui
1031 2750 1136 2780 consul
1151 2754 1216 2780 erat
1228 2759 1299 2780 cum
1321 2747 1500 2787 Dolabella,
1522 2748 1637 2793 quique
1654 2749 1724 2782 Cae.

161 2805 228 2832 ens,
250 2806 327 2836 quos
363 2800 424 2824 (um
448 2794 614 2834 vituperat,
641 2799 705 2826 tum
733 2795 860 2836 territat,
883 2796 920 2827 ac
962 2793 1038 2826 saris
1051 2793 1242 2826 dominatum
1258 2792 1439 2835 arripuerat.

159 2838 285 2871 demun]
297 2838 352 2870 dat
366 2837 425 2871 illis
436 2837 608 2871 consilium.
