1858 3095
666 176 716 208 m
741 157 1001 208 CATILINAM
1031 174 1092 208 1v.
1109 173 1113 175 ·
1635 173 1716 218 135

71 253 140 307 co,
162 254 205 296 in
227 267 301 297 eos
318 254 459 311 quiea
473 251 676 309 perficere
697 252 935 302 voluerunt,
957 265 1024 292 me
1041 263 1235 292 severum
1248 248 1632 306 vehementemque

70 312 255 367 praebeO.

127 368 203 411 1V.
234 367 403 410 Etenim
433 379 591 422 quaero,
629 364 666 406 si
697 365 793 422 quis
823 364 1140 421 paterfamilias,
1180 363 1324 406 liberis
1347 362 1436 405 suis
1457 359 1483 402 ’ἲι
1505 376 1629 403 servo

67 423 317 473 interfectis,
356 437 486 465 uxore
527 421 685 471 occisa,
725 421 903 463 incensa
938 422 1082 473 domo,
1124 420 1382 478 supplicium
1421 418 1474 460 de
1506 433 1628 460 servo

69 495 156 522 nou
177 480 310 538 quam
329 479 651 522 acerbissimum
674 478 915 534 sumpserit,
948 478 1087 519 utrum
1115 478 1150 519 is
1180 479 1367 519 clemens
1398 491 1447 516 ac
1470 475 1629 516 miseri-

67 550 246 589 cors‚an
259 536 514 578 inhumanus
529 543 573 577 et
589 535 926 586 crudelissimus,
940 550 1034 576 esse
1049 534 1271 575 videatur?
1293 532 1396 574 mihi
1410 531 1512 573 verb
1528 532 1630 590 aitp-
1647 502 1841 576 asldwml

66 601 271 650 portunus
292 607 343 635 ac
363 593 538 644 ferreus,
570 591 644 648 qui
672 607 772 641 non,
803 591 951 633 dolore
974 605 1025 632 ec
1045 590 1237 632 cruciatu
1257 588 1470 639 nocentis,
1502 603 1630 630 suum
1675 589 1703 630 5

67 650 259 692 dolorem
286 650 608 705 cruciatumque
637 648 816 689 lenierit.
878 646 952 688 Sic
981 661 1077 698 nos,
1108 646 1240 687 iubis
1260 644 1523 694 hominibus,
1553 645 1628 707 qui

65 720 160 756 nos,
177 705 253 762 qui
266 707 489 762 conjuges,
503 705 574 761 qui
589 704 747 746 liberos
760 710 945 754 nostros,
960 703 1171 744 trucidare
1188 702 1433 752 voluerunt3
1455 700 1530 757 qui
1544 715 1630 742 sm-

66 762 190 818 gulas
225 762 562 819 uniuscujusque
590 760 782 802 nostrfim
816 759 981 810 domos,
1019 764 1063 800 et
1095 759 1180 800 hoc
1214 758 1458 799 universum
1491 757 1629 813 reipu-

65 818 192 860 blicae
212 819 493 869 domicilium,
525 817 667 858 delere
699 816 842 857 conati
863 822 989 857 sunt:
1026 815 1101 872 qui
1124 815 1166 856 id
1188 821 1367 871 egerunt
1388 820 1436 855 ut
1456 821 1630 868 gentem

66 875 353 932 Allobrogum
382 875 426 915 in
456 873 651 930 vestigiis
681 873 809 928 hujus
840 871 983 922 Urbis,
1014 880 1144 928 atque
1176 871 1218 912 in
1240 871 1380 912 cinere
1401 870 1628 926 deflagrati
1653 872 1704 914 10

65 931 246 987 imperii,
286 932 575 980 collocarent3
615 929 651 970 si
691 928 1058 970 vehementissimi
1096 928 1300 969 fuerimus
1330 926 1630 968 misericordes

64 987 342 1029 habebimur:
370 988 437 1029 sin
457 971 731 1028 r'gffllssiffl
748 1000 844 1027 esse
869 985 1126 1026 voluerimus
1173 999 1224 1025 su
1316 998 1351 1024 ae
1381 998 1408 1025 n
1440 983 1506 1024 bis
1585 999 1705 1066 usa]

67 1043 258 1086 delitatis
290 1044 334 1085 in
359 1044 508 1101 patriae
536 1042 781 1098 civiumque
801 1042 990 1098 pernicie
1017 997 1662 1082 fgffigffagfffflfflffia

66 1100 169 1142 vero
189 1100 377 1156 cuipiam
402 1101 447 1142 L.
469 1100 626 1151 Caesar,
658 1099 720 1140 vir
751 1098 1006 1140 fortissimus
1037 1105 1081 1140 et
1100 1097 1419 1139 amantissimus
1444 1095 1630 1153 Reipub.

69 1157 282 1200 crudelior
301 1156 612 1199 nudiustertius
635 1162 701 1196 est
721 1154 853 1206 visus,
891 1154 988 1196 cum
1024 1155 1180 1196 sororis
1212 1169 1315 1203 suae,
1347 1153 1515 1194 feminee
1544 1154 1631 1195 lec—
1652 1156 1705 1198 15

68 1214 261 1265 tissimae,
292 1213 442 1276 νίψω
473 1219 726 1269 praesentem
757 1218 800 1252 et
831 1211 1089 1263 audientem,
1125 1210 1214 1252 vit&⁴
1245 1210 1498 1266 privandum
1535 1195 1858 1255 essehwlma

69 1270 206 1322 dixit3
248 1269 346 1311 cum
374 1284 500 1311 avum
524 1271 650 1337 jussu
683 1268 810 1308 Coss.
843 1267 1128 1317 interfectum,
1166 1266 1387 1322 filiumque
1421 1267 1514 1321 ejus
1552 1266 1632 1308 im-

71 1327 291 1382 puberem,
308 1326 499 1381 legatum
522 1340 548 1365 a
568 1333 688 1380 patre
706 1323 900 1374 missum,
919 1324 963 1364 in
980 1338 1150 1365 carcere
1168 1330 1370 1364 necatum
1391 1337 1484 1363 esse
1507 1322 1632 1365 dixit.

70 1383 263 1432 Quorum
291 1382 409 1438 quod
443 1381 582 1423 simile
616 1377 806 1421 factum?
836 1380 953 1435 quod
981 1379 1136 1421 initum
1160 1379 1355 1420 delendae
1383 1378 1507 1436 Reip.
1528 1394 1632 1420 con-

69 1439 241 1482 silium?
301 1438 558 1496 Largitionis
594 1438 792 1480 voluntas
826 1442 919 1478 tum
949 1436 994 1478 in
1024 1435 1246 1493 republica
1278 1442 1445 1478 versata
1479 1443 1558 1487 est,
1589 1442 1634 1478 et
1650 1439 1708 1481 20

1650 305 1707 348 80

740 1609 958 1651 “crudelia

115 1786 146 1813 1.
177 1777 290 1812 Etenim
311 1782 437 1822 quma]
488 1779 714 1822 Argumentum
740 1779 831 1811 affert
872 1785 935 1811 tem
960 1778 1086 1811 Lentuli
1108 1778 1276 1821 supplicio,
1300 1785 1334 1811 ut
1359 1780 1452 1812 refert
1475 1779 1635 1813 Plutarch.

73 1825 113 1855 ab
128 1825 271 1866 exemplo
287 1825 378 1855 ficto:
408 1826 453 1854 sic
475 1830 579 1854 autem
600 1824 675 1855 illud
695 1824 826 1864 profert;
873 1824 905 1854 in
935 1823 998 1853 vitii
1024 1823 1100 1853 Ant.
1125 1823 1194 1853 fons
1218 1824 1461 1863 inimicitiarum,
1487 1835 1556 1866 quae
1580 1825 1635 1856 Ci-

71 1879 135 1898 non
159 1874 206 1898 est
227 1867 394 1898 crudelitas
414 1867 545 1898 interfici
567 1868 586 1897 εἰ
608 1867 830 1908 patrefamilias
873 1876 1016 1897 ceronem
1040 1866 1121 1896 inter
1143 1871 1175 1896 et
1190 1865 1361 1897 Antonium
1381 1868 1635 1908 intercesserunt,

72 1921 207 1948 servum,
225 1911 279 1949 qui
306 1920 431 1940 uxorem
457 1910 524 1949 ejus
548 1916 579 1940 et
599 1911 713 1940 liberos
737 1909 832 1940 inter-
877 1909 1076 1940 redundavit.

72 1954 164 1990 sccit;
192 1963 266 1994 ergo
281 1963 383 1994 neque
398 1958 584 1992 conjuratos,
596 1954 661 1994 qui,
682 1953 760 1984 servi
773 1963 831 1994 pa·
920 1954 971 1983 17.
995 1951 1068 1981 Ciim
1093 1953 1207 1994 numm]
1267 1951 1337 1983 Jam
1365 1952 1526 1983 confirmat
1549 1955 1636 1995 quod

73 1996 152 2031 trite,
171 2006 239 2026 calu
256 1997 384 2036 perdere
399 1995 572 2026 voluerunt.

118 2041 148 2069 6.
174 2038 333 2079 Dolorem]
379 2037 528 2068 Dolorem
545 2043 730 2078 conceptum
746 2039 832 2068 vide-

72 2082 149 2112 licet
170 2091 207 2111 ex
233 2091 327 2111 uxore
347 2085 380 2111 et
402 2080 505 2111 liberis
531 2081 714 2117 intersectis,
740 2085 772 2111 et
787 2081 834 2111 in-

75 2122 171 2155 censa
187 2124 291 2153 domo.

120 2169 150 2198 9.
173 2166 319 2207 Gentem]
375 2165 462 2196 Gens
489 2165 690 2207 Allobrogum
714 2175 836 2206 semper

74 2209 282 2241 infensissima
297 2208 355 2239 fuit
370 2218 445 2250 pop.
462 2207 557 2240 Rom.

120 2256 173 2282 11.
199 2251 232 2282 Si
246 2251 502 2292 vehementissimi]
548 2251 604 2282 Ait
620 2251 705 2292 quod
721 2261 837 2282 summa

76 2295 118 2325 sit
142 2294 354 2326 misericordia
382 2294 414 2325 in
439 2294 582 2335 patriam,
612 2295 637 2324 si
665 2295 838 2336 plectantur

77 2336 238 2378 conjurati,
268 2342 301 2368 at
325 2348 443 2368 summa
469 2337 688 2374 inhumanitas,
714 2338 740 2368 si
763 2337 838 2378 ipsis

77 2386 232 2422 parcatur.

124 2425 174 2455 13.
204 2422 271 2454 Nisi
293 2421 383 2462 verb]
433 2422 550 2454 Probat
572 2424 610 2454 ab
633 2423 776 2465 exemplo
801 2423 838 2453 L.

81 2465 222 2503 Caesaris,
241 2466 407 2497 crudeliter
429 2476 490 2496 non
512 2466 562 2507 agi
577 2477 647 2497 curn
661 2466 839 2508 conjuratis,

82 2509 108 2539 si
123 2509 364 2547 interficiantur3
391 2509 544 2548 siquidem
560 2509 648 2545 dixit,
662 2509 839 2545 Lentulum,

82 2551 255 2593 principem
270 2551 507 2593 conjurationis,
531 2557 563 2583 et
577 2552 685 2583 sororis
707 2564 770 2583 suae
797 2553 842 2582 vi-

82 2605 162 2630 rum,
177 2605 269 2635 quem
278 2600 462 2636 praesentem
475 2599 507 2625 et
525 2595 705 2626 audientem
717 2596 844 2626 videbat

84 2637 116 2666 in
129 2642 250 2676 senatu,
265 2637 323 2668 sibi
338 2643 436 2668 morte
452 2638 580 2679 dignum
594 2638 704 2669 videri.

132 2682 183 2710 15.
208 2679 316 2711 Sor-oris
343 2680 427 2721 ειμι]
473 2681 562 2712 Lucii
592 2681 722 2713 Caesaris
748 2691 844 2718 soror,

87 2727 120 2752 et
151 2733 226 2753 uxor
251 2721 388 2759 Lentuli,
417 2722 503 2754 Julia
529 2725 707 2761 vocabatur,
735 2730 779 2764 et,
807 2735 845 2755 ex

88 2764 184 2806 priori
210 2766 415 2801 matrimonio,
439 2765 521 2797 illius
546 2767 596 2798 M.
623 2767 753 2804 Antonii
781 2778 846 2797 ma-

89 2812 148 2846 ter,
175 2808 231 2850 qui
246 2807 356 2851 postea
370 2808 506 2843 triumvir
519 2809 588 2842 fuit.

640 2809 688 2842 Ex
709 2812 767 2843 hoc
794 2820 848 2842 au-

876 1994 953 2025 dixit
969 1994 1086 2030 Caesar,
1106 1995 1255 2026 videlicet
1277 1994 1443 2025 Lentulum
1459 2002 1557 2026 morte
1570 1997 1638 2026 asti-

876 2038 1022 2068 ciendum
1037 2048 1127 2075 esse;
1154 2039 1238 2078 quod
1265 2047 1337 2068 avus
1362 2038 1441 2078 ejus,
1462 2038 1553 2079 longe
1579 2040 1638 2069 mi-

877 2081 943 2110 nori
971 2079 1087 2110 scelere
1110 2080 1255 2115 infectus,
1280 2085 1384 2111 tamen
1405 2080 1495 2120 jussu
1517 2081 1639 2121 Opimii

877 2122 1012 2153 consulis
1026 2122 1203 2153 interfectus
1216 2122 1335 2153 fuisset.
1365 2122 1452 2153 Avus
1467 2122 1560 2164 porr&
1572 2134 1638 2154 ma-

881 2170 983 2195 ternus
998 2165 1031 2195 L.
1041 2164 1169 2196 Caesaris
1181 2165 1284 2195 fuerat
1293 2165 1341 2195 M.
1353 2165 1480 2196 Fulvius
1490 2166 1636 2205 Flaccus;

880 2218 951 2238 nam
965 2207 1032 2248 ejus
1047 2207 1141 2238 filiam
1157 2208 1193 2238 L.
1203 2208 1318 2246 Caesar,
1334 2207 1424 2248 liujus
1433 2208 1520 2240 Lucii
1536 2214 1638 2250 pater,

881 2251 913 2281 in
929 2250 1122 2281 matrimonio
1137 2251 1296 2281 babuerat.

922 2293 972 2323 Ib.
998 2292 1163 2334 Filiumque
1185 2295 1246 2333 ejus
1270 2294 1470 2336 imlmberem.]
1531 2294 1641 2325 Habe·

881 2337 936 2367 bat
949 2336 1057 2372 filiurn,
1077 2337 1309 2367 adolescentem
1332 2338 1569 2374 ornatissimum,
1586 2339 1639 2368 vix

883 2390 978 2410 annos
993 2384 1100 2409 natum
1111 2379 1233 2420 viginti,
1245 2390 1336 2421 quem
1351 2380 1494 2411 mittebat
1505 2387 1540 2410 ut
1554 2381 1641 2421 pacis

883 2421 1004 2453 tantum
1031 2422 1223 2453 conditiones
1251 2428 1450 2464 proponeret,
1483 2429 1515 2455 et
1550 2423 1640 2463 cujus

880 2466 974 2496 frater
989 2465 1087 2505 major
1100 2466 1131 2495 in
1149 2466 1215 2496 acic
1230 2466 1384 2507 perierat3
1408 2467 1461 2508 qui
1484 2471 1587 2497 tamen
1608 2466 1640 2495 in

883 2518 1005 2540 carcere
1017 2513 1145 2539 necatus
1159 2514 1215 2539 est.

931 2553 980 2582 19.
1043 2551 1174 2585 Quorum
1227 2552 1303 2592 quo-¹1
1356 2551 1447 2582 simile
1488 2551 1641 2593 sactum]

885 2594 1016 2625 Nullum
1045 2599 1164 2625 tantum
1200 2594 1246 2625 illi
1273 2595 1395 2625 facinus
1425 2599 1647 2634 conceperant,

886 2642 1035 2678 quantum
1065 2637 1214 2669 Lentulus
1242 2637 1294 2668 ille
1323 2638 1537 2668 seditiosorum
1563 2636 1651 2676 prin-

888 2690 983 2720 ceps;
1013 2680 1086 2720 ergo
1116 2681 1207 2722 longe
1230 2680 1378 2711 acerbiori
1407 2684 1503 2709 morte
1532 2679 1647 2720 dignus

889 2729 947 2755 est.

935 2768 987 2796 20.
1045 2765 1226 2807 Largitionis
1282 2764 1441 2805 voluntas]
1514 2764 1655 2796 Volebat

893 2808 1052 2843 Gracchus
1075 2809 1265 2842 tenuioribus
1285 2808 1405 2842 civibus
1428 2807 1662 2853 agroslargiri,
