1858 3095
574 315 838 364 ORATIO
873 317 1140 365 TERTIA

356 461 470 523 IN
541 461 618 524 L.
674 459 1353 533 CATILINAM,

688 618 752 646 Al)
787 618 1042 653 QUIRITES·

690 933 1040 966 ARGUMENTUM.

135 1033 227 1074 DE
235 1031 448 1075 TECTA
463 1034 549 1074 totci
566 1036 880 1087 conjuratione,
893 1034 1204 1087 comprehensis
1218 1033 1476 1085 conjuratis,
1493 1036 1533 1073 et
1548 1044 1647 1072 con-

77 1091 200 1131 victis
214 1092 262 1130 in
275 1094 573 1143 senatu‚quem
593 1093 649 1132 ad
664 1093 798 1133 cedem
810 1093 1060 1134 Concordiae
1076 1092 1220 1132 Cicero
1234 1091 1384 1129 consul
1398 1102 1647 1129 convocave-

79 1151 164 1195 rat,
183 1148 329 1200 prodit
348 1148 487 1187 eodem
508 1149 598 1200 ipso
613 1149 680 1188 dic
698 1151 743 1189 in
764 1151 1022 1197 concionem,
1040 1153 1081 1189 et
1096 1147 1307 1200 populum
1325 1147 1444 1186 Rom.
1463 1146 1580 1187 docet
1595 1159 1648 1186 ea

79 1217 181 1255 quae
196 1208 293 1243 acta
309 1209 350 1243 ct
370 1217 454 1244 com
455 1209 582 1256 perta
598 1210 725 1245 sunt:
757 1207 998 1257 eoecitatquc
1009 1218 1150 1245 omnes
1163 1203 1219 1243 ad
1239 1202 1534 1243 celebrandam
1548 1215 1648 1242 cum

82 1260 288 1300 moribus
321 1265 363 1300 et
399 1261 541 1300 liberis
581 1263 939 1314 supplicationem
953 1279 965 1302 :
998 1261 1151 1301 deinde
1183 1260 1388 1307 declarat,
1418 1260 1468 1299 in
1482 1263 1648 1311 quanto

82 1317 184 1356 urbs
211 1316 406 1369 periculo
423 1316 596 1369 suerit:
628 1331 679 1356 ac
698 1319 872 1359 tandem
899 1322 1165 1359 conscrvatce
1183 1314 1209 1356 ὰ
1227 1330 1271 1357 se
1293 1315 1479 1369 Reipub.
1499 1328 1647 1358 memo-

81 1373 194 1413 riam
208 1372 406 1426 postulat
423 1374 740 1425 sempiternam.

761 1498 974 1527 TEMPUS.

143 1597 322 1640 Constat
336 1599 449 1638 hanc
467 1598 657 1641 habitam
675 1601 923 1642 Orationem
931 1599 1078 1655 sitisse
1099 1595 1181 1640 ΙΙΙ.
1204 1597 1310 1640 Non
1321 1596 1517 1641 Decemb.
1532 1610 1651 1640 anno

91 1655 218 1698 Urbis
238 1655 424 1697 conditae
443 1653 541 1697 690.

785 1782 975 1811 PARTES

150 1878 258 1918 Tres
278 1877 422 1919 habet:
443 1891 633 1930 quarum
645 1880 790 1932 prima
811 1894 900 1920 non
913 1884 1002 1920 tam
1013 1877 1258 1919 Ervordiam
1270 1876 1398 1930 quam
1410 1878 1651 1931 Propositio

88 1935 268 1976 dicenda
287 1938 351 1977 'est
362 1952 378 1984 ,·
409 1937 600 1977 secunda
621 1941 683 1977 est
703 1937 946 1984 Nar2rati03
981 1937 1110 1977 tertia
1129 1936 1366 1976 Peroratio.

732 2132 1009 2165 PROPOSITIO

151 2225 356 2269 Continet
394 2227 583 2283 beneficii
616 2230 1061 2277 commemorationem,
1082 2232 1123 2268 et
1159 2227 1244 2268 diei
1281 2228 1651 2278 consecrationem,

91 2286 199 2337 quia
219 2285 342 2325 hodie
365 2284 514 2327 Cicero
535 2287 745 2339 Rempub.
767 2287 977 2327 scri-avit:
993 2299 1150 2340 parag.
1172 2283 1207 2324 I.

149 2395 621 2450 REMPUBLICAM,
669 2398 873 2451 Quirites,
921 2398 1141 2453 vitamque
1198 2396 1390 2438 omnium
1448 2397 1653 2449 vestrum,

92 2452 222 2504 bona,
253 2453 462 2505 fortunas,
494 2456 717 2512 conjuges,
755 2456 1001 2512 liberosque
1031 2460 1212 2507 vestros,
1243 2460 1372 2510 atque
1403 2452 1489 2496 hoc
1518 2453 1653 2496 domi-

93 2508 239 2552 cilium
288 2511 514 2554 clarissimi
569 2512 748 2569 imperii,
796 2511 1180 2555 fortunatissimam
1239 2510 1652 2568 pulcherrimamque

801 2627 834 2658 N
837 2625 952 2658 OTAE.

135 2725 167 2753 2.
189 2722 300 2766 Barim]
345 2725 436 2757 Bona
460 2731 532 2757 sunt
553 2726 657 2758 omnia
671 2736 786 2769 genera
801 2736 848 2757 re·
894 2724 998 2756 cilium
1027 2724 1149 2768 imperii
1179 2725 1304 2760 dicitur,
1332 2723 1406 2764 quia
1437 2723 1655 2755 dominabatur

90 2765 307 2807 tum,sortunoe
321 2772 393 2799 vero
407 2770 550 2810 pecuniae
562 2774 644 2802 sunt.
894 2768 949 2798 toti
978 2768 1122 2810 imperio,
1137 2768 1223 2811 quod
1252 2768 1293 2801 ab
1320 2766 1360 2799 e&
1388 2765 1565 2799 Romanum
1589 2766 1656 2800 dic-

134 2808 186 2843 Ib.
208 2809 396 2844 Domicilium
420 2813 563 2856 imperia]
618 2812 724 2846 Roma
751 2811 851 2846 domi-
895 2816 961 2843 tum
975 2815 1053 2853 est„
