1858 3095
745 146 837 181 PRO
861 147 1022 182 COELIO.

108 241 197 279 sus,
233 229 332 269 cnm
372 226 426 268 de
466 223 655 266 adventu
699 225 812 281 regis
850 223 1072 265 Ptolemaei
1106 227 1364 279 quereretur,
1399 221 1528 277 paulo
1560 220 1660 263 aute

109 285 233 334 dixit,
253 286 429 326 Utinam
442 297 497 324 ne
509 284 556 322 in
569 296 737 324 nemore
754 283 884 324 Pelio.

901 312 913 324 .
936 313 945 322 .
966 282 1045 322 ,Ac
1060 279 1230 336 longius
1247 278 1421 336 quidem
1438 278 1542 318 mihi
1561 293 1661 319 con·
1683 277 1734 318 10

111 349 255 385 texere
273 341 354 382 hoc
368 353 535 380 carmen
558 337 731 380 liceret:
763 340 882 380 Nam
903 353 1127 391 nunquam
1150 341 1250 380 leet-a
1273 351 1426 379 errares·
1448 335 1559 375 hanc
1576 348 1662 375 mo-

112 399 281 440 lestiam
303 395 427 438 nobis
448 395 684 446 exhiberet,
702 397 874 445 flieden,
893 398 1036 436 animo
1057 409 1192 446 cegra,
1211 409 1351 435 (tutore
1371 407 1484 434 sceno
1499 393 1664 433 saucia.

116 454 191 497 Sic
232 453 360 502 enim,
393 451 582 507 judices,
624 452 845 507 reperietis
885 450 1036 507 (quod,
1074 449 1171 491 curn
1207 450 1261 490 ad
1302 449 1345 490 id
1377 448 1460 490 loci
1495 460 1665 496 venem,

118 509 375 560 ostendam),
394 509 505 549 lianc
527 508 768 550 Palatinam
790 508 1007 557 Medeam,
1029 507 1425 561 migrationemque,
1449 504 1547 545 huic
1565 503 1669 544 ado-

117 565 295 609 lescenti
323 579 498 606 causam
530 565 618 606 sive
651 566 859 607 malorum
889 564 1094 613 omnium,
1115 562 1204 602 sive
1236 561 1379 617 potius
1411 573 1667 608 sermonum,

118 623 266 665 fuisse.
327 622 617 670 Quamobrem
640 622 728 673 illa,
749 636 845 678 quae
867 635 919 662 ex
951 626 1248 660 accusatorum
1271 617 1461 658 oratione
1493 631 1669 671 praemu-

118 679 197 720 niri
222 679 314 735 jam
343 686 386 719 et
415 678 518 734 fingi
546 678 856 733 intelligebam,
884 677 1016 717 fretus
1044 675 1187 716 vestra
1216 672 1459 729 prudentia,
1480 672 1668 727 judices,

120 749 207 777 non
235 735 506 791 pertimesco.

567 734 756 775 Aiebant
787 734 899 774 enim
928 732 1016 773 fore
1049 739 1202 772 testem
1236 739 1488 778 senatorem,
1517 744 1591 784 qui
1624 742 1670 769 se

121 791 357 847 pontificiis
389 790 578 832 comitiis
598 790 840 846 cpulsatum
864 789 889 830 a
911 788 1052 830 Coelio
1075 788 1263 838 diceret;
1297 787 1323 827 a
1353 800 1437 842 quo
1468 799 1671 841 quaeram,

121 862 159 889 si
180 847 398 915 prodierit,
419 845 617 902 primiim,
638 862 712 888 cur
743 846 888 888 statim
919 844 1025 886 nihil
1047 844 1206 901 egerit:
1239 844 1264 884 d

121 918 250 959 quam
280 917 406 960 agere
439 903 650 954 maluerit,
675 918 750 945 cur
780 902 1013 959 productus
1040 901 1065 942 a
1088 901 1208 942 vobis
1240 899 1399 971 potius,
1419 898 1549 955 quam
1581 912 1673 953 ipse

119 974 196 1015 per
222 973 296 1001 se:
328 974 403 1001 cur
433 966 554 1001 tanto
586 959 684 1016 post
715 959 874 1016 potius,
903 957 1033 1015 quam
1064 958 1287 1008 continuo,
1313 956 1433 1012 queri
1465 955 1674 996 maluerit.

128 1015 173 1056 Si
195 1016 300 1057 mihi
322 1016 376 1058 ad
397 1016 491 1057 haee
513 1016 638 1058 acute
671 1014 908 1073 arguteque
941 1015 1232 1071 responderit3
1263 1022 1354 1055 tum
1385 1026 1571 1068 quaeram
1602 1011 1677 1052 de-

124 1073 270 1128 nique,
293 1087 345 1114 ex
367 1087 452 1128 quo
474 1072 556 1114 iste
578 1073 695 1115 fonte
717 1081 888 1115 senator
909 1079 1105 1113 emanet:
1139 1086 1253 1122 nam,
1275 1071 1311 1111 si
1341 1070 1434 1125 ipse
1456 1069 1613 1111 orietur
1634 1074 1677 1109 et

125 1138 327 1170 nascetur
347 1143 401 1170 ex
422 1144 532 1181 sese,
554 1130 738 1172 fortasse
761 1134 828 1182 (ut
847 1131 986 1180 soleo)
1004 1128 1330 1177 eommoveb0r3
1362 1126 1429 1167 sin
1449 1133 1591 1166 autem
1612 1130 1679 1166 est
1696 1129 1750 1169 25

127 1185 288 1228 rivulus
304 1186 536 1228 arcessitus
553 1193 596 1228 et
612 1187 768 1230 ductus
785 1187 837 1229 ab
856 1186 950 1243 ipso
968 1185 1109 1240 capite
1127 1183 1416 1226 accusationis
1428 1190 1595 1234 vestrae,
1607 1181 1678 1222 lae-

749 1380 764 1399 ⁶
774 1375 1057 1416 verberatum.

172 1621 203 1651 9.
233 1619 322 1662 Regis
360 1619 535 1661 Ptolemaei.]
596 1620 796 1658 Ptolemaeus,
834 1633 887 1653 rex

129 1663 370 1700 Alexandrinus,
385 1663 492 1705 pulsus
515 1664 534 1693 εἶ
550 1663 622 1699 suis,
636 1665 724 1694 venit
740 1664 886 1701 Romam,

128 1711 162 1735 ut
187 1706 206 1736 εἰ
231 1713 341 1737 senatu
367 1707 550 1747 populoque
575 1705 722 1737 Romano
743 1708 886 1738 restitue-

128 1753 222 1779 retur.
267 1748 389 1780 Eodem
406 1755 546 1790 tempore
569 1749 663 1790 legati
680 1749 887 1781 Alexandrini

130 1797 238 1822 contra
264 1802 335 1822 eum
363 1798 535 1830 venerunt;
561 1802 692 1832 quorum
722 1793 889 1824 Ptolemae-

130 1843 165 1863 us
182 1844 324 1874 magnam
340 1841 458 1875 partem
476 1846 530 1875 per
551 1835 681 1865 insidias
706 1837 843 1873 sustulit,
856 1836 889 1866 in

130 1876 168 1906 iis
198 1877 372 1917 principem
400 1877 576 1918 legationis,
599 1877 736 1908 Dionem
764 1878 891 1910 Acade-

128 1919 254 1950 micum.
278 1919 468 1960 objecerant
483 1926 586 1950 autern
603 1926 810 1959 accusatores,
827 1922 891 1952 Pu-

131 1961 221 1992 teolis
236 1962 255 1992 a
271 1962 370 1993 Coelio
387 1963 524 2003 pulsatos
539 1963 645 1994 fuisse.

174 2007 227 2035 10.
254 2004 375 2035 Utinam
390 2016 427 2036 ne
440 2007 472 2036 in
486 2016 598 2036 nemore
619 2005 730 2046 Pelia]
775 2004 892 2035 Versus

133 2047 292 2087 desumpti
306 2053 378 2078 sunt
390 2057 426 2078 ex
450 2048 545 2078 Ennii
567 2048 700 2078 Medea.
745 2048 823 2078 Haec
838 2057 894 2077 au-

134 2094 197 2120 tem
220 2089 303 2125 cuin,
321 2095 448 2130 propter
469 2090 623 2121 Glaucam
647 2090 790 2121 Creontis
813 2089 892 2129 regis

135 2131 241 2168 filiam,
257 2142 290 2163 se
313 2134 353 2163 ab
375 2133 488 2164 Iasone
510 2138 721 2174 contemptam
742 2136 893 2167 cerneret,

135 2180 230 2205 noctu
252 2176 370 2212 regiam
394 2175 544 2216 ingressa,
566 2176 670 2206 radice
692 2175 711 2206 ἐ
733 2176 823 2207 Circe
846 2174 893 2204 in-

135 2218 240 2254 venta,
255 2218 296 2248 ea
307 2219 416 2249 virtute
433 2223 467 2248 ut
481 2219 562 2259 ignis
577 2219 729 2259 exstingui
744 2229 807 2248 non
822 2227 895 2258 pos·

134 2262 344 2295 set,eamdem
354 2262 506 2292 incendit.
521 2261 630 2291 Fertur
638 2268 742 2292 autem
751 2261 894 2291 Iasonem

135 2301 276 2344 protinus
290 2304 375 2344 regia
390 2304 518 2335 incensa
541 2305 710 2344 aufugisse,
727 2304 895 2335 Creontem

139 2345 212 2376 vero
235 2351 267 2376 et
292 2346 445 2378 Glaucam
473 2348 545 2388 igne
567 2347 662 2378 fuisse
685 2351 895 2387 consumptos

140 2387 225 2419 Vide
241 2387 428 2425 Diodorum,
444 2390 498 2420 lib.
515 2401 545 2420 v.

177 2429 228 2462 Ib.
251 2430 361 2473 Pelia]
408 2432 519 2463 Pelion
547 2443 633 2463 mons
657 2438 704 2463 est
722 2431 890 2463 Thessalia:

135 2472 290 2515 frequenti
307 2475 381 2515 pinu
397 2476 538 2510 refertus,
551 2476 602 2505 ubi
618 2475 704 2506 navis
719 2475 818 2516 Argo,
829 2474 891 2515 qua.

134 2513 229 2546 Iason
246 2522 352 2548 vectus
367 2523 424 2554 est,
440 2519 584 2549 confecta
598 2519 667 2550 fuit.

180 2561 233 2591 11.
257 2559 340 2591 Hera
361 2563 492 2603 errans]
539 2561 652 2592 Clodia
673 2560 793 2591 offensa
815 2570 895 2591 nun·

137 2609 228 2641 quam
243 2602 302 2632 hae
315 2602 470 2634 calumnia
487 2603 621 2634 Coelium
637 2603 781 2634 afficeret.

182 2647 232 2675 12.
257 2644 392 2688 Medea]
439 2646 503 2677 Sub
528 2646 650 2677 Medea
665 2646 810 2677 Clodiam
835 2645 896 2685 sig-

137 2685 254 2734 nificat,
269 2697 340 2728 quae
355 2689 496 2720 insanum
519 2700 607 2720 suum
623 2699 760 2720 amorem
775 2688 807 2719 in
822 2687 895 2719 Coe-

137 2727 226 2766 hum,
241 2729 274 2760 in
288 2731 394 2762 odium
408 2738 441 2762 et
455 2733 531 2764 iram
548 2733 711 2764 convertit.

180 2774 232 2803 14.
255 2771 426 2805 Palatinam
441 2774 602 2816 Medeam]
648 2774 762 2807 Clodia
774 2773 896 2806 habita·

931 1622 985 1652 bat
1007 1621 1038 1652 in
1062 1625 1167 1652 monte
1184 1616 1340 1660 Palatino,
1355 1619 1492 1661 ideoque
1508 1628 1576 1649 eam
1594 1616 1686 1649 Pala-

931 1666 1029 1695 tinam
1046 1669 1146 1694 vocat.
1672 1661 1675 1668 '

975 1709 1026 1737 19.
1052 1706 1212 1747 Pontijiciis
1221 1706 1368 1745 comitiis]
1417 1705 1581 1735 Pontificia
1591 1703 1687 1735 comi-

930 1750 974 1780 tia
1001 1751 1196 1785 dicebantur,
1218 1748 1250 1778 in
1276 1749 1387 1789 quibus
1414 1749 1576 1789 pontifices
1602 1757 1687 1778 crea-

933 1794 1054 1824 bantur.
1099 1792 1185 1822 Tulit
1209 1796 1313 1822 autem
1335 1791 1436 1831 legem
1453 1791 1513 1821 Cn.
1532 1789 1687 1821 Domitius

934 1835 1146 1874 AEnobarbus,
1176 1834 1245 1864 trib.
1276 1834 1360 1875 pleb.
1388 1834 1427 1864 C.
1454 1833 1558 1863 Mario
1585 1838 1618 1862 et
1651 1832 1688 1863 L.

933 1878 1062 1910 Aurelio
1078 1877 1168 1908 Coss.
1192 1887 1273 1907 anno
1290 1876 1382 1907 Urbis
1405 1877 1480 1906 650.
1500 1882 1534 1906 ut
1556 1886 1618 1905 non
1641 1885 1689 1905 sa-

934 1922 1096 1951 cerdotum
1119 1920 1264 1959 collegia,
1280 1926 1313 1949 ut
1335 1919 1438 1955 antea,
1451 1930 1543 1959 quem
1560 1918 1689 1952 vellent,

934 1968 1132 2004 cooptarent;
1160 1964 1216 1993 sed
1232 1962 1338 2003 populi
1353 1962 1385 1992 id
1399 1962 1583 1992 beneficium
1595 1965 1688 1992 esset.

935 2006 1016 2038 Cum
1031 2012 1135 2036 autem
1158 2005 1292 2046 populus
1315 2015 1370 2046 per
1392 2005 1573 2044 religionem
1588 2014 1691 2034 sacer-

935 2049 1024 2080 dotia
1039 2049 1185 2078 mandare
1200 2057 1262 2077 non
1280 2053 1395 2088 posset,
1410 2047 1530 2088 rogavit
1545 2052 1577 2076 ut
1593 2047 1691 2081 minor

936 2102 1006 2132 pars
1029 2090 1149 2132 populi,
1165 2090 1197 2119 id
1213 2094 1270 2126 est,
1286 2090 1381 2120 tribus
1398 2089 1621 2130 septemdecim
1637 2100 1691 2119 vo-

936 2139 1078 2165 carentur
1092 2144 1100 2171 3
1124 2138 1156 2163 et
1171 2132 1210 2163 ab
1226 2132 1264 2163 ea
1279 2137 1364 2173 parte
1378 2132 1433 2173 qui
1450 2138 1530 2163 esset
1540 2133 1653 2169 factus,
1663 2132 1690 2164 is

937 2176 956 2207 εὶ
970 2176 1103 2216 collegio
1119 2180 1326 2215 cooptaretur.

980 2222 1032 2251 520.
1058 2218 1400 2258 Primzim,curszatim.]
1424 2217 1692 2257 Probatnonpul-

939 2267 1038 2293 saturn
1050 2262 1144 2292 fuisse
1158 2261 1242 2291 illum
1256 2267 1429 2291 senatorem
1442 2260 1461 2289 a
1473 2259 1585 2299 Caelio,
1597 2261 1692 2302 idque

939 2315 976 2336 cx
991 2304 1176 2345 conjecturae
1191 2304 1267 2334 locis
1284 2314 1339 2344 per
1354 2303 1636 2343 interrogationem.

981 2349 1034 2379 24.
1059 2347 1102 2377 Ex
1125 2358 1180 2386 quo
1206 2348 1257 2376 iste
1271 2346 1360 2387 fonte
1388 2345 1527 2386 emanet]
1573 2346 1694 2382 Quaerit

940 2390 1061 2426 Cicero,
1072 2401 1109 2420 an
1127 2394 1249 2420 senator
1264 2389 1315 2419 ille
1329 2394 1441 2429 sponte
1453 2388 1520 2424 sua,
1531 2399 1570 2418 an
1584 2390 1693 2419 adver-

934 2433 1080 2464 sariorum
1104 2432 1247 2473 precibus
1262 2432 1415 2462 adductus
1429 2431 1522 2462 fuerit
1536 2432 1576 2462 ad
1592 2432 1694 2462 feren-

937 2477 1011 2507 dum
1028 2481 1137 2507 contra
1153 2475 1284 2506 Coeliurn
1301 2474 1519 2504 testimonium.

980 2521 1031 2550 26.
1057 2519 1175 2549 Ductus
1187 2519 1223 2548 ab
1238 2520 1295 2557 ipso
1309 2517 1429 2557 capite]
1477 2517 1509 2547 Si
1525 2522 1626 2548 autem
1639 2516 1692 2546 ille

939 2568 1062 2593 senator
1091 2567 1252 2601 corruptus
1277 2565 1324 2591 est
1353 2560 1372 2590 ῑι
1402 2560 1525 2594 Clodia,
1550 2565 1584 2588 ut
1614 2560 1692 2592 lianc

941 2605 1171 2636 accusationem
1192 2603 1372 2644 susciperet,
1389 2609 1420 2632 et
1441 2607 1546 2632 contra
1562 2601 1693 2632 Coelium

941 2648 1035 2678 ferret
1053 2647 1276 2682 testimonium,
1292 2646 1349 2676 crit
1371 2644 1444 2675 sanc}
1467 2644 1550 2685 quod
1574 2644 1694 2674 laetetur

940 2690 1062 2727 Cicero,
1084 2690 1170 2732 quod
1195 2700 1274 2719 unus
1297 2686 1416 2718 tantum
1439 2686 1490 2717 ille
1512 2687 1694 2728 reperiatur,

939 2733 994 2774 qui
1007 2733 1127 2764 Clodiae
1139 2743 1239 2765 causae
1254 2731 1369 2762 servire
1381 2729 1524 2762 voluerit.
1559 2728 1622 2762 Hic
1631 2740 1696 2761 me-

939 2777 1070 2818 taphora
1085 2777 1124 2808 ab
1141 2775 1231 2816 aquis
1245 2773 1374 2815 elegans
1388 2777 1447 2805 est.

1643 149 1723 193 221

1270 843 1408 893 einde,
1433 842 1468 883 si
1489 842 1532 883 id
1553 841 1671 904 queri
1691 844 1746 883 20
