1790 3090
96 182 183 226 422
798 184 1062 221 PHILIPPICA
1086 186 1135 219 11.

181 270 279 314 quae
308 263 396 300 tam
428 259 606 314 ingratae
641 257 776 301 literae
814 262 1088 317 reperientur,
1127 276 1223 319 quae
1263 275 1411 305 eorum
1446 259 1624 318 gloriam
1654 276 1741 306 non

179 314 516 356 immortalitatis
539 315 746 357 memoria
776 319 1110 374 prosequantur?
1170 318 1233 360 Tu
1254 318 1353 361 vero
1375 318 1571 360 adscribe
1593 332 1661 360 me
1681 325 1743 361 ta-

178 371 266 413 lem
287 372 331 411 in
348 377 611 413 numerum?
647 372 733 414 Sed
752 388 879 415 unam
896 389 983 416 rem
1002 390 1161 427 vereor,
1183 390 1236 416 ne
1255 391 1342 417 non
1363 376 1537 432 probes:
1571 374 1607 416 si
1629 374 1743 416 enim

180 427 374 479 fuissem,
395 443 480 468 non
499 430 639 470 sol-Cim
656 444 814 485 regem,
837 432 913 472 sed
927 446 1105 487 regnum
1122 432 1265 482 etiam,
1288 433 1340 473 de
1362 431 1584 487 republica
1603 438 1745 472 sustu-

104 488 161 529 45
181 484 347 525 iissem:
380 491 437 534 et,
460 484 495 525 si
517 500 637 526 meus
659 485 810 527 dstilus
828 487 899 529 ille
914 488 1145 543 fuisset(ut
1161 488 1349 539 dicitur),
1372 488 1473 529 mihi
1498 487 1639 538 crede,
1656 501 1744 528 non

180 539 316 581 solnm
332 556 465 581 unum
482 548 641 593 actum,
655 543 731 583 sed
750 549 885 584 totam
901 544 1103 594 fabulam,
1122 544 1420 586 confecissem.
1454 542 1745 600 Quamquam,

181 596 217 637 si
239 597 420 638 interfici
440 598 654 640 Caesarem
670 599 858 641 voluisse
877 599 1036 641 crimen
1052 608 1131 652 est,
1145 601 1259 652 vide,
1273 616 1436 656 quaeso,
1450 600 1627 651 Antoni,
1641 599 1746 654 quid

181 653 261 694 tibi
291 653 479 695 futurum
510 655 591 707 sit;
624 670 754 711 quem
788 663 831 697 et
863 657 1064 698 Narbone
1093 657 1177 698 hoc
1198 657 1427 698 consilium
1448 672 1545 698 cum
1573 656 1623 697 C.
1645 656 1747 697 Tre-

180 709 312 751 bonio
330 711 497 766 cepisse
512 711 783 754 notissimum
801 720 887 764 est3
919 719 975 765 et,
994 715 1048 755 ob
1068 715 1160 770 ejus
1177 713 1347 755 consilii
1362 713 1631 767 societatem,
1649 711 1746 753 cnm

106 771 162 811 50
183 766 498 808 interficeretur
520 768 679 820 Caesar,
712 776 803 809 tum
823 777 866 811 te
890 770 916 809 ἐι
936 770 1152 812 Trebonio
1173 770 1360 811 vidimus
1383 769 1588 811 sevocari.
1650 768 1746 827 Ego

180 829 339 874 autem,
363 823 494 875 (vide,
517 824 645 879 quam
662 832 807 866 tecum
820 841 945 882 agam
958 841 1044 867 non
1062 825 1254 877 inimice)
1276 827 1393 882 quod
1412 825 1521 868 bene
1542 823 1745 882 cogitasti
1761 836 1772 842 ‘

179 879 427 933 aliquando,
447 881 598 931 laudo3
631 880 749 936 quod
772 896 856 922 non
878 882 1098 934 indicasti,
1121 883 1280 939 gratias
1303 898 1408 938 ago3
1440 879 1558 939 quod
1579 896 1666 922 non
1685 882 1748 922 fe-

182 934 297 986 cisti,
328 934 532 990 ignosc03
564 937 696 977 virum
717 951 783 978 res
806 938 879 978 illa
900 940 1133 993 quaerebat.
1193 939 1320 986 Quod
1342 940 1378 981 si
1399 947 1441 981 te
1472 939 1516 979 in
1532 937 1748 994 judicium

183 990 280 1047 quis
314 991 516 1044 adducat,
549 1000 810 1048 usurpetque
838 994 946 1035 illud
976 994 1248 1045 Cassianum,
1282 1001 1309 1020 “
1336 998 1421 1037 Cui
1447 994 1748 1050 boizofueritss'

107 1055 162 1096 55
181 1047 294 1098 vide,
333 1063 493 1104 quaeso,
534 1064 588 1091 ne
631 1050 814 1091 ehaereas
833 1066 844 1101 ;
894 1050 1157 1107 quamquam
1198 1050 1306 1091 illud
1347 1051 1519 1106 quidem
1562 1050 1645 1091 fuit
1682 1054 1748 1105 (ut

180 1111 230 1144 tu
269 1104 464 1157 dicebas)
506 1108 701 1148 omnibus
736 1109 855 1158 bono,
895 1107 969 1163 qui
1009 1107 1165 1148 servire
1204 1107 1434 1159 nolebant3
1486 1106 1564 1148 tibi
1605 1113 1749 1148 tamen

181 1161 410 1217 praecipue,
447 1162 521 1219 qui
560 1177 647 1204 non
688 1163 819 1205 modo
852 1178 937 1204 non
975 1163 1123 1216 servis,
1170 1164 1247 1205 sed
1282 1163 1409 1205 etiam
1450 1178 1629 1220 regnas3
1675 1163 1748 1219 qui

182 1217 369 1260 maximo
391 1225 432 1261 te
455 1234 536 1261 aere
567 1219 705 1261 alieno
734 1221 789 1262 ad
821 1220 957 1262 eedem
992 1220 1099 1278 Opis
1128 1219 1347 1272 liberasti3
1379 1219 1453 1278 qui
1480 1235 1556 1277 per
1576 1219 1749 1261 easdem

579 1447 750 1503 “Iurgia
1066 1455 1080 1471 ⁰
1088 1450 1289 1490 vincaris.

233 1677 286 1706 44.
311 1674 378 1706 Non
391 1676 481 1707 solzim
494 1686 600 1717 regem,
622 1677 669 1707 sed
688 1686 811 1717 regnum
824 1675 942 1716 etiam]
992 1675 1120 1715 Censuit
1137 1676 1231 1713 enim,
1248 1685 1324 1713 rem,
1340 1685 1409 1717 quae
1420 1686 1476 1717 pro
1487 1675 1608 1717 legibus
1619 1675 1752 1707 etliber-

189 1717 247 1749 Ait
262 1719 385 1755 Cicero,
409 1719 434 1750 si
459 1720 489 1749 in
511 1719 565 1749 illa
584 1719 691 1750 fuisset
706 1719 947 1760 conspiratione,
991 1725 1055 1750 tate
1070 1721 1288 1761 susciperetur,
1311 1730 1416 1751 carere
1441 1719 1527 1750 omni
1552 1718 1671 1750 invidia
1694 1720 1751 1751 de-

190 1772 223 1792 se
239 1772 301 1792 non
316 1761 415 1792 solum
433 1762 598 1798 Caesarein,
621 1763 676 1793 sed
698 1762 870 1793 Antonium
891 1763 948 1794 eti·
992 1763 1079 1793 bere.

190 1814 252 1840 am,
276 1804 506 1835 interfecturum
530 1806 641 1835 fuisse:
674 1811 706 1835 et
716 1806 749 1835 id
766 1806 888 1836 videtur
903 1806 949 1836 in·
1036 1808 1089 1837 50.
1112 1805 1270 1846 Sevocari]
1303 1806 1469 1841 Sevocant,
1486 1804 1750 1847 quiconsiliapri-

190 1857 286 1878 nuere
301 1847 402 1887 Epist.
417 1851 445 1878 1.
460 1849 499 1878 ad
518 1848 606 1880 Cass.
624 1853 656 1878 et
672 1848 773 1888 Epist.
791 1851 822 1884 8,
840 1852 893 1888 10,
917 1854 950 1878 et
993 1855 1065 1878 vata
1091 1854 1123 1878 et
1144 1855 1261 1879 secreta
1289 1848 1529 1879 communicant.
1587 1847 1666 1879 Ct'im
1698 1859 1752 1880 ac-

192 1892 244 1921 16.
260 1891 300 1920 ad
317 1891 385 1920 Att.
403 1891 456 1920 lib.
474 1893 526 1921 14.
992 1895 1058 1920 tum
1080 1896 1162 1921 esset
1177 1892 1195 1921 a
1209 1891 1375 1931 conjuratis
1392 1891 1432 1920 de
1448 1890 1663 1921 interficiendo
1680 1891 1754 1922 Cae-

235 1934 288 1964 45.
334 1931 401 1963 Non
429 1933 517 1963 solstm
544 1944 635 1963 niuem
658 1939 766 1968 actum,
792 1934 839 1963 sed
862 1940 950 1964 totczm
992 1944 1071 1969 sare,
1093 1934 1250 1964 Trebonio
1268 1935 1374 1964 datum
1388 1939 1434 1963 est
1447 1934 1620 1974 negotium,
1641 1938 1686 1969 ut,
1709 1944 1748 1964 eo

179 1975 349 2017 fabulam]
379 1975 521 2016 Respicit
531 1977 569 2005 ad
585 1977 762 2016 tragoedias,
779 1986 847 2016 quae
857 1977 949 2017 vulgo
993 1976 1130 2016 ingresso
1148 1976 1177 2005 in
1195 1981 1347 2010 senatum,
1359 1975 1532 2005 Antonium
1549 1975 1633 2005 extra
1651 1987 1749 2007 inora-

191 2019 329 2059 quinque
345 2019 463 2049 actibus
479 2019 698 2060 perficiuntur3
722 2019 817 2059 quare
844 2020 898 2055 ait,
923 2020 947 2049 si
992 2024 1084 2054 retur,
1119 2024 1358 2059 sevocat-etque:
1393 2019 1576 2049 verebantur
1606 2019 1689 2049 enim
1717 2019 1749 2050 in

190 2062 272 2092 illius
297 2062 455 2102 tragoediae
479 2062 608 2102 scriptor
637 2061 756 2099 fuisset,
786 2072 848 2091 non
879 2072 947 2092 eam
992 2060 1131 2092 Antonio
1148 2067 1333 2102 potestatem
1349 2061 1551 2092 consularem.

191 2104 406 2145 imperfectam
420 2116 452 2135 se
468 2105 643 2135 relicturum
673 2104 780 2142 fuisse,
803 2105 857 2135 sed
879 2116 946 2135 eam
1036 2107 1088 2135 53.
1115 2104 1217 2135 Virum
1231 2115 1275 2135 res
1289 2105 1341 2135 illa
1356 2105 1524 2147 quaerebat.]
1580 2103 1633 2134 Ad
1655 2104 1687 2135 id
1703 2105 1750 2135 fa.

191 2148 231 2177 ad
259 2147 397 2177 ultimum
427 2158 525 2188 usque
559 2153 661 2178 actum
698 2147 923 2188 completurum
940 2159 948 2185 ;
992 2147 1079 2178 cinus
1096 2148 1285 2184 audendum,
1300 2158 1378 2188 opus
1394 2154 1459 2178 erat
1476 2148 1621 2178 viroforti
1638 2154 1670 2178 et
1681 2159 1750 2189 pro-

190 2191 348 2230 completa
377 2195 480 2221 autem
510 2190 619 2221 suisset
647 2190 752 2220 fabula
786 2190 948 2222 interfecto
992 2190 1045 2226 bo,
1068 2191 1167 2232 qualis
1181 2202 1243 2221 non
1261 2195 1307 2221 est
1326 2190 1496 2227 Antonius,
1518 2190 1571 2233 qui
1587 2190 1675 2221 unice
1692 2190 1750 2222 sibi

190 2233 342 2263 Antonio.
992 2234 1110 2269 studet,
1126 2234 1270 2273 neglecta
1285 2230 1453 2274 republica.

234 2278 286 2307 48.
317 2276 478 2318 Narbona]
523 2275 642 2312 Narbo,
666 2276 718 2317 qui
734 2275 868 2306 Martius
881 2275 948 2307 dic·
1035 2278 1087 2307 54.
1113 2277 1171 2307 Cui
1186 2275 1396 2318 bonosum-in]
1447 2276 1498 2306 De.
1521 2276 1575 2307 illo
1600 2275 1749 2307 Cassiano

191 2323 239 2348 tus
262 2324 319 2355 est,
336 2319 450 2350 Galliae
474 2319 582 2350 civitas
607 2319 829 2361 antiquissima,
853 2320 871 2349 a
886 2320 949 2361 qua
993 2319 1110 2349 dictum
1127 2325 1175 2350 cst
1190 2320 1220 2350 in
1237 2320 1325 2351 Orat.
1340 2330 1395 2361 pro
1412 2319 1546 2356 Milone,
1563 2329 1666 2361 parag.
1684 2319 1750 2350 viii.

188 2370 304 2392 nomen
320 2362 498 2402 provinciae.
992 2362 1047 2393 lin.
1063 2364 1094 2394 4.

234 2403 283 2434 Ib.
319 2405 382 2434 Hoc
396 2403 576 2446 consilium]
627 2404 708 2435 Ciam
729 2404 808 2435 inter
824 2415 856 2435 se
873 2415 947 2435 con·
1035 2406 1088 2438 58.
1114 2406 1162 2435 Ad
1175 2405 1367 2447 ffdemOpz's]
1407 2405 1460 2436 De
1474 2405 1512 2435 ea
1527 2405 1595 2435 aede
1607 2414 1661 2434 seu
1672 2409 1751 2435 tem·

182 2445 281 2486 jurati
297 2447 336 2477 de
352 2447 566 2478 interficiendo
583 2448 704 2479 Caesare
728 2448 946 2483 deliberarent,
990 2448 1043 2488 plo
1068 2448 1107 2478 in=
1122 2448 1270 2488 superiori
1297 2449 1436 2479 oratione
1464 2448 1578 2478 dictum
1608 2452 1666 2482 est,
1695 2448 1750 2478 ubi

188 2489 268 2519 inter
290 2489 359 2519 illos
381 2496 482 2520 actum
499 2496 557 2526 est,
581 2501 618 2521 an
637 2490 807 2520 Antonium
825 2491 865 2520 ad
884 2501 946 2520 rem
988 2491 1049 2521 suit
1061 2491 1198 2521 aerarium
1213 2491 1322 2532 populi
1334 2491 1480 2527 Romani,
1496 2491 1578 2532 quod
1593 2490 1748 2530 praedatus

187 2532 410 2572 perficiendam
424 2533 603 2563 invitarent:
620 2538 652 2563 at
665 2539 771 2563 contra
784 2533 860 2563 dixit
872 2533 946 2563 Tre·
990 2538 1038 2563 est
1049 2533 1216 2565 Antonius.

186 2575 311 2611 bonius,
334 2581 476 2606 causatus
501 2587 532 2605 se
547 2575 676 2606 Antonii
691 2581 825 2605 mentem
839 2576 946 2615 explo-
1033 2576 1081 2606 Ib.
1112 2576 1171 2606 Per
1196 2577 1305 2607 easdem
1327 2576 1467 2617 tabulas]
1512 2575 1579 2606 Aut
1604 2575 1751 2618 intelligit

186 2623 284 2648 ratam
308 2619 435 2654 habere,
469 2629 560 2659 quem
579 2621 644 2657 jam
669 2619 707 2648 ad
730 2619 760 2648 id
786 2618 945 2655 excitarat,
989 2619 1109 2649 tabulas
1129 2619 1271 2655 Caesaris,
1294 2620 1325 2649 in
1350 2620 1461 2660 quibus
1487 2618 1555 2659 ejus
1582 2624 1652 2650 acta
1673 2629 1748 2650 eon-

186 2660 258 2691 cfim
291 2660 396 2691 Caesar
422 2672 460 2690 ex
487 2661 641 2702 Hispania
665 2666 887 2698 reverteretur3
914 2667 946 2691 at
989 2661 1175 2697 tinebantur,
1201 2662 1249 2692 vel
1266 2662 1385 2692 tabulas
1407 2662 1588 2692 eorumdem
1612 2661 1749 2693 credito-

184 2703 357 2734 Antonium
380 2704 548 2740 recusasse,
574 2714 632 2733 nec
657 2708 761 2734 tamen
788 2703 942 2735 indicasse
986 2714 1068 2741 rum3
1092 2704 1432 2745 nam‚solutapecuniz'1
1442 2704 1539 2735 veteri
1550 2704 1747 2746 debitiupri-

186 2746 312 2782 Caesari,
328 2747 383 2777 sed
400 2747 534 2778 fideliter
547 2746 698 2785 tacuisse3
720 2747 813 2788 quare
831 2747 941 2778 iterum
986 2758 1053 2778 ores
1067 2748 1187 2778 tabulas
1203 2758 1272 2778 cum
1290 2748 1400 2778 iisdem
1424 2747 1627 2779 creditoribus
1643 2747 1743 2778 Anto-

183 2790 223 2819 ab
236 2789 279 2820 eis
292 2789 497 2820 deliberatum
511 2795 569 2826 est,
596 2801 634 2821 an
649 2800 719 2820 cum
737 2791 859 2821 caesare
877 2789 942 2821 An·
985 2790 1053 2822 nius
1069 2790 1238 2826 renovavit,
1263 2801 1362 2821 rursus
1385 2796 1542 2824 mutuatus
1566 2791 1607 2824 ab
1626 2790 1743 2823 eisdem

184 2833 303 2864 (ouium
319 2834 511 2866 occiderent:
536 2833 633 2867 scdid
647 2833 805 2876 prohibuit
815 2833 939 2867 Brutus.
984 2834 1150 2875 pecuniam,
1165 2844 1249 2876 quas
1267 2834 1444 2876 dissiparet.
