1759 2997
80 109 168 153 532
788 111 937 144 NoTAE.

87 190 175 239 bat,
197 190 326 246 idque
344 191 488 245 ipsum
506 190 556 230 in
577 188 885 243 superioribus,
908 189 1022 229 circa
1046 199 1151 242 quos
1170 189 1300 231 etiam
1319 197 1481 242 magna
1501 201 1659 238 manus

87 248 277 289 militum
297 247 540 289 eoecubabat.
602 248 819 288 Senatum
838 259 1003 299 quoque
1023 246 1149 286 semel
1168 247 1215 286 in
1233 247 1406 299 porticu
1427 247 1509 287 suci
1528 247 1658 290 habu-

87 311 186 347 erat
208 305 457 359 Pompeius,
479 303 588 357 quod
609 304 768 344 diceret
789 304 935 344 timere
955 317 999 344 se
1019 303 1250 344 adventum
1272 300 1470 343 Milonis.

149 364 268 404 Dein
279 364 472 416 prooeimo
487 365 644 401 senatu
660 358 716 400 P.
734 360 1173 416 Cornificiusferrum
1188 358 1395 401 Milonem
1409 361 1528 401 intra
1541 363 1661 407 tuni-

95 435 191 462 cam
217 420 367 460 habere
388 418 445 458 ad
454 418 606 472 femur
636 418 863 470 alligatum
894 418 1086 464 dia‘erat‚·
1113 418 1425 470 postulaverat,
1445 422 1498 458 ut
1506 418 1659 471 femur

89 478 304 523 nudaret;
337 480 377 516 et
397 476 468 515 ille
488 475 581 515 sine
601 476 719 515 mora
739 475 933 514 tunicam
954 475 1167 515 levaverat
1183 490 1196 515 .·
1229 478 1319 514 tum
1344 470 1409 512 M.
1427 474 1573 516 Cicero
1587 489 1659 516 ea?-

90 535 365 583 clamaverat,
387 533 531 573 omnia
551 532 617 572 illi
637 532 797 572 similia
817 532 1002 571 crimina
1022 545 1122 581 esse,
1145 544 1246 584 quoe
1260 533 1309 572 in
1326 527 1534 572 Milonem
1548 532 1658 573 dice-

88 596 245 632 rentur
264 592 364 631 alia.

144 648 314 689 Deinde
327 645 563 688 stIunatius
579 646 776 687 Plancus
790 646 993 687 tribunus
1003 645 1140 699 plebis
1149 645 1416 699 produoeerat
1431 646 1480 686 in
1494 647 1653 687 concio-

88 719 187 746 nem
209 704 273 745 M.
289 705 519 745 AEmilium
537 703 842 752 Philemonem,
860 708 1011 744 notum
1031 704 1255 752 hominem,
1273 703 1473 743 libertum
1488 702 1545 743 M
1549 733 1557 742 .
1575 704 1654 745 Le-

84 763 202 817 pidi:
220 765 258 803 is
270 777 314 803 se
327 762 503 810 dicebat,
514 762 765 814 pariterque
778 774 917 801 secum
931 765 1119 813 quatuor
1133 761 1281 801 liberos
1293 760 1482 800 homines
1493 760 1576 800 iter
1576 761 1656 815 fa-

89 821 263 868 cientes,
285 820 592 871 supervenisse,
615 816 704 857 cum
731 818 907 858 Clodius
937 818 1211 866 occideretur,
1237 821 1290 866 et,
1312 817 1359 856 ob
1381 817 1427 857 id
1445 814 1538 856 cum
1554 831 1656 870 pro-

90 874 359 924 clamassent,
375 876 566 927 abreptos
575 879 615 914 et
626 875 854 928 perductos
870 876 918 914 in
934 875 1080 914 villam
1099 872 1294 922 Milonis,
1311 874 1452 926 ibique
1454 887 1535 926 per
1548 874 1655 915 duos

88 947 252 973 menses
266 933 503 985 praeclusos
513 931 659 985 fuisse
672 948 684 972 .·
716 945 849 983 eaque
869 945 950 979 res,
972 945 1049 971 seu
1069 945 1184 978 cera,
1201 944 1277 970 seu
1287 931 1427 983 falsa,
1449 944 1654 983 magnam

87 991 134 1029 in
142 990 298 1030 vidiam
313 987 473 1029 Miloni
488 992 789 1034 contraa‘erat;
809 988 1001 1039 idemque
1016 985 1257 1026 [munatius
1272 990 1312 1026 et
1330 985 1562 1038 Pompeius
1577 990 1655 1030 tri-

88 1047 195 1086 buni
212 1047 346 1099 plebis
366 1047 412 1085 in
430 1046 590 1086 Rostra
604 1045 907 1097 p=1·odu.ver(mt
923 1045 1199 1085 triumvirum
1217 1044 1456 1096 capitalem,
1474 1057 1653 1097 eumque

88 1105 475 1156 interrogaverant,
490 1116 550 1142 an
569 1103 771 1143 Galatam
789 1099 972 1141 Milonis
991 1115 1158 1142 servum
1182 1101 1318 1140 ccedes
1327 1100 1565 1154 facientem
1586 1102 1653 1142 de-

81 1161 397 1213 prehendisset:
419 1161 433 1199 i
439 1160 781 1208 lle,dormientem
797 1160 845 1198 in
858 1159 1033 1198 taberna
1043 1158 1321 1212 profugitivo
1330 1157 1652 1209 deprehensum,

86 1222 128 1257 et
144 1218 200 1257 ad
212 1232 254 1257 se
262 1217 520 1270 perductum
533 1230 633 1264 esse,
649 1216 944 1268 responderat:
963 1216 1330 1256 denuntiaverant
1342 1217 1486 1254 tamen
1502 1215 1652 1255 trium-

84 1275 189 1321 viro,
206 1288 261 1314 ne
277 1288 444 1314 servum
456 1275 715 1314 remitteret:
746 1272 819 1312 sed
833 1273 1004 1325 postera
1021 1273 1088 1313 die
1108 1271 1270 1311 Ccelius
1286 1271 1490 1311 tribunus
1500 1272 1651 1324 plebis,

85 1335 127 1371 et
149 1329 369 1371 Blanilius
388 1332 619 1371 Canianus
635 1331 793 1381 collega
809 1330 918 1381 ejus,
933 1334 1126 1383 ereptum
1147 1326 1166 1368 ὲ
1188 1329 1304 1369 domo
1326 1329 1545 1369 triumviri
1565 1343 1652 1370 ser-

84 1401 185 1428 vum
207 1388 265 1428 M
266 1389 371 1428 iloni
389 1388 680 1428 reddiderunt.

140 1446 243 1485 Etsi
264 1446 432 1485 nullam
452 1446 502 1485 cle
522 1446 588 1485 liis
609 1445 860 1486 criminibus
880 1444 1136 1484 mentionemv
1145 1442 1257 1497 fecit
1280 1442 1453 1490 Cicero‚·
1487 1447 1646 1492 tamen,

83 1504 187 1555 quia
208 1504 271 1542 ita
293 1516 589 1554 compereram,
608 1503 763 1554 putavi
784 1501 1050 1555 eoeponenda.

114 1602 116 1604 ,
139 1559 265 1599 Inter
281 1560 442 1612 primos
463 1563 503 1599 et
526 1560 572 1606 Q.
597 1558 845 1611 Pompeius,
867 1563 908 1598 et
931 1559 976 1599 C.
1000 1558 1244 1599 Sallustius
1265 1561 1306 1597 et
1332 1557 1387 1597 Τ.
1410 1554 1650 1598 Munatius

85 1614 299 1663 Plancus,
321 1616 487 1656 tribuni
509 1616 657 1668 plebis,
678 1617 996 1655 inimicissimas
1025 1616 1244 1654 conciones
1269 1615 1318 1654 de
1343 1611 1510 1654 Milone
1529 1615 1652 1655 habe-

84 1673 201 1721 bant,
223 1674 457 1713 invidiosas
478 1674 607 1712 etiam
627 1673 677 1713 de
700 1673 914 1721 Cicerone,
932 1672 1042 1724 quad
1059 1669 1268 1711 Milonem
1284 1675 1404 1711 tanto
1421 1671 1564 1712 studio
1580 1672 1651 1711 de-

70 1729 300 1782 senderet;
334 1734 510 1781 cratque
529 1731 719 1768 msurima
735 1743 843 1781 pars
864 1729 1158 1768 multitudinis
1187 1728 1378 1782 insensa,
1399 1741 1488 1768 non
1518 1725 1651 1769 solum

84 1783 260 1833 Miloni,
276 1787 349 1826 sed
368 1787 452 1838 ipsi
472 1788 615 1834 etiam,
634 1790 810 1838 propter
831 1787 1017 1825 inrisum
1032 1786 1340 1837 patrocinium,
1361 1784 1570 1824 Ciceroni.

141 1842 296 1883 Postea
316 1841 420 1882 Pom
423 1844 548 1894 peius
561 1847 601 1883 et
618 1844 860 1883 Sallustius
876 1843 923 1881 in
939 1840 1380 1894 suspicionefuerunt
1396 1841 1443 1880 in
1455 1843 1647 1892 gratiam.

80 1900 254 1939 rediisse
274 1914 371 1939 cum»
385 1899 552 1939 Milone
572 1913 621 1938 ac
641 1899 856 1939 Cicerone.
897 1898 1095 1938 Plancus
1108 1902 1251 1937 autem
1269 1898 1542 1951 infestissime
1549 1912 1648 1950 per.

80 1957 205 2005 stitit,
230 1961 357 2008 atque
378 1958 427 1995 in
455 1957 698 1996 Ciceronem
718 1969 882 2007 quoque
901 1955 1226 1994 multitudinem
1247 1955 1486 2006 instigavit.
1521 1953 1646 1996 Pom-

74 2014 173 2065 peio
195 2018 339 2053 autem
360 2017 604 2065 suspectum
617 2012 811 2066 faciebat
840 2012 1068 2060 sslilonem,
1091 2011 1148 2050 ad
1172 2012 1407 2063 perniciem
1427 2010 1521 2062 ejus
1541 2025 1646 2052 com-

73 2072 232 2123 parari
252 2072 336 2109 vim
366 2070 653 2124 vociferatus:
688 2067 1005 2121 Pompeiusque
1033 2069 1080 2108 ob
1112 2082 1161 2108 ea
1191 2064 1351 2120 scepiiis
1371 2068 1643 2120 querebatur,

70 2127 169 2179 fieri
199 2128 278 2167 sibi
298 2140 463 2179 quoque
484 2127 680 2174 insidias,
703 2129 743 2166 et
772 2126 818 2166 id
843 2125 1015 2179 palam:
1048 2139 1099 2164 ac
1133 2126 1293 2177 majore
1325 2138 1461 2164 manu
1495 2138 1539 2165 se
1573 2139 1644 2166 ar—

77 2184 247 2230 mabat‚·
281 2185 499 2223 dicturum
533 2197 698 2235 quoque
732 2183 843 2222 diem
881 2180 1076 2223 Ciceroni
1127 2180 1325 2221 Plancus
1369 2181 1613 2223 ostendebat
1625 2199 1641 2230 ‚-

71 2239 218 2293 posteri
249 2245 394 2280 (netem
427 2242 477 2289 Q.
501 2238 734 2293 Pompeius
769 2240 876 2279 idem
918 2241 1149 2279 minitatus
1182 2243 1305 2285 erat,·
1338 2241 1464 2278 tanta
1499 2243 1645 2279 tamen

77 2300 320 2338 constantia
342 2311 391 2336 ac
396 2299 514 2352 fides
524 2298 625 2351 fuit
647 2298 879 2345 Ciceronis,
903 2301 953 2336 ut
972 2310 1059 2336 non
1081 2297 1234 2348 populi
1254 2295 1279 2335 ὰ
1300 2309 1344 2335 se
1365 2296 1643 2350 alienatione,

76 2367 165 2393 non
190 2351 271 2394 Cn.
298 2353 491 2407 Pompeii
511 2354 840 2406 suspicionibus,
863 2367 949 2393 non
976 2354 1161 2406 periculi
1170 2353 1327 2407 futuri
1355 2355 1486 2401 metu,
1506 2354 1545 2393 si
1563 2353 1644 2393 sibi

75 2410 164 2450 dies
194 2412 251 2450 ad
277 2413 489 2464 populum
515 2412 741 2459 diceretur,
769 2424 858 2450 non
884 2412 1030 2459 armis,
1059 2423 1160 2462 quoe
1181 2407 1329 2462 palam
1354 2410 1404 2449 in
1433 2407 1642 2451 *Milonem

75 2472 249 2519 sumpta
279 2472 419 2517 erant,
448 2469 649 2508 deterreri
679 2469 873 2520 potuerit
901 2465 927 2506 ἂ
962 2468 1207 2520 defensione
1240 2467 1351 2518 ejus,
1377 2463 1472 2505 cum
1499 2471 1643 2519 posset

73 2538 195 2564 omne
210 2526 454 2578 periculum
475 2538 605 2564 suum
626 2529 667 2564 et
685 2525 956 2578 offensionem
976 2525 1166 2563 inimicoe
1195 2522 1491 2563 multitudinis
1517 2523 1641 2563 decli-

73 2594 195 2631 nare,
216 2583 420 2622 redimere
441 2583 567 2622 etiam
593 2580 671 2620 Cn.
695 2579 891 2633 Pompeii
911 2581 1121 2631 animum,
1143 2582 1181 2620 si
1196 2580 1386 2632 paulum
1415 2592 1467 2619 eoe
1496 2580 1641 2621 studio

73 2638 333 2691 defensionis
353 2640 592 2678 remisisset.

134 2693 313 2735 Pet-lata
334 2696 483 2736 deinde
503 2696 593 2747 lege
616 2693 825 2747 Pompeii,
846 2695 895 2734 in
916 2694 1001 2747 quei
1031 2694 1078 2735 id
1107 2706 1272 2746 quoque
1300 2694 1511 2747 scriptum
1531 2699 1640 2745 erat,

71 2755 124 2791 ut
150 2754 369 2804 quoesitor,
399 2753 607 2810 siff-agio
629 2753 798 2805 populi,
826 2765 878 2791 eoe
905 2753 960 2792 iis
985 2753 1061 2803 qui
1085 2752 1280 2791 consules
1294 2751 1501 2805 fuerant,
1523 2765 1638 2794 crea-

68 2812 204 2858 retur,
226 2810 373 2850 statim
401 2811 570 2850 comitia
602 2809 767 2859 habuit,
789 2813 1044 2862 creatusque
1064 2812 1157 2849 erat
1187 2808 1240 2849 L.
1260 2808 1482 2853 Domitius
1501 2808 1639 2851 AEno-

67 2864 223 2906 barbus
235 2868 462 2919 qucesitor:
487 2868 672 2909 aliorum
687 2867 1076 2920 quoquejudicum,
1092 2866 1166 2918 qui
1182 2866 1233 2907 de
1248 2866 1296 2907 6ἂ
1312 2878 1358 2907 re
1363 2864 1633 2916 judicarent,
