1858 3095
722 176 812 213 PRO
837 178 1031 213 MILONE.

104 266 212 308 rum,
233 255 351 313 quin,
381 253 478 297 cum
499 267 576 296 suo
597 254 788 318 periculo
810 256 991 297 salutem
1012 254 1259 312 reipublicae
1280 255 1510 308 attulisset,
1543 257 1670 300 cede-

105 320 168 355 ret
189 328 312 372 aequo
334 313 476 355 animo
513 312 736 369 [leg1bus,]
771 328 918 355 secum
940 313 1123 355 auferret
1143 313 1324 369 gloriam
1351 314 1670 370 sempiternam,

102 371 228 413 nobis
255 373 345 412 haeo
376 369 553 411 fruenda
588 370 811 425 linqueret,
845 386 940 426 qum
973 369 1063 426 ipse
1092 371 1321 412 servasset.

107 427 354 478 Catilinam,
387 433 515 482 atque
542 426 614 467 illa
642 433 854 483 portenta,
882 428 1178 483 loquebantur.

1383 371 1515 413 Multi
1541 372 1669 413 etiarn

104 484 226 541 pabit
241 484 426 540 aliquem
440 484 604 533 locum3
627 484 787 525 bellum
804 484 950 540 patriae
969 484 1141 525 t²aciet.'’
1179 484 1364 525 Miseros
1382 485 1594 527 interdum
1612 485 1671 526 ci-

104 555 193 592 ves,
208 539 368 597 optime
387 540 438 580 de
454 540 673 596 republica
691 541 884 582 meritos!
918 541 961 581 in
978 541 1132 597 quibus
1146 541 1342 581 homines
1360 555 1446 582 non
1463 543 1590 583 modo
1604 557 1672 584 res

104 596 452 654 praeclarissimas
470 597 795 648 obliviscuntur,
818 598 894 638 sed
912 597 1041 638 etiam
1061 596 1242 638 nefarias
1260 597 1547 652 suspicantur.
1596 598 1674 640 Er-

108 653 166 710 go
188 653 261 695 illa
282 655 389 695 salsa
410 653 593 706 fuerunt,
613 669 709 710 quae
730 654 846 695 certe
868 668 966 694 vera
986 652 1267 703 exstitissent,
1290 652 1326 693 si
1344 653 1452 694 Milo
1474 654 1675 696 admisis-

107 716 173 752 set
190 710 369 767 aliquid,
401 711 515 767 quod
539 726 624 752 non
646 718 793 766 posset
812 709 994 751 honeste
1014 713 1196 765 vereque
1225 708 1469 752 defendere.

108 782 204 824 quae
224 766 377 823 poste-<¹2
398 768 560 809 suntin
589 782 685 808 eum
713 773 933 822 congesta,
967 770 1081 821 (quae
1111 765 1321 822 quemviS,
1352 767 1482 808 etiam
1512 768 1677 810 medio-

109 824 244 866 crium
264 824 520 865 delictorum
543 823 818 873 conscientia,
844 822 1171 878 dperculissent)
1191 829 1238 863 ut
1259 823 1483 865 sustinuit!
1517 824 1575 866 dii
1600 824 1677 866 im-

108 881 335 922 mortales!
374 880 604 921 sustinuit?
642 878 771 921 immo
810 881 922 931 vero,
961 886 1009 920 ut
1040 879 1311 935 contempsit,
1349 894 1399 922 ac
1431 895 1506 937 pro
1540 881 1676 922 nihilo

106 937 294 994 putavit!
336 952 430 994 quae
472 952 611 993 neque
646 936 833 978 maximo
873 936 1014 977 animo
1059 950 1234 986 nocens,
1275 951 1414 993 neque
1452 938 1677 991 innocens,

108 993 192 1034 nisi
209 993 467 1035 fortissimus
486 994 560 1046 vir,
577 993 793 1049 negligere
808 993 1035 1050 potuisset.
1067 993 1310 1044 Scutorum,
1329 993 1582 1050 gladiorum,
1597 996 1677 1037 sre—
1696 1004 1752 1045 40

108 1064 273 1101 norum,
297 1065 533 1108 sparorum,
563 1051 831 1107 pilorumque
853 1050 996 1101 etiam,
1019 1050 1250 1091 multitudo
1270 1050 1532 1107 deprehendi
1550 1067 1678 1109 posse
1730 1059 1735 1065 '

103 1107 399 1163 judicabatur:
430 1108 595 1150 nullum
616 1107 660 1148 in
682 1107 799 1148 Urbe
819 1107 974 1158 vicum,
995 1108 1157 1151 nullum
1177 1107 1465 1163 angiportum,
1497 1123 1592 1151 esse
1614 1109 1679 1150 di-

109 1164 278 1215 cebant,
334 1164 378 1204 in
418 1179 504 1221 quo
551 1163 707 1205 Miloni
744 1179 830 1206 non
870 1170 984 1204 esset
1019 1164 1236 1205 conducta
1268 1165 1445 1206 domus:
1483 1180 1600 1207 arma
1634 1165 1680 1208 in

107 1221 253 1262 villam
282 1219 588 1262 Ocriculanam
620 1221 800 1262 devecta
829 1219 992 1270 Tiberi;
1027 1221 1179 1262 domus
1214 1220 1258 1260 in
1291 1221 1402 1262 clivo
1431 1221 1679 1278 Capitolino

109 1277 245 1319 scutis
294 1277 473 1331 referta;
524 1279 653 1334 plena
700 1277 845 1319 omnia
881 1277 1175 1319 malleolorum
1213 1276 1269 1318 ad
1308 1277 1438 1321 Urbis
1480 1279 1681 1322 incendia
1698 1290 1754 1330 45

723 1449 740 1475 ‘¹
743 1452 1064 1505 permovissent.

156 1666 209 1696 27.
235 1663 353 1695 eederet
366 1675 445 1707 aequo
459 1663 556 1696 animo
571 1663 705 1706 legibus]
759 1664 876 1704 Idest,

114 1714 237 1749 pareret
259 1708 391 1749 legibus,
415 1719 484 1749 quae
501 1708 616 1749 jubent
631 1720 702 1739 euru
725 1709 878 1747 exsulare,

115 1752 168 1791 qui
185 1751 282 1782 civem
300 1751 497 1782 interfecerit.

158 1796 211 1826 29.
235 1793 331 1824 Multi
352 1796 438 1824 etiam
463 1794 652 1836 Catilinam]
699 1795 879 1826 Credebant

115 1837 226 1878 aliqui,
256 1836 353 1878 quod,
376 1837 520 1868 Catilinae
548 1838 667 1875 similis,
691 1838 807 1869 bellum
830 1839 879 1868 in-

114 1881 209 1911 ferret
224 1881 344 1922 patriae.

157 1925 212 1955 30.
236 1925 331 1965 Atque
350 1924 404 1954 illa
424 1924 584 1965 portenta]
629 1923 785 1966 Intelligit
810 1935 880 1966 per-

116 1965 250 1997 niciosos
265 1967 334 1997 ilios
347 1967 430 1998 cives
446 1968 499 2009 qui
515 1967 682 1999 Catilinam
699 1969 812 1998 ducem
833 1978 881 1998 se-

117 2009 181 2040 cuti
197 2013 278 2045 sunt,
301 2010 409 2051 quales
429 2011 553 2041 fuerunt
575 2010 738 2048 Lentulus,
765 2010 882 2042 Cethe-

119 2063 186 2093 gus,
222 2052 338 2093 aliique
372 2053 603 2094 quamplurimi,
641 2054 681 2084 de
710 2053 823 2095 quibus
849 2053 882 2084 iu

122 2096 211 2127 Orat.
224 2100 331 2126 contra
347 2095 439 2128 Catil.
454 2095 599 2137 loquitur.

161 2140 215 2169 31.
240 2138 360 2169 Miseros
373 2139 518 2169 interdum
533 2140 634 2180 cives]
691 2137 884 2170 Exclamatio

121 2186 179 2218 est,
195 2181 258 2223 qua
269 2181 429 2213 concludit
439 2182 518 2212 hauc
531 2182 656 2212 brevem
666 2181 883 2213 narrationem.

121 2224 190 2255 llos
206 2223 295 2266 porro
313 2225 437 2255 miseros
453 2225 543 2264 dicit,
559 2224 656 2266 quod,
680 2223 754 2255 licet
767 2225 807 2255 (le
823 2225 889 2256 Re-

122 2268 198 2308 pub.
225 2267 303 2298 bene
328 2267 426 2298 meriti
452 2268 523 2304 sint,
546 2274 650 2298 tamen
674 2267 713 2297 ab
735 2267 810 2308 ipsis
825 2268 891 2299 col-

123 2310 188 2342 lata
202 2310 344 2352 Reipub.
366 2311 519 2341 beneficia
540 2310 631 2341 facile
653 2311 787 2351 populus
811 2311 888 2342 obli-

122 2353 258 2391 viscitur,
282 2359 315 2384 et
330 2353 412 2384 mala
427 2354 468 2384 de
483 2354 520 2385 iis
537 2364 619 2395 saepe
635 2353 818 2394 suspicatur.

145 2412 151 2419 ·
168 2398 222 2428 36.
259 2396 297 2427 In
311 2407 376 2427 eum
391 2397 550 2439 congesta]
597 2397 634 2427 Id
651 2402 710 2432 est,
732 2401 779 2427 tot
794 2397 834 2428 de
849 2407 889 2428 eo

132 2440 218 2471 dicta
234 2446 316 2477 sunt,
329 2451 367 2471 cx
380 2451 443 2482 quo
460 2441 594 2471 Romam
610 2439 712 2479 rediit,
726 2445 771 2475 ut,
784 2440 810 2470 si
826 2451 889 2471 me-

128 2483 278 2523 diocrium
294 2484 387 2514 etiam
411 2483 595 2515 delictorum
617 2483 674 2514 sibi
688 2483 828 2514 conscius
843 2483 890 2514 su-

127 2526 216 2566 isset,
242 2528 348 2558 horum
372 2526 563 2558 conscientia
589 2527 761 2566 exagitatus
786 2525 888 2557 statim

130 2579 164 2600 se
175 2570 376 2611 proripuisset
389 2580 428 2601 ex
442 2570 536 2606 Urbe,
551 2575 584 2600 ut
594 2569 738 2601 Catilinae
750 2569 890 2611 contigit,

131 2613 196 2652 qui,
211 2613 349 2644 oratione
365 2612 525 2645 Ciceronis
536 2612 706 2654 perculsus,
719 2618 814 2644 noctu
829 2619 891 2644 sta-

132 2655 187 2685 tim
204 2654 308 2686 Roma
330 2656 416 2687 abiit.

137 2715 139 2719 ·
176 2699 231 2729 40.
258 2697 445 2741 Frenorum]
472 2699 524 2730 De
545 2699 639 2730 frenis
653 2699 713 2731 illis
728 2699 803 2730 nihil
819 2709 894 2730 con-

132 2744 205 2777 stat,
228 2740 292 2772 sive
306 2738 366 2772 illis
381 2743 539 2774 frenentur
553 2743 641 2782 equi,
666 2744 730 2774 sive
752 2743 895 2784 quaedam

130 2783 337 2832 instrumenta
351 2790 384 2816 et
397 2786 501 2819 obices
522 2786 563 2819 ad
584 2787 739 2820 sistendos
761 2785 897 2820 hostium

133 2832 269 2869 impetus
284 2827 359 2863 sint.

964 1667 1018 1697 41.
1045 1664 1230 1707 Sparorum]
1274 1667 1390 1708 Sparus
1411 1677 1507 1708 genus
1520 1673 1568 1699 est
1583 1669 1687 1710 exigui

921 1709 976 1740 teli
992 1709 1107 1746 rustici,
1131 1710 1148 1739 a]
1164 1712 1339 1751 spargendo
1355 1712 1486 1750 dictum,
1508 1712 1592 1753 quod
1608 1713 1688 1744 inter

921 1753 1026 1783 hostes
1040 1758 1248 1793 spargeretur.

966 1795 1017 1825 Ib.
1042 1795 1200 1835 Puerum]
1247 1794 1350 1825 Pilum
1369 1796 1465 1827 telum
1489 1796 1606 1828 missile
1629 1803 1688 1833 est,

921 1849 984 1880 quo
1003 1839 1127 1879 pedites
1146 1838 1178 1868 in
1197 1839 1335 1868 exercitu
1358 1841 1535 1870 utebantur.
1582 1839 1689 1871 Pilum

922 1881 1006 1917 vero,
1029 1887 1062 1912 ut
1077 1882 1181 1913 scribit
1195 1881 1358 1922 vegetius,
1385 1882 1469 1913 aliud
1495 1883 1595 1925 majus
1618 1883 1690 1920 fuit,

925 1926 1009 1966 quod
1026 1930 1092 1956 erat
1107 1931 1228 1966 septem
1250 1925 1365 1965 pedum
1389 1931 1422 1956 et
1444 1926 1548 1963 semis,
1571 1926 1690 1957 habens

923 1969 1035 1999 ferrum
1074 1978 1187 1998 novem
1225 1968 1406 2007 unciarum3
1449 1969 1548 2000 minus
1586 1975 1691 2000 autern

924 2011 1015 2042 trium
1034 2011 1151 2052 pedum
1175 2018 1207 2041 et
1228 2011 1318 2041 semis
1338 2011 1407 2042 fuit.
1450 2012 1522 2042 Hoc
1538 2022 1692 2043 armorum

926 2065 1039 2095 genere
1056 2053 1192 2084 Romani
1207 2053 1401 2094 potissimum
1418 2055 1465 2084 usi
1481 2059 1562 2085 sunt.

970 2100 1024 2127 4‘2.
1047 2096 1085 2127 In
1108 2097 1178 2127 urbe
1202 2096 1325 2137 vicum]
1370 2096 1443 2127 Tria
1468 2097 1500 2127 in
1523 2098 1598 2128 urbe
1622 2101 1694 2128 sunt

927 2139 1046 2170 viarum
1062 2149 1188 2181 genera,
1212 2143 1248 2169 ut
1262 2139 1360 2170 Varro
1383 2139 1508 2178 scribit;
1531 2141 1600 2176 vici,
1623 2150 1694 2180 quae

928 2182 985 2213 viae
1001 2183 1126 2213 latiores
1143 2186 1225 2218 sunt,
1247 2191 1316 2212 cum
1333 2183 1417 2213 exitu
1430 2183 1469 2213 ab
1484 2183 1570 2213 omni
1585 2188 1694 2224 parte3

923 2225 1077 2267 *sandala
1101 2236 1170 2266 quae
1196 2224 1283 2256 exitu
1311 2230 1438 2257 carent:
1470 2230 1503 2257 et
1526 2227 1696 2268 angiporta,

932 2268 981 2299 vel
996 2270 1177 2310 angiportus,

975 2311 1026 2342 Ib.
1049 2311 1272 2352 Angipm‘tum.]
1315 2310 1501 2353 Angiporta,
1523 2312 1574 2343 vel
1595 2310 1697 2352 Angi-

932 2361 1051 2396 portus,
1065 2359 1137 2385 sunt
1148 2355 1338 2394 angustiores
1350 2356 1421 2395 viae,
1438 2356 1480 2386 ita
1491 2355 1594 2392 dictae,
1611 2355 1696 2397 quod

933 2408 989 2439 per
1004 2408 1056 2428 eas
1072 2408 1134 2428 non
1151 2398 1199 2439 agi
1214 2398 1493 2441 possitquidquam
1505 2399 1545 2430 ad
1559 2404 1696 2441 portum,

933 2440 1194 2481 uunjumentum,
1217 2452 1278 2472 non
1291 2451 1407 2473 currus.

978 2487 1031 2515 44.
1056 2484 1292 2525 Ocriculanam]
1339 2484 1496 2520 Ocricula,
1520 2484 1585 2515 sive
1607 2483 1698 2515 Ocri-

933 2527 1050 2563 culum,
1073 2528 1144 2557 urbs
1159 2534 1206 2558 est
1220 2527 1253 2558 in
1270 2527 1398 2559 Umbria
1413 2527 1516 2558 versus
1531 2526 1697 2561 Etruriam,

933 2581 1031 2613 prope
1046 2570 1194 2606 Tiberim,
1218 2570 1270 2601 ubi
1285 2570 1366 2601 Milo
1383 2572 1508 2601 domum
1524 2570 1642 2600 hahuit.

978 2614 1031 2645 45.
1059 2613 1288 2653 Malleocorum]
1335 2613 1382 2644 Ex
1412 2613 1443 2644 N
1447 2613 1529 2649 onio,
1566 2611 1700 2643 Malleoli

934 2657 1079 2697 manipuli
1105 2658 1211 2696 spartei
1237 2658 1300 2696 pice
1320 2658 1449 2691 contecti,
1488 2657 1549 2696 qui,
1579 2656 1699 2692 incensi,

937 2706 992 2730 ant
1016 2701 1048 2730 in
1081 2710 1175 2730 muros
1203 2706 1257 2730 aut
1284 2701 1317 2730 in
1346 2701 1501 2729 testudines
1528 2701 1700 2740 jaciuntur.

939 2742 1109 2774 Malleolus
1140 2744 1329 2784 quandoque
1360 2741 1544 2783 generaliter
1573 2742 1702 2773 sumitur

943 2796 997 2827 pro
1013 2786 1097 2818 omui
1111 2785 1174 2819 alia
1189 2785 1316 2818 materia
1337 2795 1406 2828 quae
1424 2784 1582 2818 celerrime
1597 2785 1701 2828 ignem

941 2828 1079 2871 corripit,

1656 171 1741 227 :333

1239 431 1267 451 “
1286 427 1512 484 Erumpet3
1543 443 1670 471 occu-
1687 436 1743 477 30

1530 711 1674 759 Quid?
1693 719 1748 761 35
