1858 3095
727 185 778 220 IN
803 186 1019 223 PISONEM.

90 272 278 310 temnere
298 280 400 308 snos
422 263 627 315 videatur,
651 263 913 306 Placentini:
946 271 1163 307 exstructa
1178 279 1340 316 mensa,
1362 279 1447 309 non
1464 269 1656 326 conchy-

93 324 162 366 liis
179 331 253 366 ant
265 323 472 381 piscibus,
487 322 563 363 sed
584 322 718 362 multa
735 336 860 363 carne
878 323 1155 364 subrancida:
1189 324 1295 364 servi
1311 324 1516 366 sordidati
1534 327 1655 366 mini-

93 389 251 433 strant3
293 379 485 421 nonnulli
529 378 658 420 etiarn
696 393 845 420 senes:
888 379 1001 420 idem
1041 395 1222 435 coquus,
1277 380 1389 422 idem
1430 383 1655 423 atriensis:

94 439 229 495 pistor
247 437 364 479 'domi
386 437 544 487 nullus,
565 436 681 476 nulla
702 436 829 478 cella:
862 436 984 499 panis
1008 444 1051 477 et
1075 437 1219 477 vinum
1247 436 1272 476 a
1302 438 1496 494 propola,
1528 446 1657 495 atque

95 495 148 536 de
170 493 301 557 cupii:
340 492 478 534 Graeci
510 493 693 548 cstipati,
724 492 842 548 quini
866 508 908 533 ιιι
930 493 1114 543 lectulis,
1147 492 1260 549 saep&⁸
1282 495 1443 548 plures:
1481 495 1571 551 ipse
1594 509 1658 536 so-
1678 500 1734 541 40

93 552 172 599 lus,
192 550 419 601 bibiturus,
442 565 535 606 qnae
552 549 703 591 eodem
722 551 774 590 de
792 549 906 591 dolio
926 549 1228 590 ministrentur.
1261 549 1347 591 Ubi
1366 551 1468 606 galli
1485 559 1661 593 cantum

95 607 272 656 audivit,
303 621 428 647 avum
450 621 574 648 snum
596 606 799 647 revixisse
821 614 962 662 putat:
995 620 1185 646 mensam
1207 606 1299 646 tolli
1315 607 1454 661 jubet.

95 662 266 718 aliquis,
289 662 414 703 Unde
437 663 515 704 tibi
536 664 628 704 haec
646 671 750 704 nota
771 662 897 702 sunt?

958 661 1056 702 Non
1081 662 1363 712 (mehercule)
1391 608 1662 705 contuiiieiiss

95 719 226 761 causti
245 719 485 760 describam
507 732 782 775 quemquam,
813 718 1047 773 praesertim
1069 718 1339 774 ingeniosum
1361 719 1578 762 hominem
1599 730 1663 762 at-

96 791 180 832 que
200 776 426 827 eruditum,
457 778 525 817 cui
548 789 691 830 generi
727 788 820 815 esse
853 788 933 830 ego
956 773 1103 822 iratus,
1135 789 1187 815 ne
1218 775 1253 815 si
1282 776 1452 832 cupiam
1474 778 1661 832 quidem,
1681 783 1735 822 45

94 847 285 888 possum.
346 832 427 872 Est
447 831 623 887 quidam
645 830 836 881 Graecus,
877 831 950 886 qui
972 845 1070 872 cum
1092 831 1174 871 isto
1195 831 1312 882 vivit,
1337 833 1478 884 homo,
1500 833 1596 875 verb
1617 841 1665 875 ut

97 888 252 939 dicam,
284 887 367 943 (sic
395 888 507 929 enim
541 888 741 943 cognovi)
773 887 1000 936 humanus,
1031 888 1107 929 sed
1131 888 1309 939 tamdiu,
1341 890 1545 946 quamdiu
1566 905 1665 933 curn

98 944 192 985 aliis
214 951 293 995 est,
325 951 400 986 aut
420 944 512 1000 ipse
533 944 721 985 dsecum.
783 944 825 984 Is
847 943 943 985 cum
964 944 1095 984 istum
1118 945 1438 987 adolescentem
1459 947 1551 1003 jam
1574 955 1665 989 tum

99 1015 198 1042 cum
219 1001 305 1042 hac
325 1001 406 1042 diis
427 1000 535 1042 irata
555 1000 693 1042 fronte
713 1000 908 1051 vidisset,
938 1015 1024 1042 non
1046 1001 1157 1057 sugit
1177 1002 1267 1057 ejus
1291 1003 1539 1056 amicitiam,
1569 1004 1664 1045 cum

100 1063 217 1098 esset.
235 1057 469 1113 praesertim
486 1057 722 1114 appetitus:
755 1057 874 1098 dedit
895 1072 941 1098 se
962 1057 1004 1098 in
1024 1058 1393 1111 consuetudinem,
1418 1060 1478 1101 sic
1493 1068 1539 1101 ut
1552 1075 1665 1116 pror·
1683 1067 1738 1108 50

98 1128 171 1154 sus
195 1114 279 1155 una
300 1115 472 1163 viveret,
496 1129 576 1155 nec
598 1113 684 1155 fere
706 1115 760 1155 ab
782 1115 865 1155 isto
888 1129 1078 1170 unquam
1101 1115 1355 1157 discederet.

1430 1116 1528 1158 Non
1552 1117 1665 1173 apud

100 1170 313 1223 indoctos,
346 1171 438 1222 sed,
476 1178 524 1211 ut
558 1185 638 1227 ego
674 1171 869 1222 arbitror,
906 1170 948 1211 in
970 1171 1190 1213 hominum
1219 1172 1602 1215 eruditissimorum
1625 1180 1668 1214 et

97 1227 504 1268 hnmanissrmornm
525 1236 656 1277 coetn‚
689 1228 853 1283 loquor.

914 1227 1110 1268 Audistis
1131 1228 1324 1283 profecto
1347 1229 1446 1277 dici,
1478 1231 1668 1285 philoso-

96 1283 206 1338 phos
240 1283 476 1339 Epicureos
509 1298 656 1324 omnes
688 1299 769 1334 res,
801 1299 896 1338 qnae
918 1290 1017 1324 sunt
1038 1284 1200 1325 homini
1224 1287 1490 1340 expetendae,
1523 1287 1668 1343 volup-

96 1346 185 1380 tate
207 1339 372 1391 metiri;
403 1339 519 1381 recte
542 1355 597 1380 an
617 1347 778 1390 esecus,
800 1340 906 1380 nihil
925 1341 980 1381 ad
1002 1355 1100 1392 nos3
1133 1347 1219 1391 aut,
1243 1342 1278 1381 si
1296 1342 1349 1382 ad
1373 1357 1466 1394 nos,
1487 1343 1592 1383 nihil
1613 1344 1666 1384 ad
1686 1351 1742 1389 55

95 1395 179 1437 hoc
197 1403 386 1452 tempus:
420 1397 496 1437 sed
517 1402 661 1438 tamen
682 1396 894 1437 lubricum
919 1412 1054 1454 genus
1075 1397 1279 1438 orationis
1302 1398 1565 1440 adolescenti
1582 1414 1669 1441 non

95 1452 249 1494 acriter
268 1452 525 1509 intelligenti
547 1453 659 1510 saepe
681 1468 887 1511 praeceps.

428 1596 444 1615 ⁰
450 1592 685 1645 compressi.

143 1760 199 1793 36.
221 1759 416 1804 Placentini]
450 1761 503 1793 Ad
514 1767 729 1804 contemptum
742 1760 866 1793 Pisonis

101 1803 261 1846 loquitur3
283 1805 384 1846 quasi,
400 1806 530 1836 materni
545 1806 666 1846 generis
679 1815 808 1842 mernor,
822 1806 866 1835 vi-

101 1847 227 1878 lioribus
251 1847 407 1888 ejusmodi
430 1848 579 1880 calicibus
607 1855 764 1886 uteretur;
793 1859 866 1879 nani

103 1901 177 1921 avus
193 1891 262 1932 ejus
280 1896 434 1923 maternus
450 1902 552 1933 praeco
574 1891 775 1922 Placentinus
796 1891 866 1922 fuit.

146 1933 196 1964 Ib.
235 1933 399 1975 conchyliis
433 1942 485 1966 aut
519 1935 670 1976 piscibus]
738 1935 865 1965 Mensas

102 1985 174 2006 suas
203 1975 340 2007 Romani
374 1978 601 2009 delicatissimis
630 1978 804 2019 conchyliis
835 1983 867 2008 et

101 2018 239 2059 piscibus
251 2019 372 2060 longius
387 2023 559 2061 apportatis
572 2021 612 2050 ad
623 2021 735 2051 fastum
751 2025 867 2051 exstru-

103 2061 207 2092 ebant.
247 2061 342 2092 Unde
356 2062 487 2099 Plinius,
503 2063 556 2093 lib.
568 2063 645 2093 Nat.
657 2063 738 2094 Hist.
751 2065 781 2094 9.
793 2073 865 2103 cap.

103 2106 157 2135 34.
180 2105 259 2135 hanc
282 2104 431 2135 luxuriam
461 2105 696 2146 conchyliorum
719 2105 865 2136 censoriis

103 2147 236 2187 legibus,
260 2154 386 2179 auctore
401 2148 451 2178 M.
468 2149 595 2184 Scauro,
620 2148 713 2179 fuisse
730 2147 865 2190 prohibi-

106 2195 169 2220 tam
186 2190 300 2222 scribit.

147 2235 201 2264 37.
226 2233 321 2264 Carne
331 2234 534 2276 subrancidd]
581 2235 728 2275 Inte-llige
744 2244 867 2265 carnem

105 2275 237 2313 salitam,
249 2279 352 2316 etjam
366 2278 518 2318 putidam,
539 2279 578 2308 ad
591 2279 762 2310 acuendam
775 2277 867 2307 sitim.

149 2321 203 2350 38.
229 2319 396 2361 Atriensis]
456 2320 616 2352 Atrienses
647 2322 712 2352 sive
740 2319 867 2350 Atriarii

103 2361 148 2392 illi
172 2363 250 2393 servi
275 2363 429 2399 dicuntur,
452 2364 565 2404 quibus
591 2364 658 2394 atrii
685 2374 758 2395 cura
784 2373 866 2394 com-

105 2405 197 2436 missa
212 2410 288 2443 erat,
303 2407 419 2448 quique
434 2407 594 2438 venientes
607 2406 817 2449 excipiebant,
836 2412 868 2436 ct

107 2449 148 2478 ad
168 2449 327 2479 dominum
343 2449 598 2480 intromittebant.

152 2493 206 2522 39.
230 2491 351 2533 Pisum]
398 2493 500 2523 Pistor
513 2504 626 2534 panem
639 2493 773 2524 conficit.

149 2533 200 2566 Ib.
224 2534 377 2577 Propolci.1
424 2535 559 2577 Propola
582 2537 606 2567 is
631 2542 689 2574 cst,
712 2537 765 2578 qui
789 2549 868 2569 mer.

107 2580 194 2607 catur
217 2577 235 2608 εἰ
259 2579 477 2610 mercatoribus
500 2580 585 2620 quod
613 2580 717 2610 statim
743 2583 868 2613 vendat.

111 2617 179 2650 Cic.
192 2623 221 2650 1.
235 2619 302 2651 off.

152 2664 204 2692 40.
228 2663 274 2694 De
286 2664 388 2705 capti]
425 2664 516 2706 Cupa
532 2676 583 2697 vas
599 2665 746 2696 vinarium
764 2672 822 2702 est,
839 2666 871 2696 in

109 2713 172 2745 quo
194 2711 295 2736 musta
315 2714 489 2749 coquuntur
518 2715 549 2739 et
578 2709 767 2740 deseruntur.
814 2710 872 2740 Ul-

110 2747 237 2787 pianus,
260 2748 314 2779 lib.
330 2753 382 2781 15.

154 2789 203 2823 Ib.
227 2790 320 2826 Quini
332 2794 366 2823 in
380 2793 515 2834 lectulis]
576 2793 699 2826 Reddit
720 2796 871 2826 rationem

110 2833 205 2874 quur&
228 2835 395 2877 compressi
415 2836 460 2869 illi
480 2837 605 2876 suerint,
629 2839 703 2880 quia
726 2838 816 2880 vulgo
841 2839 872 2872 in

861 1590 1012 1634 dsolus.

948 1454 1099 1511 Itaque
1121 1454 1395 1497 admissarius
1416 1455 1513 1506 iste,
1541 1456 1668 1500 simul

1198 1593 1337 1634 ‘mala

910 1761 1032 1794 lectulis
1055 1767 1115 1793 tres
1144 1762 1263 1794 tantum
1291 1773 1405 1794 mensae
1435 1763 1672 1803 accumbebant,

911 1811 945 1836 ut
958 1807 1064 1837 videre
1075 1811 1122 1836 est
1135 1807 1218 1848 apud
1231 1806 1405 1842 Horatium,
1426 1807 1479 1839 lib.
1492 1811 1523 1840 2.
1534 1809 1598 1840 Sat.
1614 1810 1670 1840 ult.

953 1852 1005 1880 41.
1031 1849 1139 1880 Eodem
1152 1849 1300 1890 cimolia]
1362 1850 1470 1891 [Idem
1487 1851 1546 1882 vile
1566 1853 1670 1884 vinum

911 1891 929 1922 ῑι
944 1892 1075 1933 propoli:
1092 1893 1251 1935 petitum]

953 1935 1002 1965 Jb.
1031 1935 1087 1966 Ubi
1099 1936 1175 1977 galli
1188 1943 1308 1967 caucum
1323 1937 1464 1977 audivit]
1494 1937 1557 1968 Ubi
1574 1943 1670 1969 totam

910 1985 1033 2009 noctem
1051 1980 1187 2009 traduxit
1199 1979 1271 2010 l’iso
1289 1981 1319 2009 in
1334 1980 1624 2020 compotationibus,
1638 1987 1671 2011 ut

911 2021 998 2051 audit
1024 2022 1097 2062 galli
1123 2028 1259 2058 cantum,
1290 2027 1354 2052 tuin
1384 2023 1524 2054 meminit
1547 2024 1594 2053 avi
1625 2024 1670 2054 sui

909 2065 1038 2094 materni
1055 2064 1222 2099 Calventii,
1239 2064 1335 2101 Galli,
1348 2065 1401 2105 qui
1414 2075 1515 2106 praeco
1530 2066 1588 2096 fuit
1600 2066 1672 2097 Pla·

909 2107 1052 2137 centinus
1069 2117 1123 2137 seu
1139 2107 1398 2138 Mediolanensis.

953 2152 1007 2180 46.
1030 2149 1082 2179 Est
1104 2151 1220 2190 quidam
1243 2150 1388 2190 Grac-ns]
1433 2150 1589 2182 Asconius
1610 2152 1671 2183 Pe-

913 2192 1024 2222 dianus
1055 2192 1272 2223 Pliilodennnn
1307 2194 1526 2234 philosophum
1555 2194 1672 2236 Epicu-

912 2246 998 2265 reum
1012 2235 1174 2275 significari
1187 2236 1360 2272 arbitratur,
1375 2236 1461 2278 cujus
1476 2237 1589 2268 lasciva
1603 2239 1670 2269 fue—

912 2284 982 2309 runt
995 2288 1141 2310 carmina.

954 2323 1006 2352 48.
1028 2320 1096 2351 Jam
1111 2322 1199 2363 turm]
1255 2322 1293 2352 In
1311 2321 1523 2353 adolescentia
1536 2323 1592 2354 suit
1603 2323 1669 2365 jam

913 2369 988 2400 tum,
1011 2365 1182 2395 severitatis
1198 2365 1332 2406 quadam
1349 2365 1465 2406 specie,
1487 2367 1584 2397 inulta
1598 2368 1671 2398 vitia

912 2408 1100 2448 contegebat
1117 2407 1199 2439 Piso.

955 2453 1008 2482 50.
1040 2450 1220 2492 Appetitas]
1283 2451 1500 2484 Philodemuin
1541 2454 1671 2496 optabat

913 2493 987 2524 I’iso
1000 2494 1114 2524 habere
1130 2495 1199 2524 vitae
1215 2495 1373 2527 comitem.

956 2539 1008 2567 56.
1031 2534 1234 2578 Adolescenti]
1282 2537 1580 2569 Adolescentesnon
1597 2538 1671 2569 satis

911 2580 1116 2620 distinguunt,
1145 2579 1216 2611 csnn
1240 2581 1281 2611 de
1301 2581 1475 2622 voluptate,
1499 2580 1599 2612 utrum
1629 2582 1670 2612 de

911 2623 1047 2662 corporis
1064 2634 1103 2654 an
1117 2623 1221 2660 animi,
1238 2629 1357 2664 agatur.

958 2666 1009 2696 57.
1035 2667 1322 2709 Admissariusiste.]
1359 2667 1506 2697 Pisonem
1522 2667 1672 2698 admissa-

914 2709 991 2739 rium
1013 2715 1114 2746 vocat,
1137 2710 1210 2751 quia
1232 2711 1315 2740 omni
1342 2709 1585 2740 muliercularum
1614 2711 1674 2740 ini-

914 2752 1094 2793 pudicarum
1120 2752 1244 2783 libidini
1268 2762 1300 2782 se
1322 2758 1517 2792 exposuerat,
1548 2753 1671 2794 sumpta

914 2794 1060 2836 allegoria
1088 2796 1127 2826 ab
1151 2806 1243 2836 equo,
1269 2795 1334 2836 qui,
1357 2795 1465 2826 fcturae
1490 2796 1671 2837 supplendoe

916 2838 1020 2876 causa,
1043 2839 1074 2871 in
1090 2848 1238 2880 equarum
1256 2843 1392 2870 armenta
1407 2839 1583 2871 adducitur.

1642 189 1726 233 283
