1790 3090
11 179 62 225 34
556 180 606 211 m
633 179 881 217 cAEcmum,
905 178 1163 213 DIVINATIO.

75 273 166 302 non
183 258 344 310 audiet,
365 257 481 314 quod
502 256 602 298 cum
622 257 823 308 faciebat,
845 256 1207 313 quemadmodum
1227 254 1479 297 defensurus
1501 262 1629 307 esset,

76 331 165 359 non
186 315 436 372 reperiebat.
497 314 641 370 Atque
677 328 757 370 ego
779 314 885 364 haec,
917 314 934 338 b
980 329 1046 355 uae
1084 313 1129 354 in
1168 313 1310 354 medio
1345 312 1487 368 posita
1517 319 1630 361 sunt,

75 387 382 415 commemoro.
444 370 554 411 Sunt
588 370 673 411 alia
695 370 833 425 magis
855 329 1024 411 occucita
1045 371 1171 421 furta,
1203 385 1299 426 quae
1321 369 1407 421 ille,
1438 376 1487 410 ut
1508 368 1630 409 istius

9 433 66 473 25
76 432 248 482 (credo)
269 429 432 470 animos
455 435 583 482 atque
620 426 803 482 impetus
827 427 1073 476 retardaret,
1106 441 1203 467 cum
1225 434 1437 482 quaestore
1459 440 1534 467 suo
1558 425 1632 466 be-

78 485 332 543 nignissime
354 483 701 526 communicavit.
761 482 868 522 Haec
888 489 935 522 tu
957 482 1042 523 scis
1061 482 1114 522 ad
1135 497 1202 522 me
1225 497 1318 523 esse
1339 483 1502 524 delata:
1534 497 1631 538 quae

79 543 115 584 si
136 543 264 584 velim
283 542 484 597 proferre,
516 538 640 580 facile
663 553 812 579 omnes
846 538 1103 592 intelligent,
1135 538 1257 578 vobis
1293 538 1403 580 inter
1436 553 1513 580 vos
1544 553 1632 579 non

77 598 208 640 modo
219 599 480 639 voluntatem
496 596 627 637 fuisse
637 596 930 650 conjunctam,
944 594 1019 635 sed
1033 609 1085 635 ne
1099 594 1287 650 praedam
1299 595 1473 650 quidem
1489 595 1632 636 adhuc

78 670 174 696 esse
198 655 391 695 divisam.
453 653 738 708 Quapropter,
761 652 796 692 si
818 651 894 692 tibi
924 650 1139 707 judicium
1169 651 1360 706 postulas
1382 652 1486 702 dari,
1518 651 1633 707 quod

9 712 67 753 30
77 718 221 753 tecum
242 710 326 751 una
345 709 518 761 fecerit;
551 708 760 759 concedo,
782 708 817 748 si
837 707 881 748 id
902 707 997 763 lege
1014 707 1295 763 permittitur:
1328 707 1394 748 sin
1415 715 1556 749 autem
1578 708 1632 748 de

78 767 355 809 accusatione
376 766 585 817 dicimus;
616 765 829 807 concedas
851 772 1022 820 oportet
1042 763 1108 815 iis,
1125 764 1198 820 qui
1218 764 1332 804 nullo
1354 778 1432 805 suo
1450 771 1632 820 peccato

77 824 384 881 impediuntur,
417 821 646 879 quominus
692 821 864 862 alterius
910 828 1092 877 peccata
1134 824 1422 862 demonstrare
1453 820 1635 876 possint.

78 881 146 922 Ac
166 881 278 931 vide,
300 887 507 936 quantum
529 878 828 919 interfuturum
857 877 913 918 sit
931 879 1040 919 inter
1057 892 1197 918 meam
1219 885 1345 933 atque
1372 884 1488 918 tuam
1509 891 1635 918 aceu-

78 937 301 978 sationem.
363 936 474 991 Ego,
495 935 625 976 etiam
648 950 741 991 quae
768 942 816 976 tu
837 934 928 975 sine
949 934 1080 975 Verre
1103 934 1372 986 commisisti,
1403 934 1524 975 Verri
1552 933 1634 974 cri-

9 994 65 1035 35
78 993 181 1034 mini
203 994 379 1034 daturus
401 1006 507 1041 sum,
539 990 656 1048 quod
687 999 728 1032 te
770 1006 854 1032 non
885 990 1160 1046 prohibuerit,
1192 990 1288 1032 cum
1309 1005 1518 1031 summam
1539 990 1633 1045 ipse

78 1051 254 1091 haberet
269 1055 526 1105 potestatem
545 1065 554 1089 :
577 1046 815 1098 turcontra,
837 1062 904 1097 ne,
920 1063 1015 1103 quae
1029 1047 1101 1088 ille
1115 1047 1288 1102 quidem
1310 1047 1424 1098 fecit,
1439 1047 1633 1101 objicies,

77 1121 131 1147 ne
145 1106 230 1162 qua
244 1120 295 1145 ex
313 1112 430 1161 parte
453 1105 709 1159 conjunctus
727 1119 824 1144 cum
843 1118 892 1144 eo
911 1103 1134 1158 reperiare.
1196 1103 1340 1150 Quid?
1362 1103 1449 1153 illa,
1470 1102 1635 1153 Caecili,

78 1162 467 1203 contemnenda-ne
503 1160 581 1200 tibi
613 1161 811 1201 videntur
839 1173 947 1209 esse,
980 1159 1070 1199 sine
1094 1158 1249 1214 quibus
1271 1173 1401 1199 causa
1418 1158 1632 1208 sustineri,

75 1218 311 1274 praesertim
325 1223 457 1266 tanta,
474 1216 589 1256 nullo
604 1216 730 1256 modo
744 1215 916 1271 potest?
937 1215 1082 1270 aliqua
1102 1215 1284 1256 facultas
1301 1215 1473 1270 agendi,
1490 1215 1636 1270 aliqua

8 1276 65 1316 40
78 1274 249 1316 dicendi
271 1273 556 1323 consuetudo,
580 1272 721 1328 aliqua
741 1273 784 1312 in
805 1272 909 1322 foro,
926 1271 1120 1327 judiciis,
1136 1271 1317 1327 legibus,
1341 1279 1414 1313 aut
1425 1272 1546 1322 ratio,
1561 1278 1635 1312 aut

77 1330 352 1373 exercitatio?
1583 1362 1585 1364 .

133 1388 190 1429 Χ.
252 1386 453 1443 Intelligo
487 1385 616 1442 quam
648 1386 906 1441 ascopuloso
939 1384 1190 1441 difficilique
1239 1385 1284 1426 in
1323 1386 1421 1427 loco
1457 1399 1599 1427 verser
1623 1402 1632 1427 ε

74 1459 190 1493 nam,
223 1443 319 1484 cum
352 1443 490 1484 omnis
519 1443 762 1498 arrogantia
797 1442 947 1483 odiosa
982 1449 1060 1492 est,
1093 1449 1184 1482 tum
1220 1443 1292 1482 illa
1322 1442 1485 1498 ingenii
1506 1449 1634 1497 atque

75 1500 334 1556 eloquentiae
357 1501 494 1540 multo
517 1498 834 1540 molestissima.
896 1498 1186 1547 Quamobrem
1206 1498 1313 1538 nihil
1335 1499 1434 1539 dico
1457 1498 1509 1539 de
1537 1512 1633 1539 meo

74 1557 270 1614 ingeni03
292 1571 431 1611 neque
452 1564 518 1596 est
539 1556 655 1611 quod
672 1556 833 1610 possim
849 1555 989 1595 dicere
1008 1570 1018 1604 ;
1040 1568 1195 1610 neque,
1217 1554 1252 1594 si
1267 1561 1393 1604 esset,
1417 1554 1604 1596 dicerem
1623 1571 1632 1596 ε

36 1615 63 1655 5
77 1622 163 1663 aut,
186 1613 299 1654 enim
320 1613 364 1653 id
380 1611 484 1652 mihi
501 1611 605 1652 satis
623 1619 701 1661 est,
719 1611 834 1667 quod
848 1618 915 1651 est
927 1611 980 1652 de
993 1625 1060 1651 me
1079 1610 1307 1666 opinionis,
1321 1611 1531 1666 quidquid
1545 1617 1632 1662 est;

76 1676 163 1718 aut,
185 1670 221 1710 si
256 1670 301 1710 id
322 1683 471 1725 parum
500 1677 578 1718 est,
612 1683 693 1723 ego
726 1668 865 1723 majus
897 1667 942 1707 id
976 1668 1348 1708 commemorando
1373 1667 1511 1708 facere
1546 1681 1635 1708 non

75 1741 268 1782 possum.
329 1725 395 1765 De
417 1732 474 1775 te,
508 1724 669 1774 Caecili,
695 1724 786 1779 jam
819 1724 1100 1779 (mehercule)
1133 1724 1230 1773 hoc,
1263 1730 1383 1765 extra
1402 1723 1513 1765 hanc
1534 1738 1636 1765 con-

75 1783 313 1823 tentionem
333 1789 633 1836 certamenque
655 1787 858 1831 nostrum,
893 1780 1159 1821 familiariter
1184 1787 1328 1821 tecum
1348 1781 1510 1836 loquar.
1569 1780 1635 1821 Tu

74 1838 180 1894 ipse,
214 1837 576 1895 quemadmodum
608 1837 839 1887 existimes,
873 1837 970 1878 vide
999 1836 1128 1877 etiam
1163 1843 1290 1892 atque
1331 1837 1473 1888 etiam,
1507 1843 1551 1878 et
1586 1843 1634 1877 tu

10 1895 63 1937 10
78 1903 120 1936 te
143 1896 327 1951 collige3
360 1902 416 1944 et,
449 1893 522 1949 qui
543 1894 614 1943 sis,
649 1901 691 1934 et
711 1893 815 1949 quid
835 1894 973 1935 facere
995 1893 1150 1948 possiS‚
1182 1893 1419 1934 considera.
1479 1893 1636 1934 Putas-

76 1967 130 1994 ne
152 1960 192 1993 te
214 1966 341 2007 posse
364 1952 416 1991 de
434 1950 628 1991 maximis
647 1950 1020 2005 acerbissimisque
1041 1950 1180 1999 rebus,
1214 1951 1312 1990 cum
1333 1964 1508 1991 causam
1525 1949 1634 1990 soci-

77 2023 195 2049 orum
229 2009 506 2063 fortunasque
541 2006 783 2062 provinciae,
809 2007 883 2062 jus
921 2006 1069 2062 populi
1108 2005 1234 2047 Rom.
1276 2006 1528 2061 gravitatem
1562 2007 1635 2061 ju-

77 2064 179 2105 dicii
219 2065 450 2119 legumque
507 2063 759 2119 susceperis,
804 2069 871 2104 tot
909 2077 989 2112 res,
1035 2069 1124 2102 tam
1158 2077 1321 2118 graves,
1354 2069 1442 2102 tam
1480 2062 1633 2112 varias,

75 2135 195 2171 voce,
216 2120 437 2168 memoria,
470 2119 667 2169 consilio,
690 2119 878 2176 ingenio,
902 2118 1143 2160 sustinere?
1204 2118 1413 2159 Putas-ne
1434 2125 1476 2159 te
1489 2132 1632 2174 posse,

10 2178 62 2218 15
78 2193 172 2233 quae
194 2176 243 2218 C.
264 2176 418 2217 Verres
449 2175 492 2216 in
515 2175 748 2232 quaestura,
781 2191 877 2232 quae
913 2174 956 2215 in
978 2174 1209 2230 legatione,
1241 2190 1335 2231 quae
1369 2174 1412 2214 in
1433 2174 1633 2230 praetura,

75 2249 172 2289 quae
211 2233 375 2280 Romae‚
422 2248 515 2288 quae
553 2233 597 2272 in
638 2233 778 2282 Italia,
818 2247 913 2288 quae
952 2231 995 2272 in
1032 2231 1212 2283 Achaia,
1254 2230 1375 2281 Asia,
1417 2230 1635 2286 Pamphy-

74 2290 220 2346 liaque
261 2288 455 2346 patrarit,
487 2304 550 2340 ea,
582 2289 944 2344 quemadmodum
978 2288 1086 2329 locis
1117 2288 1466 2344 temporibusque
1495 2286 1633 2328 divisa

355 2379 373 2402 ¹³
390 2393 489 2432 quae
508 2393 649 2419 omnes
667 2381 823 2420 sciunt.
1073 2384 1088 2400 ‘³
1096 2379 1345 2431 periculoso.

117 2471 169 2501 95.
206 2466 413 2510 Benignissime
441 2469 686 2509 communicavit]
733 2468 831 2499 Caeci-
920 2468 970 2498 15.
994 2467 1031 2497 In
1057 2466 1226 2508 quaestum]
1276 2465 1420 2502 Quaestor
1439 2465 1496 2496 fuit
1519 2466 1634 2497 Verres

72 2513 147 2543 lium
171 2518 203 2542 et
228 2513 352 2543 Verrem
375 2513 456 2542 fures
482 2523 548 2542 esse
572 2512 728 2552 designat,
744 2511 831 2552 quasi
876 2510 1025 2540 Carbonis
1040 2510 1071 2539 in
1089 2509 1248 2549 provincia
1275 2508 1438 2538 consulari.

73 2561 138 2586 tota
155 2556 213 2586 ista
229 2561 380 2596 quaestura
405 2556 443 2584 ad
468 2555 648 2585 societatem
671 2555 830 2590 furtorum,
916 2551 964 2582 Ib.
989 2552 1027 2582 In
1042 2552 1208 2593 legatione]
1254 2551 1344 2582 Idem
1367 2552 1486 2592 legatus
1502 2551 1561 2582 fuit
1573 2552 1633 2583 Cn.

73 2609 135 2628 non
149 2599 187 2628 ad
203 2598 445 2636 accusationem,
457 2597 585 2627 valeret.
874 2594 1049 2625 Dolabella»
1063 2595 1096 2624 in
1111 2595 1196 2625 Asia.

117 2645 148 2671 1.
170 2640 344 2681 Scupuloso]
373 2640 563 2680 Metaphora
579 2645 700 2680 sumpta
713 2639 731 2669 a
742 2639 831 2669 navi-
919 2637 989 2672 Quae
1002 2637 1125 2677 Bonna]
1172 2637 1288 2667 Praetor
1301 2637 1434 2666 urbanus
1449 2635 1572 2667 Romae.

73 2683 229 2724 gantibus,
244 2682 313 2713 cum
330 2683 521 2722 naufragium
541 2683 660 2712 timent.
916 2680 965 2711 Ib.
987 2684 1026 2712 In
1042 2679 1160 2720 statut]
1184 2679 1353 2711 Praeturam
1368 2679 1504 2709 exercuit
1519 2680 1632 2710 Verres

117 2728 148 2757 9.
173 2725 217 2756 Tu
232 2731 258 2756 te
272 2726 399 2767 colliga]
445 2725 484 2755 Id
508 2730 566 2761 est,
582 2726 621 2756 ad
646 2731 676 2756 te
700 2723 778 2760 redi,
793 2728 825 2754 et
869 2723 901 2753 in
917 2722 1011 2753 Italia
1024 2729 1055 2753 et
1069 2722 1192 2754 Romae.

70 2775 217 2810 tanquam
231 2769 400 2810 dispersum
417 2768 553 2799 animum
567 2779 690 2805 revoca,
703 2773 737 2798 ut
758 2777 825 2798 rec·
912 2766 961 2798 Ib.
985 2766 1023 2798 In
1034 2765 1165 2807 Achata,
1177 2765 1253 2807 &c.]
1277 2765 1341 2797 Ubi
1362 2764 1518 2806 legatione
1543 2766 1633 2797 func-

69 2811 128 2842 tius
145 2812 272 2853 cogites,
289 2817 321 2843 et
333 2810 440 2843 fortius
457 2821 540 2852 agas.
827 2839 831 2843 .
868 2815 917 2840 tus
930 2814 987 2842 est.
