1858 3095
688 189 779 222 vno
805 188 1024 231 nmmos,
1650 188 1739 238 373

78 266 240 317 sceret3
273 264 395 323 cujus
416 277 496 324 ego
520 263 740 307 industria}
762 266 995 323 gloriaeque
1019 265 1157 319 faveo,
1189 267 1256 310 vel
1288 272 1464 332 propter
1487 271 1657 328 propin·
1675 277 1732 318 25

79 336 208 379 quam
244 322 560 374 covnationem,
590 324 656 364 vel
688 322 804 380 quod
839 324 930 380 ejus
966 324 1140 380 ingenio
1175 324 1417 382 studiisque
1449 326 1657 375 delector.

78 379 146 420 vel
169 378 286 435 quod
299 359 498 421 &laudem
520 379 807 422 adolescentis
822 380 1048 438 propinqui
1066 381 1268 424 existimo
1286 383 1416 424 etiam
1438 383 1491 425 ad
1513 398 1657 427 meum

76 435 264 492 aliquem
285 435 467 478 fructum
493 437 745 478 redundare.
807 437 893 478 Sed
916 438 997 479 hoc
1019 453 1179 494 quaero,
1201 439 1296 495 quis
1315 446 1442 501 putet
1462 455 1556 482 esse
1573 442 1656 484 cri-

76 505 190 543 men,
213 492 343 534 fuisse
366 493 410 534 in
432 494 582 535 Africa
605 494 845 550 Ligarium?
876 493 1029 550 nempe
1051 494 1101 544 is,
1135 495 1208 552 qui
1241 504 1285 537 et
1314 510 1404 551 lpse
1433 497 1477 538 in
1503 494 1664 541 Africfi‘

77 562 171 589 esse
193 549 343 599 voluit,
377 556 420 591 et
442 551 708 607 prohibitum
729 565 773 592 se
801 549 825 591 εἶ
859 551 1029 608 Ligario
1050 552 1256 607 queritur,
1293 559 1337 592 et
1365 553 1480 594 certe
1502 562 1652 598 contra
1668 561 1725 601 30

74 603 216 662 ipsum
247 605 462 648 Caesarem
498 617 563 649 est
598 622 858 664 congressus
892 614 1097 649 armatus.
1157 607 1275 656 Quid
1306 608 1435 660 enim,
1466 609 1651 662 Tubero,

74 668 172 703 tuus
195 661 264 704 ille
286 663 515 709 destrictus
539 664 581 705 in
602 664 694 705 acie
714 663 962 704 Pharsalica
980 664 1151 719 gladius
1174 664 1360 720 agebat?
1391 666 1514 722 cujus
1535 667 1648 710 latus

73 717 145 759 ille
167 708 314 761 Yrffiffl‘o
368 721 541 762 etebat?
573 721 646 777 qui
670 735 821 762 sensus
849 726 939 761 erat
972 734 1182 761 armorum
1210 722 1410 763 tuorum?
1442 738 1537 779 quae
1574 731 1649 766 tua

71 736 396 818 menssoculi?
428 792 577 818 manus
594 778 610 817 ’ἒ
653 778 777 818 ardor
806 776 971 817 animi?
1016 776 1120 832 quid
1153 777 1388 833 cupiebas?
1431 780 1537 836 quid
1570 796 1648 838 op-

71 831 224 873 tabas?
283 833 422 874 Nimis
445 847 601 890 urgeo:
634 833 893 874 commoveri
916 832 1084 873 videtur
1105 833 1384 876 adolescens:
1416 837 1470 877 ad
1491 852 1559 880 me
1581 854 1646 881 re-
1662 843 1718 884 35

69 895 229 930 vertar:
263 888 414 931 iisdem
436 890 480 931 in
499 890 626 931 armis
647 890 724 931 sui.
785 889 901 937 Quid
935 895 1079 931 autem
1110 891 1227 931 aliud
1250 891 1431 948 egimus,
1459 893 1643 949 Tubero,
1673 894 1710 941 J!
1728 884 1780 948 3¹}

66 944 148 986 nisi
179 952 240 998 ut,
271 947 388 1004 quod
420 946 491 988 hie
521 953 681 1004 potest,
712 961 792 988 nos
824 948 1079 1003 possemus?
1140 947 1331 996 Quorum
1353 949 1485 1005 igitur
1505 951 1644 1009 impu-
1669 941 1704 953 ¹⁸

67 1002 194 1054 nitas,
226 1001 385 1056 Caesar,
419 1011 506 1046 tuae
527 1004 768 1046 clementiae
789 1004 882 1045 laus
903 1010 982 1054 est,
1015 1018 1161 1046 eorum
1189 1005 1379 1060 ipsorum
1400 1007 1454 1048 ad
1491 1009 1642 1051 crude·

66 1058 230 1101 litatem
251 1066 293 1102 te
324 1067 473 1104 eacuet
492 1062 656 1102 oratio?
717 1061 863 1117 Atque
887 1061 930 1102 in
951 1061 1032 1102 hac
1054 1061 1186 1103 caus&
1208 1062 1403 1104 nonnihil
1423 1065 1639 1121 equidem,

65 1113 250 1168 Tubero,
301 1117 431 1160 etiam
471 1124 603 1170 tuam,
654 1117 730 1159 sed
769 1118 905 1158 multo
953 1117 1090 1174 magis
1131 1118 1262 1175 patris
1300 1119 1380 1171 tui,
1421 1122 1639 1177 prudenti·
1655 1126 1712 1170 40

65 1185 134 1216 am
179 1173 403 1228 desider0;
453 1173 573 1234 quod
613 1174 758 1227 homo,
789 1174 887 1228 euru
918 1173 1110 1232 iugenio,
1148 1182 1239 1220 tum
1280 1176 1410 1220 etiam
1439 1178 1640 1223 doctriua

185 1354 262 1399 dea·
277 1356 406 1399 laude
414 1359 634 1413 percipere
654 1370 719 1399 me
740 1358 927 1411 aliquem
934 1337 1208 1411 f›·zcctzmt.¹¹¹'
1271 1357 1501 1403 wnoitabit..

101 1554 155 1585 25.
191 1552 240 1586 Vel
258 1561 375 1595 propter
386 1556 578 1597 propinquam
593 1554 821 1597 cognationem]

59 1596 107 1628 Ex
124 1603 262 1628 materno
279 1609 393 1640 genere
417 1599 551 1640 aliquam
575 1610 646 1631 cum
670 1599 822 1631 Cicerone

58 1641 277 1681 cognationem
293 1642 402 1672 habuit
413 1642 552 1676 Tubero.

102 1686 155 1714 26.
178 1684 343 1725 Studiisque
365 1685 516 1728 delector]
576 1685 730 1716 studebat
757 1684 822 1714 elo-

58 1727 195 1767 quentiae
217 1727 355 1763 Tubero,
380 1733 413 1759 et
438 1739 545 1760 causas
575 1728 700 1770 agebat,
732 1737 822 1768 quas,

57 1770 158 1800 victus
173 1769 192 1800 a
207 1770 371 1807 Cicerone,
394 1771 542 1803 deseruit.

101 1814 153 1843 27.
192 1812 240 1844 Vel
263 1813 336 1854 quod
363 1814 506 1856 laudem]
553 1814 631 1846 Cum
655 1813 766 1845 Cicero
791 1819 823 1844 et

57 1855 181 1886 Tubero
202 1866 328 1897 operam
350 1857 461 1888 darent
482 1857 681 1899 eloquentke,
706 1856 764 1888 hirc
786 1867 819 1887 se

59 1898 168 1929 mutua
181 1899 351 1930 studiorum
365 1901 568 1931 similitudine
583 1901 740 1932 amabant.

101 1944 155 1973 28.
176 1941 234 1974 Sed
246 1942 298 1973 hoc
309 1943 431 1985 quaero]
469 1943 587 1985 Incipit
596 1943 664 1985 jam
677 1942 819 1974 crimina-

60 1982 176 2015 tionem
192 1984 338 2016 refutare.

103 2029 157 2060 29.
182 2026 291 2068 Nempe
304 2028 354 2070 is.]
408 2027 545 2065 Tubero,
566 2028 597 2059 in
613 2039 706 2069 quem
721 2028 822 2060 crimi-

56 2071 216 2101 nationem
233 2071 377 2102 camdem
395 2070 504 2112 rejicit,
528 2071 581 2112 qui
598 2082 660 2102 non
675 2070 771 2101 solum
789 2071 821 2101 in

59 2112 167 2146 Africis
188 2113 257 2150 fuit,
280 2114 336 2145 sed
361 2119 393 2144 et
408 2124 475 2144 esse
492 2113 609 2151 voluit3
632 2118 664 2144 ct
682 2113 821 2155 prohibi-

56 2161 120 2187 tum
145 2167 178 2187 se
204 2156 300 2188 fuisse
326 2157 462 2198 queritur
484 2157 503 2187 ᾗ.
526 2156 650 2198 Ligario
675 2161 766 2197 portu
790 2161 822 2188 et

59 2199 192 2241 oppido,
221 2199 291 2230 cum
319 2200 380 2231 huc
408 2200 507 2236 venit,
543 2201 586 2230 rei
614 2198 821 2230 srumentariae

57 2241 153 2273 causa
169 2241 277 2274 missus
293 2242 446 2280 asenatu3
463 2242 556 2285 quare
568 2242 703 2279 Tubero,
718 2242 824 2283 pulsus

59 2285 79 2316 a]
96 2285 232 2326 Ligario,
255 2285 340 2316 venit
362 2285 394 2317 in
410 2285 634 2318 Macedoniam
658 2286 698 2317 ad
723 2291 823 2317 castra

60 2327 218 2370 Pompeii.

99 2372 153 2403 31.
184 2371 266 2406 Quid
285 2373 372 2408 enim,
397 2370 534 2412 Tubero]
581 2371 752 2404 Confirmat
768 2370 822 2402 Ci-

59 2425 130 2446 cero
144 2415 390 2446 criminationem
407 2415 439 2445 in
453 2414 650 2446 Tuberonem
671 2415 690 2445 a
708 2415 768 2445 fine
791 2418 823 2444 et

60 2457 188 2489 consilio
199 2468 352 2490 armorum
365 2468 434 2500 quae
447 2457 532 2498 cepit
540 2464 646 2489 contra
657 2457 822 2489 Caesarem.

60 2500 111 2531 Ita
131 2506 235 2532 autem
257 2500 315 2533 hac
339 2501 581 2542 amplificatione
601 2499 731 2532 Caesaris
754 2500 820 2531 ani-

62 2554 144 2574 mum
160 2545 325 2585 permovit,
349 2550 382 2575 ut
405 2544 521 2580 Caesar,
545 2543 634 2585 quasi
647 2543 745 2574 clatus
761 2543 820 2574 ira-

61 2586 177 2617 cundia
204 2592 312 2618 contra
338 2587 547 2622 Tuberonem,
581 2586 714 2623 libellos,
741 2597 819 2627 quos

61 2629 94 2659 in
117 2639 209 2660 manu
228 2630 373 2667 habebat,
395 2630 559 2672 abjiciens,
581 2629 718 2660 innuerit
731 2629 822 2660 Cice-

60 2671 138 2708 roni,
166 2672 256 2714 quasi
276 2674 381 2705 omnia
402 2673 529 2704 daturus
556 2678 589 2704 et
610 2683 825 2712 concessurus,

60 2725 132 2757 quae
148 2719 269 2757 peteret
281 2726 336 2756 pro
351 2715 487 2758 Ligario·

105 2760 160 2788 32.
183 2756 373 2800 Dea-erictus]
408 2759 527 2790 Contra
543 2760 699 2792 Caesarem
712 2758 824 2800 nempe

63 2805 137 2831 tunc
153 2801 303 2842 pugnavit
320 2812 374 2841 pro
392 2801 556 2843 PompciO.

103 2843 152 2876 lb.
176 2843 215 2875 11ι
226 2845 286 2876 acie
301 2844 503 2885 Pharsalica]
554 2845 718 2877 Pharsalus
729 2844 828 2876 'sues-

865 1553 950 1586 saliae
972 1553 1127 1595 oppidum
1150 1557 1211 1589 est,
1232 1552 1251 1584 ϊι
1276 1554 1424 1588 Pharsalo
1440 1554 1553 1588 Acrisii
1570 1556 1634 1591 filio

863 1596 1110 1628 denominatum.
1144 1596 1229 1628 Hinc
1246 1597 1458 1630 Pharsalicum
1476 1600 1634 1640 proelium,

865 1641 950 1682 quod
967 1640 1120 1671 Caesarem
1137 1640 1217 1670 inter
1231 1645 1264 1670 et
1287 1641 1474 1682 Pompeium
1489 1643 1635 1674 commis-

866 1694 932 1714 sum
962 1689 1009 1713 est
1039 1682 1144 1714 versus
1171 1682 1327 1728 Enipeum
1354 1685 1492 1716 fluvium.
1548 1685 1634 1717 Vide

867 1726 1063 1768 Appianum,
1086 1726 1140 1758 lib.
1157 1720 1292 1760 QAJ'W
1315 1759 1319 1764 1

910 1769 959 1800 lb.
985 1768 1194 1810 cujuslatus]
1234 1769 1365 1801 Caesaris
1380 1769 1504 1812 nempe.
1543 1769 1632 1803 Nota

866 1811 969 1854 porro,
992 1811 1076 1854 qued
1093 1812 1232 1853 punctim
1248 1813 1368 1844 hostem
1390 1814 1479 1844 ferire
1501 1819 1632 1846 conten-

865 1856 996 1887 debant.

907 1900 962 1930 35.
984 1898 1159 1930 Commove‘ri
1179 1899 1297 1930 videtur
1317 1899 1501 1940 adolescens-J
1548 1899 1630 1932 cum

865 1941 970 1973 Caesar
983 1946 1230 1973 commoveretur
1258 1941 1317 1973 hac
1342 1943 1494 1980 oratione,
1517 1942 1629 1974 Cicero

862 1986 945 2017 hanc
973 1985 1214 2016 commotionem
1246 1985 1389 2016 transfert
1420 1985 1453 2017 in
1490 1985 1630 2018 'rubero-

864 2038 948 2059 nem·

907 2073 961 2102 35.
984 2070 1089 2101 Iisdem
1117 2071 1150 2100 in
1169 2071 1258 2101 armis
1274 2069 1356 2112 fian]
1406 2070 1479 2101 Fuit
1499 2069 1628 2112 quidem

864 2113 897 2144 in
921 2112 1026 2144 castris
1053 2112 1198 2154 Pompeii
1226 2113 1348 2149 Cicero,
1376 2112 1446 2144 cum
1475 2118 1627 2144 certatum

865 2161 929 2192 est;
965 2156 1018 2187 sed
1049 2165 1112 2186 non
1136 2156 1296 2197 pugnavit,
1326 2161 1452 2197 propter
1473 2155 1627 2188 infirmam

865 2199 1090 2238 valetudinem,
1112 2204 1147 2229 ut
1169 2199 1352 2230 Plutarchus
1365 2199 1484 2237 scribit,
1506 2204 1539 2231 et
1559 2199 1630 2243 ipse

867 2241 989 2279 Cicero,
1013 2241 1115 2283 Epist.
1131 2243 1181 2272 18.
1196 2240 1248 2273 lib.
1267 2243 1298 2274 9.

909 2287 962 2317 37.
987 2285 1071 2321 Quod
1086 2284 1131 2314 hic
1144 2285 1258 2326 potest]
1305 2283 1344 2315 Id
1361 2289 1419 2322 cst,
1441 2295 1497 2316 nos
1512 2284 1542 2315 in
1558 2285 1627 2316 acie

866 2327 1044 2359 Pharsalica
1057 2327 1090 2358 id
1113 2327 1231 2369 egimus
1246 2332 1280 2358 ut
1295 2327 1449 2359 Caesarem
1465 2338 1627 2369 possemus

863 2370 1050 2403 interficere:
1075 2370 1125 2401 liic
1139 2376 1242 2401 autem
1258 2381 1340 2401 nunc
1355 2381 1410 2401 nos
1426 2376 1540 2412 potest.

909 2413 959 2446 Ib.
982 2414 1114 2449 Quorum
1135 2413 1260 2455 igitur.]
1307 2413 1379 2446 Jam
1394 2413 1499 2456 dirigit
1513 2413 1628 2446 oratio-

865 2467 936 2488 nem
952 2458 991 2488 ad
1009 2457 1174 2488 Caesarem.

907 2503 960 2531 40.
986 2499 1089 2530 Patris
1105 2498 1382 2542 enipi-adenona]
1436 2497 1627 2540 Arguitjam

865 2544 961 2584 patris
987 2543 1193 2574 temeritatem
1230 2543 1263 2573 in
1286 2541 1463 2574 accusando
1490 2541 1629 2583 Ligario,

864 2597 935 2627 quae
955 2590 1123 2627 utcumque
1137 2586 1266 2616 ferenda
1282 2591 1364 2617 esset
1380 2585 1412 2615 in
1435 2584 1511 2625 filio,
1534 2594 1628 2627 quem

859 2629 965 2670 junior
980 2634 1053 2660 zetas
1068 2639 1213 2660 excusare
1231 2634 1343 2670 potest.

910 2675 964 2704 41.
1000 2671 1143 2702 Doctrina
1170 2672 1328 2712 excellens]
1386 2668 1541 2700 Excelluit.
1563 2669 1629 2701 Tu-

869 2715 942 2746 bero
958 2714 1037 2746 filius
1051 2714 1130 2757 juris
1141 2715 1293 2752 doctrina,
1315 2713 1437 2744 Tubero
1453 2711 1524 2743 νεῐό
1540 2719 1630 2754 pater

867 2758 1002 2789 historia:
1026 2757 1217 2798 cognitione,
1247 2762 1282 2788 ut
1310 2756 1432 2790 indicat
1455 2755 1567 2796 Cicero
1596 2755 1630 2789 iu

868 2800 971 2847 Epist.
983 2801 1023 2833 ad
1036 2801 1077 2840 Q.
1095 2801 1228 2832 fratrem.

1142 2886 1292 2926 2122
