1790 3090
57 145 144 189 390

758 148 1021 182 PHILIPPICA
1045 148 1074 179 1.

140 222 291 279 patriae
322 222 568 264 liberatores
598 221 702 263 urbe
733 224 937 264 carebant
967 224 1035 274 ea,
1064 222 1186 279 cnjus
1219 222 1245 263 a
1277 220 1517 264 cervicibus
1545 222 1699 276 jugum

145 280 295 321 servile
317 280 584 335 dejecerant3
617 293 724 335 quos
745 286 887 322 tamen
908 280 990 336 ipsi
1012 280 1210 321 consules
1229 287 1272 320 et
1292 279 1335 320 in
1358 277 1642 320 concionibus
1659 283 1702 318 et

146 336 192 377 in
214 336 329 377 omni
352 351 545 377 sermone
566 336 812 378 luadabant.
870 336 1088 387 Veterani,
1114 336 1204 393 [qui
1225 335 1587 392 appellabantur,]
1608 333 1701 389 qui-

146 393 228 434 bus
259 392 331 432 hic
353 393 456 433 ordo
479 392 808 448 diligentissime
830 400 1013 443 caverat,
1035 408 1122 434 non
1152 393 1205 433 ad
1237 391 1605 434 conservationem
1635 404 1703 430 ea-

150 505 409 546 citabantur.

73 447 131 488 55
150 463 241 490 rum
261 463 398 489 rerum
419 464 526 505 quas
554 449 786 500 habebant,
805 450 880 490 sed
908 449 962 490 ad
989 465 1109 505 spem
1136 464 1338 490 novarum
1369 448 1621 504 praedarum,
1642 445 1703 486 in-

471 506 577 553 Quae
600 507 698 547 cum
719 506 865 547 audire
897 506 1068 547 mallem
1089 505 1220 562 quarn
1241 506 1396 556 videre,
1418 505 1703 557 haberemque

145 563 218 618 jus
235 562 464 617 legationis
482 562 678 613 liberum,
696 562 748 603 ea
764 568 905 604 mente
923 563 1118 614 discessi,
1134 570 1181 603 ut
1202 562 1398 603 adessem
1415 559 1619 602 Calendis
1638 558 1707 599 Ja-

152 618 328 669 nuariis,
350 619 465 674 quod
486 618 656 660 initium
678 619 850 660 senatus
872 620 1058 675 cogendi
1079 620 1168 660 fore
1188 619 1424 660 videbatur.
1448 641 1451 643 >

212 675 270 716 II.
293 674 501 730 Exposui,
517 676 627 717 P.C.
644 676 924 731 profectionis
939 676 1183 718 consilium:
1207 691 1321 716 nunc
1335 673 1601 723 reversionis,
1612 687 1707 727 quae

153 733 250 789 plus
266 732 559 774 admirationis
572 733 716 783 habet,
733 733 913 774 breviter
927 748 1152 789 exponam.
1189 732 1298 773 Cum
1313 729 1709 778 Brundisium,iter-

154 804 237 843 que
258 788 365 829 illud
386 790 500 844 quod
523 789 669 830 tritum
689 789 732 829 in
754 790 965 831 Graeciam
987 798 1066 841 est,
1083 805 1168 831 non
1190 788 1283 831 sine
1302 787 1434 830 causa
1451 787 1708 833 vitavissem,

157 845 337 886 Calend.
362 845 595 886 Sextilibus
615 846 712 887 veni
735 846 985 902 Syracusas,
1007 846 1123 903 quod
1148 848 1202 888 ab
1226 847 1328 888 urbe
1350 845 1400 887 ea
1420 842 1708 887 “transmissio

110 899 137 939 5
156 901 200 943 in
215 901 427 944 Graeciam
441 901 715 954 laudabatur3
734 918 828 958 quae
842 910 984 948 tamen
997 905 1110 953 urbs,
1122 903 1224 947 mihi
1239 903 1333 959 conj
1341 898 1710 956 unctissima‚plus

825 1107 840 1122 ἢ
847 1101 1048 1154 trajectio.

203 1322 256 1351 51.
290 1321 401 1351 Patriae
426 1320 615 1361 liberatores]
676 1320 739 1357 Qui
764 1320 918 1352 Caesarem

158 1364 390 1399 interfecerant,
411 1364 459 1393 M.
482 1364 607 1400 Brutus,
634 1363 678 1394 D.
699 1364 826 1403 Brutus,
844 1365 919 1396 Cas-

159 1407 233 1443 sius,
265 1407 401 1449 aliique3
432 1407 488 1436 hos
517 1406 695 1438 liberatores
726 1408 833 1448 patriae
864 1419 920 1439 no-

158 1457 266 1480 minat.

203 1495 255 1523 52.
280 1493 339 1532 Ipsi
353 1492 507 1532 consules.]
533 1492 687 1522 Antonius
705 1498 736 1523 et
751 1493 919 1524 Dolabella

158 1536 284 1575 publice
309 1535 436 1576 quidem
462 1536 493 1565 in
515 1536 716 1566 concionibus
741 1536 920 1568 liberatores

157 1578 227 1609 illos
244 1580 350 1620 patriae
368 1578 549 1615 laudabant,
565 1589 641 1619 quos
658 1585 760 1610 tamen
776 1581 815 1610 ad
841 1591 920 1611 mor-

159 1627 222 1652 tem
236 1623 316 1652 clam
334 1622 606 1662 persequebantur.

204 1666 257 1695 53.
283 1665 442 1705 Veterani]
480 1665 601 1695 Milites
617 1665 755 1695 veterani
769 1665 917 1695 diceban-

160 1714 220 1743 tur,
251 1707 304 1748 qui
331 1707 441 1747 viginti
471 1707 558 1737 annis
585 1707 741 1748 stipendia
766 1708 916 1747 fecerant,

161 1751 273 1791 quibus
298 1750 447 1780 confectis
478 1750 675 1780 mittebantur
707 1751 738 1781 in
768 1751 916 1787 colonias,

161 1793 268 1834 eisque
286 1793 348 1833 agri
369 1793 599 1824 dividebantur.
645 1792 724 1824 Cum
752 1799 856 1824 autem
883 1806 915 1825 se

161 1835 298 1866 Romam
321 1836 475 1866 retulisset
489 1835 658 1871 Antonius,
682 1836 849 1876 peragratis
864 1848 916 1867 ve-

161 1884 338 1909 teranorum
364 1878 483 1908 illorum
507 1878 645 1913 coloniis,
675 1880 785 1908 multos
810 1890 915 1910 secum

163 1932 200 1952 ex
217 1922 261 1952 eis
278 1922 425 1951 adduxit:
443 1921 527 1962 qnod
545 1922 574 1951 in
591 1921 682 1951 causa
697 1922 818 1952 suitcur
830 1923 917 1953 multi

163 1971 320 1996 senatores
343 1971 426 1995 metu
449 1965 599 2005 perterriti
626 1964 755 2005 repente
784 1965 918 2007 diffuge-

161 2007 232 2038 rint.

207 2050 255 2080 Ib.
283 2050 394 2084 Quibus
416 2050 464 2081 hic
484 2050 577 2090 orda]
624 2049 755 2080 Senatus
772 2060 919 2091 prospex-

163 2098 238 2128 erat,
255 2099 287 2123 ut
311 2094 452 2123 omnibus
470 2093 623 2123 veteranis
647 2093 807 2129 militibus,
823 2104 859 2124 ac
881 2095 917 2124 iis

163 2136 294 2167 maxime
325 2136 378 2177 qui
413 2147 483 2166 cum
521 2136 642 2167 Caesare
673 2137 805 2171 fuerant,
840 2137 918 2167 nihil

163 2180 297 2215 deesset,
312 2185 346 2209 ut
360 2179 521 2210 commode
537 2185 569 2210 et
585 2179 713 2209 honeste
727 2180 832 2210 vivere
849 2191 919 2222 pos-

163 2228 243 2252 sent.

206 2267 259 2297 55.
285 2265 365 2299 Quas
387 2264 556 2306 habebant]
595 2265 810 2297 Possessiones
834 2277 922 2307 agro-

163 2318 228 2338 rum
245 2309 443 2339 obtinuerant
458 2308 476 2338 ai.
493 2308 627 2344 Caesare,
643 2309 715 2338 dum
733 2309 864 2342 viveret,

207 2351 256 2381 Ib.
290 2351 524 2391 Incitalumtmn]
571 2351 721 2381 Veterani
760 2351 802 2382 illi
841 2352 921 2383 mili-

164 2398 210 2423 tes
237 2394 275 2423 ab
303 2394 443 2424 Antonio
474 2400 505 2424 et
532 2394 653 2434 Lepido
682 2395 920 2435 impellebantur

163 2437 202 2467 ad
232 2437 314 2467 bona
341 2437 455 2468 civium
492 2437 773 2468 interficiendorum
813 2439 920 2480 diripi-

160 2480 256 2511 enda.

204 2525 257 2554 57.
279 2521 449 2563 Legationis
471 2523 621 2562 liberium]
669 2522 800 2562 Legatio
823 2522 919 2553 libera

161 2565 332 2600 dicebatur,
355 2576 447 2605 quam
475 2571 642 2601 senatores,
667 2565 776 2606 privati
802 2566 919 2605 negotii

159 2608 266 2647 causa,
283 2607 301 2637 ὲ
318 2615 424 2638 senatu
440 2609 477 2638 ad
496 2607 620 2648 aliquod
635 2614 757 2648 tempus
772 2608 919 2648 impetra-

158 2650 244 2681 bant.
291 2650 400 2682 Cicero
427 2661 479 2681 eas
504 2650 676 2691 legationis
705 2661 822 2681 annuas
849 2651 917 2692 lege

158 2694 213 2723 sua
237 2694 373 2730 fecerat3
391 2695 444 2725 sed
475 2693 584 2733 pesna
605 2696 655 2736 (ut
678 2695 783 2724 scribit
803 2695 857 2725 lib.
879 2696 917 2725 ad

157 2735 227 2766 Att.
244 2737 311 2774 15.)
326 2737 394 2778 lege
408 2737 493 2768 Julia
510 2737 756 2779 quinquennium
782 2738 816 2768 iis
843 2749 920 2779 pra:-

157 2779 276 2811 finitum
292 2780 361 2812 suit.
407 2780 471 2818 Qui
495 2780 592 2812 libera
617 2781 773 2823 legatione
802 2782 919 2819 aberat,

963 1333 1025 1353 non
1041 1323 1213 1354 habebatur
1226 1321 1404 1363 reipublicae
1419 1320 1514 1352 causa
1529 1321 1648 1355 abesse,
1663 1319 1718 1349 sed

963 1366 1029 1398 sua.
1073 1366 1182 1396 Tribus
1199 1370 1301 1395 autem
1320 1366 1359 1395 de
1375 1364 1475 1395 causis
1490 1364 1585 1395 libera
1600 1362 1716 1404 legatio

964 1409 1111 1440 dabatur:
1146 1408 1276 1449 periculi
1300 1408 1418 1438 vitandi
1444 1408 1549 1443 causa,
1572 1407 1635 1436 voti
1659 1406 1719 1436 sol-

964 1452 1069 1488 vendi,
1096 1458 1127 1482 et
1153 1451 1342 1481 lxaereditatis
1368 1451 1588 1492 nominumque
1615 1458 1718 1490 perse-

964 1495 1167 1536 quendorum.

1005 1538 1054 1568 Ib.
1083 1538 1122 1568 Ut
1151 1538 1272 1568 adessem
1303 1536 1436 1567 Calendis
1460 1535 1549 1576 Juu.]
1608 1535 1718 1566 Cicero

963 1582 1117 1621 profectus
1141 1581 1242 1611 fuerat
1267 1579 1370 1610 Roma
1397 1585 1522 1620 propter
1549 1578 1720 1619 potentiam

959 1624 1101 1660 Antonii,
1123 1624 1176 1664 qui
1202 1623 1306 1653 omnia
1330 1623 1370 1652 ad
1397 1621 1552 1652 arbitrium
1577 1621 1716 1662 gerebat,

960 1667 1026 1697 sine
1044 1667 1106 1697 ulla
1120 1665 1244 1697 senatus
1260 1665 1452 1696 auctoritate.
1498 1665 1653 1705 Sperabat
1665 1675 1719 1694 au-

962 1714 1023 1739 tem
1048 1721 1080 1740 se
1103 1710 1272 1740 rediturum
1295 1710 1334 1739 ad
1358 1708 1516 1739 Calendas
1541 1707 1718 1743 Januarias,

961 1753 1072 1793 quibus
1088 1753 1160 1783 novi
1175 1752 1316 1783 consules
1334 1752 1436 1782 Pansa
1454 1757 1486 1781 et
1508 1750 1628 1781 Hirtius
1651 1761 1717 1780 ma-

961 1796 1122 1835 gistratum
1139 1796 1267 1830 inirent;
1294 1795 1313 1825 a
1328 1795 1438 1835 quibus
1452 1799 1577 1824 senatus
1590 1804 1718 1834 cogere-

962 1844 1008 1867 tur
1025 1839 1063 1869 de
1080 1839 1169 1868 rebus
1186 1838 1317 1877 publicis
1334 1837 1566 1867 deliberaturus.

1004 1883 1034 1911 Q.
1073 1881 1293 1921 Brundisium]
1358 1880 1438 1910 Urbs
1477 1885 1524 1909 est
1554 1878 1720 1914 Calabriae,

960 1930 1050 1962 portu
1067 1935 1121 1954 suo
1137 1924 1278 1960 celebris,
1291 1923 1373 1952 unde
1397 1922 1560 1952 solvebant
1582 1922 1719 1952 Romani

962 1967 1033 1996 ituri
1063 1967 1094 1996 in
1125 1966 1298 2002 Graeciam3
1331 1966 1456 2006 qu6que
1483 1965 1650 1996 redeuntes
1687 1964 1718 1994 in

962 2009 1086 2039 Italiam
1104 2010 1316 2050 appellebant.

1005 2054 1038 2083 3.
1074 2052 1142 2082 Non
1170 2051 1232 2082 sine
1267 2050 1381 2092 causa]
1437 2050 1595 2081 Brundisii
1632 2050 1721 2081 multi

963 2100 1050 2125 erant
1079 2095 1096 2126 ἐ
1125 2094 1276 2125 veteranis
1311 2094 1478 2125 Caesariani
1516 2094 1638 2130 milites,
1665 2093 1720 2135 qui

963 2139 1001 2168 ab
1029 2138 1167 2169 Antonio
1192 2137 1347 2169 sollicitati
1375 2142 1475 2173 erant,
1501 2147 1579 2178 quos
1602 2137 1720 2167 evitare

962 2181 1069 2213 voluit.

1009 2228 1040 2256 4.
1065 2224 1199 2255 Calendis
1222 2223 1398 2264 Sentilibzts]
1452 2222 1520 2254 Cal.
1543 2223 1721 2258 Sextilibus,

964 2267 995 2296 id
1025 2273 1085 2306 est,
1112 2278 1216 2298 mense
1246 2268 1400 2307 Augusto,
1428 2267 1481 2306 qui
1505 2271 1569 2296 tum
1597 2265 1720 2297 Sextilis

964 2311 1137 2347 dicebatur,
1153 2311 1268 2351 quique
1293 2311 1331 2340 ab
1354 2310 1496 2349 Augusto
1511 2309 1631 2340 Caesare
1652 2307 1720 2338 Au-

963 2359 1081 2393 gustus,
1096 2354 1174 2384 sicut
1190 2353 1337 2390 Quintilis
1352 2353 1454 2384 Julius
1465 2352 1482 2382 a
1496 2351 1579 2383 Julio
1595 2351 1718 2382 Caesare

963 2397 1138 2427 nominatus
1156 2402 1212 2428 est.

1007 2439 1055 2470 Ib.
1078 2439 1262 2481 Syracusas]
1307 2438 1467 2479 Syracusae
1492 2437 1563 2468 urbs
1582 2437 1642 2467 suit
1669 2437 1719 2467 Si-

964 2481 1043 2512 ciliae
1066 2483 1264 2523 amplissima,
1285 2482 1323 2511 ab
1349 2481 1463 2512 Archia
1479 2480 1640 2511 Corinthio
1664 2490 1719 2509 an-

964 2525 1010 2555 nis
1039 2531 1109 2555 ante
1136 2525 1291 2557 Christum
1322 2523 1390 2565 plus
1417 2523 1621 2564 septingentis
1645 2533 1720 2553 con-

962 2567 1039 2599 dita.

1006 2612 1036 2640 5.
1063 2608 1331 2650 Ony'mzceissima.]
1387 2609 1465 2640 Cum
1491 2614 1625 2650 qnaestor
1640 2614 1723 2639 esset

961 2653 992 2682 in
1010 2652 1114 2683 Sicilia
1131 2653 1254 2692 Cicero,
1271 2663 1376 2683 omnes
1401 2651 1518 2683 Siculos
1546 2653 1590 2684 ita
1614 2653 1721 2683 huma-

961 2696 1058 2726 nitate
1075 2702 1106 2726 et
1121 2694 1309 2727 abstinentia
1331 2696 1386 2726 sua
1409 2696 1465 2726 sibi
1481 2695 1671 2732 devinxerat,
1686 2702 1721 2726 ut

963 2739 1112 2779 deinceps
1130 2739 1240 2770 Romae
1256 2750 1326 2770 euni
1351 2744 1515 2781 patronum
1531 2744 1562 2770 et
1575 2738 1721 2772 defenso-

963 2794 1025 2814 rem
1042 2784 1153 2814 habere
1171 2782 1331 2814 voluerint.
