1858 3095
737 145 827 182 pao
851 145 1010 179 ccl-tuo.
1638 144 1724 187 233

152 217 279 262 VIII.
310 220 454 276 Atque
473 218 847 274 scitote,judices‚
868 233 940 261 eas
971 217 1229 274 cupiditates
1259 233 1355 275 quae
1387 219 1647 274 objiciuntur

93 275 249 327 CoeUo,
273 283 401 332 atque
421 276 513 317 haec
543 275 685 316 studia
705 276 758 318 de
780 275 934 331 quibus
961 274 1146 331 disputo,
1171 290 1257 317 non
1277 275 1401 319 facile
1428 276 1468 316 in
1493 278 1645 318 eodem

90 331 264 380 homine
281 348 374 375 esse
421 346 516 373 osse
534 348 544 381 ;
579 332 667 372 lieri
689 332 801 373 enim
816 346 899 372 non
919 339 1072 386 potest,
1090 339 1136 373 ut
1158 333 1324 373 animus
1342 332 1506 373 libidini
1525 334 1644 373 dedi-

92 395 177 440 tus,
198 403 355 439 amore,
377 347 604 438 ιΓεείἀετίο,
626 387 877 443 cupiditate,
894 387 1006 443 saepi:
1029 389 1161 429 nimia
1183 389 1325 444 copifi,
1346 388 1490 443 inopia
1513 388 1643 429 etiam

90 458 396 500 nonnunquam
425 444 671 499 impeditus,
694 445 791 495 hoc,
817 443 1026 500 quidquid
1051 453 1129 496 est,
1151 446 1268 500 quod
1291 459 1366 486 nos
1388 444 1568 485 facimus
1600 445 1642 485 in
1661 453 1686 490 5

90 500 290 551 dicendo,
311 515 397 542 non
428 501 555 552 modo
575 501 757 556 agendo,
778 502 922 541 verum
944 501 1072 542 etiam
1092 501 1339 562 cogitando,
1361 501 1497 556 possit
1516 500 1644 542 susti·

90 570 203 611 pere.
233 557 304 597 An
325 571 399 598 vos
421 557 546 598 aliam
567 571 738 598 causam
761 571 855 598 esse
878 557 1005 597 ullam
1026 565 1201 612 putatis,
1223 571 1311 606 cur,
1332 557 1373 597 in
1391 557 1520 597 tantis
1543 572 1644 612 pim-

88 612 187 663 miis
203 613 472 668 eloquentiae,
486 614 605 654 tauta
621 614 839 668 voluptate
856 612 1043 662 dicendi,
1063 612 1183 653 tanta
1199 613 1339 663 laude,
1354 612 1473 653 tanta
1491 613 1641 667 glor-iii,

88 674 208 715 tauto
239 669 414 720 honore,
435 677 522 710 tam
552 670 639 710 sint
668 669 810 724 pauci,
832 682 1083 722 semperque
1102 668 1270 718 fuerint,
1291 669 1364 723 qui
1393 668 1435 708 in
1467 668 1550 708 hoc
1582 669 1642 708 la-

87 723 190 766 bore
203 726 454 767 versentur?
514 725 775 766 Omittendae
790 732 890 770 sunt
901 738 1048 764 omnes
1066 724 1306 779 voluptates
1322 741 1332 775 ;
1364 724 1643 779 relinquenda
1665 731 1715 771 lO

86 780 231 828 studia
254 781 576 825 delectationis:
610 781 750 830 ludus,
765 781 908 835 jocus,
931 779 1190 831 convivium,
1213 795 1350 821 sermo
1372 781 1499 821 etiam
1523 780 1642 835 paene

86 836 276 885 omnium
302 837 573 878 familiarium
607 836 889 878 deserendus:
923 851 1019 891 quae
1049 851 1115 877 res
1149 837 1191 876 in
1223 837 1306 878 hoc
1326 850 1480 892 genere
1507 836 1643 877 homi-

84 905 162 934 ues
193 891 219 933 a
248 892 391 935 labore
421 893 651 948 studioque
678 892 850 933 dicendi
881 892 1090 942 deterret3
1122 900 1230 933 anon
1250 891 1335 948 quo
1367 900 1440 934 aut
1469 892 1642 948 ingenia

84 946 302 1001 deficiant,
323 955 396 990 aut
415 949 610 990 doctrina
631 948 818 1004 puerilis.
878 951 947 989 An
969 949 1053 999 hic,
1071 949 1106 989 si
1125 963 1218 990 sese
1234 949 1301 990 isti
1320 949 1418 990 vitae
1434 949 1641 1000 (ledisset,

84 1004 352 1050 consularem
373 1005 590 1047 hominem
613 1005 844 1046 admodum
865 1005 1118 1046 adolescens
1151 1005 1193 1045 in
1218 1005 1431 1060 judicium
1452 1006 1642 1047 vocavis-
1663 1012 1715 1053 15

84 1060 174 1102 set?
195 1060 281 1111 hic,
296 1062 330 1102 si
346 1062 536 1103 laborem
553 1061 733 1117 fugeret,
748 1061 783 1102 si
800 1060 1033 1102 obstrictus
1050 1061 1339 1117 voluptatibus
1357 1069 1584 1112 teneretur,
1597 1063 1641 1103 in

83 1113 170 1158 hac
190 1117 282 1163 acie
303 1118 494 1173 quotidie
516 1118 780 1159 versaretur?
812 1124 1032 1172 appeteret
1061 1117 1337 1159 inimicitias?
1367 1118 1410 1158 in
1427 1118 1642 1173 judicium

82 1173 284 1214 vocaret?
316 1174 477 1215 subiret
496 1174 731 1230 periculum
751 1173 932 1229 capitis?
968 1174 1061 1229 ipso
1083 1173 1353 1228 inspectante
1376 1175 1534 1229 populo
1556 1174 1642 1216 Ro-

83 1241 227 1280 mano,
248 1236 314 1270 tot
334 1244 502 1271 menses
524 1237 597 1270 aut
617 1231 670 1271 de
693 1230 830 1270 salute
861 1236 936 1270 aut
966 1230 1019 1270 de
1052 1229 1190 1284 gloria
1210 1230 1433 1271 dimicaret
1445 1231 1461 1270 ’ἒ
1521 1230 1642 1272 Nihil

83 1283 213 1339 igitur
232 1285 303 1325 illa
322 1285 522 1328 vicinitas
542 1286 733 1327 redolet?
766 1285 871 1325 nihil
892 1285 1111 1326 hominum
1134 1286 1279 1326 fama?
1309 1286 1416 1326 nihil
1437 1286 1554 1327 Baiae
1570 1287 1642 1328 de·
1659 1295 1715 1336 20

81 1340 212 1395 nique
233 1340 336 1397 ipsae
352 1341 607 1397 loquuntur?
640 1341 730 1381 111ae
751 1340 850 1382 vero
868 1355 953 1382 non
973 1342 1207 1397 loquuntur
1227 1342 1380 1391 solum,
1397 1345 1544 1384 verum
1565 1344 1642 1384 eti—

81 1408 150 1438 am
170 1405 418 1452 personant,
434 1398 521 1439 huc
537 1397 663 1438 unius
677 1397 865 1438 mulieris
883 1397 1103 1438 libidinem
1119 1398 1239 1439 besse
1257 1399 1511 1455 prolapsam,
1530 1406 1577 1440 ut
1592 1414 1644 1451 ea

79 1465 168 1493 non
186 1453 314 1495 modo
335 1453 614 1495 solitudinem
635 1469 686 1496 ac
707 1454 919 1503 tenebras,
941 1460 1070 1509 atque
1102 1454 1194 1495 haec
1224 1454 1486 1510 flagitiorum
1513 1455 1644 1496 cinte-

83 1515 287 1562 gumenta
302 1523 389 1550 non
404 1517 581 1566 quaerat,
599 1511 675 1552 sed
691 1510 734 1550 in
751 1509 1011 1566 turpissimis
1028 1510 1152 1552 rebus
1169 1510 1519 1566 frequentissima
1536 1512 1644 1553 cele-

81 1563 237 1606 britate
254 1571 297 1607 et
309 1566 545 1608 clarissima
556 1567 653 1608 luce
667 1568 844 1608 laetetur.
876 1565 1052 1617 Verum,
1069 1566 1103 1607 si
1119 1567 1215 1622 quis
1232 1574 1311 1618 est,
1325 1567 1398 1624 qui
1412 1568 1541 1608 etiam
1558 1583 1643 1609 me·
1660 1577 1716 1618 25

81 1620 260 1666 retriciis
296 1623 512 1664 amoribus
546 1623 821 1664 interdictum
850 1623 1066 1678 juventuti
1099 1629 1236 1678 putet,
1269 1631 1335 1664 est
1368 1624 1436 1665 ille
1468 1625 1643 1680 quidem

79 1675 205 1718 valde
220 1692 413 1729 severus;
435 1693 589 1735 negare
606 1694 692 1720 non
709 1693 886 1734 possum
901 1696 912 1730 ;
935 1680 1011 1720 sed
1028 1679 1228 1720 abhorret
1244 1693 1330 1721 non
1347 1681 1475 1721 modo
1492 1682 1546 1722 ab
1567 1681 1643 1722 hu-

74 1732 148 1787 jus
169 1734 314 1776 saeculi
333 1735 525 1785 licentia,
549 1737 695 1776 verum
716 1735 847 1776 etiam
876 1733 903 1774 a
934 1736 1140 1790 majorum
1162 1737 1489 1788 consuetudine,
1512 1744 1642 1793 atque

80 1787 341 1833 ‘'concessis.
371 1791 554 1839 Quando
573 1791 686 1833 enim
706 1792 791 1832 hoc
811 1805 898 1832 non
914 1790 1077 1832 factum
1093 1798 1159 1832 est
1176 1792 1192 1832 2
1224 1793 1396 1848 quando
1419 1794 1642 1849 reprehen-

81 1846 208 1890 sum?
237 1847 409 1903 quando
430 1863 517 1890 non
547 1847 829 1903 permissum?
861 1848 1034 1903 quando
1056 1848 1239 1904 denique
1260 1848 1356 1897 fuit,
1377 1856 1439 1900 ut,
1461 1851 1574 1905 quod
1595 1850 1642 1891 li-
1659 1859 1716 1899 30

82 1907 165 1951 cet,
182 1916 271 1945 non
285 1903 460 1946 liceret?
493 1904 577 1946 Hic
590 1919 671 1961 ego
681 1905 774 1961 jam
785 1918 874 1946 rem
890 1904 1091 1946 definiam
1105 1921 1117 1956 ς
1148 1905 1371 1946 mulierem
1386 1906 1546 1948 nullam
1567 1921 1643 1949 no-

79 2020 191 2057 anon
210 2020 331 2068 quia.
417 2018 668 2061 bdevenisse.
755 2019 1089 2060 coccultationes.
1177 2017 1195 2042 ‘¹
1217 2032 1312 2074 quae
1333 2021 1643 2062 coneedzmtur.

125 2160 156 2188 1.
180 2156 238 2188 Eas
270 2158 468 2200 cupiditates]
508 2159 696 2201 Voluptates
733 2164 766 2190 et
802 2159 839 2190 li·
883 2163 1038 2191 cusatores
1053 2159 1228 2200 potentium
1252 2160 1442 2200 inimicitias,
1456 2161 1526 2194 etim
1542 2173 1595 2194 eos
1610 2163 1642 2194 in

82 2199 206 2231 bidines
229 2211 294 2231 non
321 2208 450 2241 possunt
476 2212 544 2233 esse
567 2212 638 2233 cum
664 2202 701 2233 iis
729 2202 838 2233 studiis
879 2202 1036 2243 judicium
1053 2204 1217 2233 vocabant.

82 2252 153 2284 quae
177 2244 217 2273 ad
242 2244 426 2275 rhetoricam
450 2250 482 2275 et
504 2245 716 2287 eloquentiam
744 2245 840 2286 perti·
928 2247 980 2275 18.
1006 2245 1122 2282 Sabiret
1155 2247 1319 2284 periculum
1354 2248 1486 2288 capitis]
1533 2248 1644 2280 Subire

84 2290 169 2327 nent.
885 2288 996 2328 capitis
1012 2287 1183 2328 periculum
1200 2289 1314 2319 dicitur
1337 2297 1507 2327 accusator,
1523 2292 1575 2331 qui
1592 2302 1646 2322 ca-

125 2330 178 2362 14.
203 2327 349 2360 Doctrina
371 2330 523 2372 puerilia]
580 2329 642 2360 Per
668 2329 842 2360 doctrinam
885 2329 1008 2360 lumniae
1045 2330 1215 2370 periculum
1253 2331 1355 2370 subit;
1378 2343 1450 2363 nam
1479 2333 1645 2364 calumniae

83 2370 248 2411 puerilem,
264 2377 317 2402 aut
332 2372 415 2412 ipsas
430 2373 587 2403 rhetoricae
605 2373 842 2413 praeceptiones,
886 2374 1050 2403 damnatos
1063 2373 1201 2414 sequitur
1217 2374 1355 2406 infamia.

83 2412 133 2443 vel
149 2414 248 2455 ipsam
265 2415 507 2455 grammaticam,
521 2415 677 2456 intelligit,
694 2426 770 2456 quas
786 2425 841 2444 ne-
927 2415 976 2446 lb.
1014 2414 1079 2454 Ipso
1107 2418 1282 2455 inspectante
1308 2419 1411 2457 populo
1445 2418 1546 2460 Rom]
1604 2419 1642 2449 In

83 2465 168 2486 cesse
179 2462 227 2497 est
240 2455 259 2487 a
269 2457 402 2498 pueritia
418 2459 600 2499 comparari,
614 2464 647 2488 ut
658 2459 727 2499 quis
739 2463 841 2488 orator
883 2458 949 2488 foro
973 2458 1144 2488 habebatur
1167 2460 1226 2489 hoc
1243 2458 1408 2499 judicium,
1431 2462 1483 2492 ubi
1499 2463 1644 2503 frequens

85 2499 207 2531 evadat.
886 2501 996 2530 adesse
1015 2501 1145 2540 populus
1160 2502 1290 2532 solebat.

130 2543 180 2571 15.
205 2541 389 2574 Consularem
401 2543 566 2583 hominem]
603 2543 641 2574 C.
657 2542 842 2578 Antonium,
932 2544 983 2572 19.
1010 2542 1093 2573 Nihil
1129 2546 1225 2584 igitur
1251 2546 1306 2575 illa
1334 2547 1468 2576 vicinitas
1502 2547 1641 2587 vestalem]

86 2582 140 2623 qui
155 2582 312 2616 Ciceronis
327 2586 357 2616 in
372 2587 532 2617 consulatu
547 2585 667 2627 collega
681 2586 752 2622 fuit,
770 2585 842 2616 Coe-
889 2585 926 2615 Id
944 2591 1000 2620 est,
1015 2596 1074 2614 non
1088 2586 1182 2617 debet
1194 2588 1298 2618 venire
1309 2589 1337 2617 in
1352 2591 1556 2626 suspicionem
1575 2590 1645 2618 libi-

86 2625 146 2656 lius
160 2627 280 2658 vocavit
293 2628 498 2668 injudicium‚
888 2627 968 2658 dinis
984 2627 1112 2667 Coelius‚
1130 2630 1183 2670 qui
1198 2631 1317 2661 vicinus
1333 2631 1451 2661 Clodiae
1473 2631 1504 2659 in
1520 2632 1642 2662 Palatio

131 2668 181 2698 16.
204 2667 243 2698 In
257 2670 310 2700 Mc
323 2671 408 2712 acia]
432 2670 471 2701 ld
487 2677 544 2707 cst,
555 2670 681 2711 judiciis
694 2677 726 2702 et
741 2670 842 2702 causis
886 2670 1089 2701 habitaverit?

88 2710 278 2741 forensibus:
296 2713 454 2744 translatio
470 2714 488 2744 a
503 2714 735 2754 gladiatoribus.
931 2715 984 2744 ΞΟ.
1007 2712 1092 2744 Nihil
1108 2713 1220 2756 Bam]
1264 2715 1490 2757 Navigationes
1503 2716 1537 2747 in
1551 2717 1648 2748 hortis

131 2754 184 2784 17.
204 2753 352 2793 appeteret
372 2756 567 2797 inimicitias]
613 2756 769 2788 Subibant
793 2765 844 2787 ac·
887 2765 958 2786 cum
974 2754 1102 2788 Clodia.
