1858 3095
877 153 998 186 vri-A.
1222 134 1225 138 ’
1687 170 1741 202 xv

140 229 224 273 Hic
246 229 445 272 Catilinae
465 227 559 271 dies
579 227 780 281 exeundi,
800 232 892 270 tum
908 228 1079 271 caeteris
1096 229 1295 272 manendi
1316 230 1525 283 conditio,
1546 238 1636 274 tum
1660 231 1732 275 de-

139 288 314 345 scriptio
335 303 410 345 per
428 293 564 328 totam
587 287 736 328 urbem
757 286 888 328 caedis
906 293 1034 342 atque
1062 287 1359 330 incendiorum
1381 288 1618 330 constituta
1639 296 1731 332 est:

138 346 241 402 quin
263 347 404 396 etiam,
426 344 498 385 ubi
520 343 629 384 dixit
649 343 834 385 Catilina
855 343 1074 399 paululum
1097 344 1177 386 sibi
1215 359 1309 387 esse
1330 346 1458 386 etiam
1479 351 1571 386 tum
1591 360 1734 396 morae,

138 402 253 459 quod
272 402 424 443 Cicero
445 401 620 451 viveret,
637 401 790 456 reperti
813 407 913 441 sunt
933 400 1016 441 duo
1040 401 1205 457 equites
1227 401 1426 453 Romani,
1448 401 1520 457 qui
1545 416 1639 443 sese
1665 402 1735 443 illa

137 460 233 515 ipsa
248 465 374 500 nocte
395 457 524 514 paulo
546 465 645 499 ante
665 457 803 499 lucem
819 456 1071 498 Ciceronem
1092 458 1134 498 in
1157 473 1235 500 suo
1257 459 1412 500 lectulo
1434 458 1734 500 interfecturos

136 513 315 572 polliciti
337 521 450 555 sunt.
511 513 622 555 Cum
642 520 785 556 autem
805 513 972 565 Cicero,
987 513 1040 555 de
1059 514 1160 556 dolo
1182 516 1294 556 malo
1312 515 1386 571 qui
1408 515 1650 571 parabatur,
1665 517 1736 556 vix

137 578 254 614 ooetu
271 570 450 612 dimisso
467 585 542 627 per
558 571 751 612 Fulviam
768 570 922 612 certior
938 570 1078 612 factus
1093 578 1222 623 esset,
1236 572 1410 613 domum
1427 585 1550 612 suam
1566 572 1736 628 majori-

134 628 215 670 bus
224 627 431 685 praesidiis
446 627 727 680 munivit,nec
742 641 815 669 eos
826 627 1116 683 admisitquos
1127 627 1315 670 Catilina
1327 627 1597 670 salutationis
1608 628 1739 670 caus-<⁶2

136 685 324 726 miserat.
360 684 440 725 VI.
462 685 565 726 Idus
581 684 793 726 Novemb.
809 683 1015 725 Senatum
1028 685 1071 725 in
1083 684 1107 725 J
1113 684 1203 726 ovis
1222 684 1404 726 Statoris
1422 685 1559 726 aedem
1578 700 1737 727 convo·

136 741 264 793 cavit,
273 740 358 798 quo
371 741 502 783 etiam
510 741 698 783 Catilina
711 756 808 783 cum
822 741 986 783 caeteris
1001 741 1143 782 venire
1158 756 1286 783 ausus
1302 749 1386 793 est3
1409 742 1484 783 sed
1499 742 1735 784 eiassidere

135 812 262 840 nemo
276 798 429 849 voluit,
452 813 502 840 eo
517 798 624 850 viso,
640 798 728 840 sive
746 799 838 854 ejus
860 805 1082 854 aspectum
1094 797 1258 839 Consul
1276 799 1538 849 formidaret,
1561 799 1651 840 sive
1675 798 1736 840 ira

135 862 487 908 commoveretur,
500 855 613 897 hanc
630 855 780 897 habuit
795 855 839 896 in
853 869 950 897 eum
967 854 1200 896 orationem
1205 887 1217 907 ,
1233 871 1328 912 quae
1342 855 1478 912 prima
1492 856 1583 911 ejus
1596 856 1639 896 in
1654 856 1736 897 Ca-

134 912 302 953 tilinam
315 918 470 954 exstat.
518 911 750 954 Perculsus
763 911 845 954 hac
859 911 1051 954 oratione
1069 911 1257 953 Catilina
1269 919 1397 954 nocte
1416 927 1515 954 cum
1530 912 1735 955 trecentis

135 968 308 1010 armatis
326 968 586 1021 hominibus,
599 969 825 1011 lictoribus
840 976 885 1010 et
899 968 1104 1019 fascibus,
1119 969 1284 1025 imperii
1299 968 1555 1026 insignibus,
1567 984 1619 1011 ex
1631 970 1736 1011 urbe

133 1025 179 1067 in
187 1024 413 1067 Manliana
425 1026 791 1083 castraprofectus
805 1032 885 1067 est.
918 1025 983 1067 Eo
995 1026 1268 1082 profecto‚ad
1282 1027 1489 1082 populum
1499 1026 1736 1068 orationem

135 1082 301 1134 habuit,
329 1082 374 1123 in
396 1083 483 1139 qua
504 1083 544 1124 ei
566 1091 610 1124 et
629 1082 816 1139 Reipub.
839 1083 1077 1139 gratulatus
1095 1090 1175 1134 est,
1197 1082 1313 1140 quod
1335 1082 1522 1124 Catilina
1542 1082 1736 1125 abiisset.

136 1137 222 1180 Ubi
244 1138 396 1180 Romae
417 1139 638 1196 cognitum
658 1147 725 1181 est
747 1139 975 1181 Catilinam
1007 1140 1063 1180 ad
1092 1140 1316 1181 Manliana
1337 1147 1478 1181 castra
1497 1140 1736 1196 profectum

136 1210 246 1247 esse,
269 1210 367 1237 eum
388 1211 487 1238 cum
510 1196 676 1238 Manlio
700 1195 884 1237 Senatus
905 1196 1077 1237 hostem
1097 1196 1246 1252 patriae
1261 1196 1488 1252 judicavit,
1511 1196 1734 1254 edixitque

135 1251 399 1293 Consulibus
414 1253 475 1293 uti
491 1253 708 1294 delectum
720 1253 939 1303 haberent,
953 1253 1168 1294 Antonius
1183 1268 1279 1294 cum
1293 1253 1484 1295 exercitu
1501 1252 1735 1295 Catilinam

135 1307 446 1364 insequeretur,
469 1308 622 1349 Cicero
653 1308 772 1349 urbis
802 1309 1052 1363 praesidium
1087 1309 1339 1365 susciperet.
1401 1309 1511 1350 Cum
1532 1316 1674 1352 autem
1692 1310 1737 1351 in

133 1365 238 1406 urbe
259 1364 312 1406 de
331 1364 461 1406 sociis
483 1363 684 1406 Catilinae
715 1365 907 1405 nondum
943 1372 1211 1420 compertum
1242 1371 1371 1417 esset,
1393 1365 1546 1407 Cicero
1567 1366 1738 1408 interim

134 1421 378 1473 Murenam,
394 1427 647 1463 accusatum
661 1421 861 1473 ambitus,
875 1436 974 1463 cum
987 1421 1220 1462 Hortensio
1238 1421 1446 1463 defendit.
1486 1421 1585 1470 Qua
1601 1422 1646 1463 in
1663 1423 1738 1464 de-

135 1477 330 1519 fensione
362 1477 402 1519 ei
431 1477 516 1519 fuit
535 1478 725 1530 inferior,
746 1485 839 1519 tum
859 1484 1032 1534 propter
1053 1477 1223 1533 vigilias
1253 1478 1409 1530 noctis,
1430 1479 1554 1535 cujus
1575 1479 1738 1521 nullam

133 1542 300 1591 partem
316 1534 549 1590 quieverat,
566 1542 658 1576 tum
677 1543 850 1591 propter
867 1549 1005 1586 curas,
1028 1534 1184 1591 quibus
1205 1535 1419 1577 continuis
1450 1535 1737 1592 premebatur.

191 1590 320 1633 Forte
341 1591 425 1632 illis
441 1591 706 1648 temporibus
722 1590 854 1648 legati
871 1591 1157 1648 Allobrogum
1173 1590 1357 1633 Romam
1373 1599 1597 1644 venerunt,
1614 1599 1663 1634 ut
1683 1593 1737 1635 de

136 1662 310 1690 suorum
341 1648 671 1705 magistratuum
707 1647 884 1690 avaritia
907 1655 1200 1704 quererentur.
1262 1648 1329 1689 Illi
1363 1648 1389 1690 a
1421 1648 1533 1692 Pub.
1555 1649 1737 1691 Lentulo

137 1704 246 1746 Sura
265 1704 486 1746 sollicitati
504 1711 618 1758 sunt,
637 1710 680 1747 et
692 1705 748 1746 ad
765 1719 865 1746 suos
883 1704 1050 1746 remissi
1065 1719 1164 1746 cum
1184 1704 1336 1747 literis.
1386 1704 1452 1747 Re
1468 1706 1645 1762 cognita
1661 1720 1739 1762 per

138 1762 191 1810 Q.
209 1762 390 1803 Fabium
407 1761 610 1818 Sangam,
626 1761 700 1818 qui
718 1762 1025 1819 Allobrogibus
1042 1761 1194 1803 Romae
1207 1761 1572 1818 patrocinabatur,
1587 1763 1738 1805 Cicero

137 1819 184 1860 L.
198 1818 369 1860 Valerio
387 1818 546 1860 Flacco
565 1826 608 1860 et
622 1818 673 1861 C.
690 1818 921 1874 Pomptino
940 1818 1207 1860 Praetoribus
1223 1819 1462 1876 imperavit,
1478 1826 1526 1860 ut
1538 1820 1583 1860 in
1599 1819 1739 1861 Ponte

137 1875 290 1917 Milvio
311 1876 479 1932 legatos
500 1876 597 1918 illos
617 1876 1056 1931 comprehenderent3
1087 1890 1196 1932 quos
1213 1890 1380 1917 summo
1407 1890 1533 1917 mane
1551 1876 1604 1917 ad
1624 1876 1739 1918 Con-

137 1932 275 1974 sulem
292 1947 390 1974 cum
405 1932 541 1974 literis
555 1932 840 1974 deduxerunt.
871 1932 956 1974 III.
978 1932 1128 1973 Nonas
1140 1932 1294 1974 Cicero
1311 1932 1527 1989 principes
1544 1934 1639 1989 conj
1648 1948 1739 1974 ura-

135 1988 265 2030 tionis
282 1990 336 2031 ad
350 2004 396 2031 se
411 1989 554 2031 venire
569 1989 717 2045 jussit,
732 1995 972 2030 convocato
986 1988 1030 2030 in
1047 1989 1184 2030 aedem
1199 1989 1456 2031 Concordiae
1471 1989 1649 2041 Senatu,
1667 1989 1739 2031 ubi

136 2045 186 2086 T.
201 2045 413 2087 Vulturcii
434 2053 478 2087 et
499 2046 785 2103 Allobrogum
804 2045 977 2087 indiciis
1002 2045 1139 2087 omnis
1160 2046 1378 2102 patefacta
1399 2053 1465 2088 est
1485 2047 1738 2103 conjuratio.

138 2101 380 2144 Introducti
401 2102 564 2143 suntin
594 2102 818 2154 Senatum,
840 2102 1153 2158 constitutique
1176 2109 1361 2158 quatuor
1381 2103 1456 2143 viri
1478 2117 1644 2158 graves,
1665 2103 1739 2159 qui

139 2157 282 2199 omnia
301 2158 493 2200 indicum
510 2158 641 2208 dicta,
665 2158 942 2215 interrogata,
959 2165 1002 2200 et
1022 2173 1242 2215 responsa,
1264 2159 1586 2215 perscriberent.
1631 2159 1741 2201 Tum

138 2213 360 2266 Lentulus,
383 2215 618 2271 Cethegus,
641 2213 854 2264 Statilius,
879 2214 1104 2264 Gabinius,
1127 2222 1171 2256 et
1193 2214 1429 2271 Caeparius,
1453 2230 1505 2257 ex
1537 2215 1740 2257 Senatus-

137 2273 334 2313 consulto
356 2271 401 2312 in
422 2271 665 2313 custodiam
696 2271 842 2313 traditi
869 2278 987 2313 sunt.
1047 2271 1112 2312 Eo
1135 2271 1205 2313 die
1226 2272 1412 2313 Senatus
1442 2272 1740 2314 testimonium

138 2335 401 2370 conservatae
422 2327 550 2384 Reip.
569 2327 770 2370 Ciceroni
792 2328 926 2379 dedit,
942 2328 1058 2384 quod
1073 2328 1231 2370 nemini
1252 2329 1464 2370 hactenus
1482 2343 1740 2371 concessum

139 2392 249 2436 erat3
281 2392 326 2427 et
354 2382 685 2442 supplicationis
707 2400 862 2442 genere
892 2384 1101 2441 singulari
1130 2385 1308 2427 deorum
1335 2385 1498 2442 templa
1522 2386 1739 2442 patefecit.

139 2441 230 2483 Sub
250 2449 425 2484 noctem
455 2441 711 2484 concionem
742 2441 896 2483 habuit
916 2442 970 2482 ad
991 2442 1212 2498 populum,
1235 2442 1308 2498 qui
1341 2443 1543 2499 frequens
1576 2443 1739 2494 aderat,

140 2498 279 2555 eique,
297 2499 412 2555 quod
430 2498 475 2540 in
497 2499 658 2540 Senatu
673 2505 844 2555 gestum
866 2505 969 2550 erat,
985 2498 1206 2555 exposuit:
1229 2498 1255 2539 a
1269 2499 1478 2541 concione
1499 2499 1545 2540 in
1565 2499 1740 2540 domum

139 2569 228 2596 suae
250 2555 435 2597 vicinam
458 2555 483 2596 a
505 2556 664 2611 populo
685 2555 900 2597 deductus
923 2562 1003 2607 est,
1027 2554 1128 2611 quia
1154 2564 1258 2597 tunc
1280 2555 1324 2596 in
1354 2557 1445 2612 ejus
1468 2555 1630 2596 aedibus
1651 2569 1740 2597 ma-

137 2618 271 2653 tronae
290 2619 333 2654 et
347 2612 547 2654 Vestales
566 2612 700 2654 Bonae
734 2612 838 2655 Deae
860 2626 983 2653 sacra
1004 2611 1237 2653 faciebant.
1269 2612 1408 2653 Nonis
1427 2611 1740 2654 Decembribus

143 2667 306 2710 Consul
327 2669 574 2711 admonitus
597 2677 678 2720 est,
700 2669 891 2726 cogitare
926 2669 1158 2710 nonnullos
1187 2669 1240 2710 de
1274 2669 1456 2710 Lentulo
1478 2674 1522 2708 et
1543 2667 1740 2725 Cethego

141 2724 370 2781 eripiendis
389 2725 412 2767 ὲ
430 2741 614 2768 carcere.
652 2727 720 2768 De
734 2726 787 2767 iis
805 2724 951 2767 statim
965 2725 1019 2766 ad
1034 2725 1243 2768 Senatum
1257 2725 1415 2767 retulit.
1462 2724 1623 2781 Rogati
1641 2732 1743 2767 sunt

141 2781 401 2827 sententiam
421 2782 664 2827 Senatores.
713 2781 883 2826 Silanus
901 2782 1092 2826 decrevit
1107 2783 1151 2826 in
1164 2796 1239 2825 eos
1256 2781 1455 2826 ultimum
1467 2782 1739 2839 supplicium.
