<?xml version="1.0" encoding="UTF-8"?>
<!DOCTYPE html PUBLIC "-//W3C//DTD XHTML 1.0 Transitional//EN"
    "http://www.w3.org/TR/xhtml1/DTD/xhtml1-transitional.dtd">
<html xmlns="http://www.w3.org/1999/xhtml" xml:lang="en" lang="en">
 <head>
  <title>
</title>
<meta http-equiv="Content-Type" content="text/html;charset=utf-8" />
  <meta name='ocr-system' content='tesseract 3.04.00' />
  <meta name='ocr-capabilities' content='ocr_page ocr_carea ocr_par ocr_line ocrx_word'/>
</head>
<body>
  <div class='ocr_page' id='page_1' title='image "./selectaeoratione00ciceuoft_0374.png"; bbox 0 0 1790 3090; ppageno 0'>
   <div class='ocr_carea' id='block_1_1' title="bbox 52 150 137 193">
    <p class='ocr_par' dir='ltr' id='par_1_1' title="bbox 52 150 137 193">
     <span class='ocr_line' id='line_1_1' title="bbox 52 150 137 193; baseline 0 -1"><span class='ocrx_word' id='word_1_1' title='bbox 52 150 137 193; x_wconf 80' lang='lat'>334</span> 
     </span>
    </p>
   </div>
   <div class='ocr_carea' id='block_1_2' title="bbox 131 229 494 296">
    <p class='ocr_par' dir='ltr' id='par_1_2' title="bbox 131 229 494 296">
     <span class='ocr_line' id='line_1_2' title="bbox 131 229 494 296; baseline -0.006 -29"><span class='ocrx_word' id='word_1_2' title='bbox 131 229 494 296; x_wconf 79' lang='lat' dir='ltr'>comparatorum.</span> 
     </span>
    </p>
   </div>
   <div class='ocr_carea' id='block_1_3' title="bbox 129 279 1163 394">
    <p class='ocr_par' dir='ltr' id='par_1_3' title="bbox 129 279 1163 394">
     <span class='ocr_line' id='line_1_3' title="bbox 131 279 1163 338; baseline -0.002 -14"><span class='ocrx_word' id='word_1_3' title='bbox 131 298 215 324; x_wconf 85' lang='lat' dir='ltr'>nec</span> <span class='ocrx_word' id='word_1_4' title='bbox 235 281 334 323; x_wconf 72' lang='lat' dir='ltr'>ante</span> <span class='ocrx_word' id='word_1_5' title='bbox 367 279 631 337; x_wconf 40' lang='lat' dir='ltr'>‘repudiata</span> <span class='ocrx_word' id='word_1_6' title='bbox 662 288 777 332; x_wconf 84' lang='lat' dir='ltr'>sunt,</span> <span class='ocrx_word' id='word_1_7' title='bbox 811 297 943 338; x_wconf 79' lang='lat' dir='ltr'>quam</span> <span class='ocrx_word' id='word_1_8' title='bbox 971 281 1163 338; x_wconf 87' lang='lat' dir='ltr'>quaesita.</span> 
     </span>
     <span class='ocr_line' id='line_1_4' title="bbox 129 337 1074 394; baseline -0.004 -13"><span class='ocrx_word' id='word_1_9' title='bbox 129 339 429 381; x_wconf 73' lang='lat' dir='ltr'>incredibilem</span> <span class='ocrx_word' id='word_1_10' title='bbox 461 337 730 393; x_wconf 76' lang='lat' dir='ltr'>diligentiam</span> <span class='ocrx_word' id='word_1_11' title='bbox 752 338 833 380; x_wconf 89' lang='lat' dir='ltr'>Cn.</span> <span class='ocrx_word' id='word_1_12' title='bbox 852 338 1074 394; x_wconf 88' lang='lat' dir='ltr'>Pompeii:</span> 
     </span>
    </p>
   </div>
   <div class='ocr_carea' id='block_1_4' title="bbox 574 150 1704 279">
    <p class='ocr_par' dir='ltr' id='par_1_4' title="bbox 574 150 1703 279">
     <span class='ocr_line' id='line_1_5' title="bbox 767 150 1077 184; baseline 0 -1"><span class='ocrx_word' id='word_1_13' title='bbox 767 151 860 184; x_wconf 80' lang='lat' dir='ltr'>PRO</span> <span class='ocrx_word' id='word_1_14' title='bbox 885 150 1077 184; x_wconf 82' lang='lat' dir='ltr'><strong>MILONE.</strong></span> 
     </span>
     <span class='ocr_line' id='line_1_6' title="bbox 574 221 1704 279; baseline 0.004 -16"><span class='ocrx_word' id='word_1_15' title='bbox 574 221 683 264; x_wconf 77' lang='lat' dir='ltr'>Haec</span> <span class='ocrx_word' id='word_1_16' title='bbox 722 237 810 266; x_wconf 90' lang='lat' dir='ltr'>non</span> <span class='ocrx_word' id='word_1_17' title='bbox 845 226 991 267; x_wconf 82' lang='lat' dir='ltr'>delata</span> <span class='ocrx_word' id='word_1_18' title='bbox 1036 222 1190 277; x_wconf 74' lang='lat' dir='ltr'>solum,</span> <span class='ocrx_word' id='word_1_19' title='bbox 1230 222 1307 265; x_wconf 83' lang='lat' dir='ltr'>sed</span> <span class='ocrx_word' id='word_1_20' title='bbox 1353 221 1474 279; x_wconf 66' lang='lat' dir='ltr'>paene</span> <span class='ocrx_word' id='word_1_21' title='bbox 1507 223 1704 275; x_wconf 80' lang='lat' dir='ltr'>credita,</span> 
     </span>
    </p>
   </div>
   <div class='ocr_carea' id='block_1_5' title="bbox 1109 280 1704 401">
    <p class='ocr_par' dir='ltr' id='par_1_5' title="bbox 1109 280 1704 394">
     <span class='ocr_line' id='line_1_7' title="bbox 1226 280 1704 345; baseline 0.004 -23"><span class='ocrx_word' id='word_1_22' title='bbox 1226 281 1474 322; x_wconf 83' lang='lat' dir='ltr'>Laudabam</span> <span class='ocrx_word' id='word_1_23' title='bbox 1502 280 1704 345; x_wconf 86' lang='lat' dir='ltr'>equidem</span> 
     </span>
     <span class='ocr_line' id='line_1_8' title="bbox 1109 337 1704 401; baseline 0.002 -22"><span class='ocrx_word' id='word_1_24' title='bbox 1109 338 1184 379; x_wconf 87' lang='lat' dir='ltr'>sed</span> <span class='ocrx_word' id='word_1_25' title='bbox 1206 337 1362 390; x_wconf 83' lang='lat' dir='ltr'>dicam,</span> <span class='ocrx_word' id='word_1_26' title='bbox 1394 345 1442 379; x_wconf 89' lang='lat' dir='ltr'>ut</span> <span class='ocrx_word' id='word_1_27' title='bbox 1464 337 1617 388; x_wconf 86' lang='lat' dir='ltr'>sentio,</span> <span class='ocrx_word' id='word_1_28' title='bbox 1632 353 1704 401; x_wconf 79' lang='lat' dir='ltr'>Ju-</span> 
     </span>
    </p>
   </div>
   <div class='ocr_carea' id='block_1_6' title="bbox 133 393 1704 451">
    <p class='ocr_par' dir='ltr' id='par_1_6' title="bbox 133 393 1704 451">
     <span class='ocr_line' id='line_1_9' title="bbox 133 393 1704 451; baseline -0.002 -14"><span class='ocrx_word' id='word_1_29' title='bbox 133 397 270 437; x_wconf 89' lang='lat' dir='ltr'>dices.</span> <span class='ocrx_word' id='word_1_30' title='bbox 300 393 440 435; x_wconf 68' lang='lat' dir='ltr'>Nimis</span> <span class='ocrx_word' id='word_1_31' title='bbox 455 395 590 435; x_wconf 86' lang='lat' dir='ltr'>multa</span> <span class='ocrx_word' id='word_1_32' title='bbox 605 394 750 435; x_wconf 87' lang='lat' dir='ltr'>audile</span> <span class='ocrx_word' id='word_1_33' title='bbox 765 402 989 451; x_wconf 76' lang='lat' dir='ltr'>coguntur,</span> <span class='ocrx_word' id='word_1_34' title='bbox 1005 410 1144 451; x_wconf 85' lang='lat' dir='ltr'>neque</span> <span class='ocrx_word' id='word_1_35' title='bbox 1161 395 1281 436; x_wconf 86' lang='lat' dir='ltr'>aliter</span> <span class='ocrx_word' id='word_1_36' title='bbox 1294 396 1432 436; x_wconf 79' lang='lat' dir='ltr'>faceie</span> <span class='ocrx_word' id='word_1_37' title='bbox 1448 402 1644 450; x_wconf 80' lang='lat' dir='ltr'>possunt,</span> <span class='ocrx_word' id='word_1_38' title='bbox 1659 409 1704 445; x_wconf 86' lang='lat'>11,</span> 
     </span>
    </p>
   </div>
   <div class='ocr_carea' id='block_1_7' title="bbox 54 451 1700 509">
    <p class='ocr_par' dir='ltr' id='par_1_7' title="bbox 54 451 1700 509">
     <span class='ocr_line' id='line_1_10' title="bbox 54 451 1700 509; baseline -0.001 -15"><span class='ocrx_word' id='word_1_39' title='bbox 54 454 112 496; x_wconf 84' lang='lat'>50</span> <span class='ocrx_word' id='word_1_40' title='bbox 132 453 288 509; x_wconf 86' lang='lat' dir='ltr'>quibus</span> <span class='ocrx_word' id='word_1_41' title='bbox 302 458 394 492; x_wconf 88' lang='lat' dir='ltr'>tota</span> <span class='ocrx_word' id='word_1_42' title='bbox 407 451 637 492; x_wconf 88' lang='lat' dir='ltr'>commissa</span> <span class='ocrx_word' id='word_1_43' title='bbox 651 457 718 492; x_wconf 88' lang='lat' dir='ltr'>est</span> <span class='ocrx_word' id='word_1_44' title='bbox 731 451 986 506; x_wconf 79' lang='lat' dir='ltr'>respublica.</span> <span class='ocrx_word' id='word_1_45' title='bbox 1010 452 1125 500; x_wconf 85' lang='lat' dir='ltr'>Quin</span> <span class='ocrx_word' id='word_1_46' title='bbox 1138 451 1267 493; x_wconf 87' lang='lat' dir='ltr'>etiam</span> <span class='ocrx_word' id='word_1_47' title='bbox 1284 452 1523 493; x_wconf 82' lang='lat' dir='ltr'>audiendus</span> <span class='ocrx_word' id='word_1_48' title='bbox 1535 451 1700 506; x_wconf 80' lang='lat' dir='ltr'>[fuerit]</span> 
     </span>
    </p>
   </div>
   <div class='ocr_carea' id='block_1_8' title="bbox 130 507 1702 685">
    <p class='ocr_par' dir='ltr' id='par_1_8' title="bbox 130 507 1702 678">
     <span class='ocr_line' id='line_1_11' title="bbox 130 507 1702 570; baseline -0.001 -21"><span class='ocrx_word' id='word_1_49' title='bbox 130 523 246 565; x_wconf 92' lang='lat' dir='ltr'>popa</span> <span class='ocrx_word' id='word_1_50' title='bbox 267 508 455 549; x_wconf 85' lang='lat' dir='ltr'>Licinius</span> <span class='ocrx_word' id='word_1_51' title='bbox 479 507 626 549; x_wconf 82' lang='lat' dir='ltr'>nescio</span> <span class='ocrx_word' id='word_1_52' title='bbox 646 508 740 563; x_wconf 85' lang='lat' dir='ltr'>quis</span> <span class='ocrx_word' id='word_1_53' title='bbox 761 509 813 549; x_wconf 89' lang='lat' dir='ltr'>de</span> <span class='ocrx_word' id='word_1_54' title='bbox 829 507 956 549; x_wconf 88' lang='lat' dir='ltr'>Circo</span> <span class='ocrx_word' id='word_1_55' title='bbox 975 508 1186 559; x_wconf 82' lang='lat' dir='ltr'>Maximo,</span> <span class='ocrx_word' id='word_1_56' title='bbox 1207 523 1351 549; x_wconf 86' lang='lat' dir='ltr'>servos</span> <span class='ocrx_word' id='word_1_57' title='bbox 1370 508 1563 557; x_wconf 82' lang='lat' dir='ltr'>Milonis,</span> <span class='ocrx_word' id='word_1_58' title='bbox 1587 509 1702 570; x_wconf 81' lang='lat' dir='ltr'>apud</span> 
     </span>
     <span class='ocr_line' id='line_1_12' title="bbox 131 564 1701 627; baseline -0.001 -21"><span class='ocrx_word' id='word_1_59' title='bbox 131 580 176 606; x_wconf 84' lang='lat' dir='ltr'>se</span> <span class='ocrx_word' id='word_1_60' title='bbox 189 564 330 606; x_wconf 91' lang='lat' dir='ltr'>ebrios</span> <span class='ocrx_word' id='word_1_61' title='bbox 344 565 498 616; x_wconf 86' lang='lat' dir='ltr'>factos,</span> <span class='ocrx_word' id='word_1_62' title='bbox 513 565 594 605; x_wconf 84' lang='lat' dir='ltr'>sibi</span> <span class='ocrx_word' id='word_1_63' title='bbox 609 564 833 606; x_wconf 85' lang='lat' dir='ltr'>confessos</span> <span class='ocrx_word' id='word_1_64' title='bbox 848 579 957 616; x_wconf 88' lang='lat' dir='ltr'>esse,</span> <span class='ocrx_word' id='word_1_65' title='bbox 968 566 1075 606; x_wconf 88' lang='lat' dir='ltr'>sede</span> <span class='ocrx_word' id='word_1_66' title='bbox 1090 565 1388 606; x_wconf 86' lang='lat' dir='ltr'>interficiendo</span> <span class='ocrx_word' id='word_1_67' title='bbox 1400 564 1481 606; x_wconf 84' lang='lat' dir='ltr'>Cn.</span> <span class='ocrx_word' id='word_1_68' title='bbox 1490 564 1701 627; x_wconf 37' lang='lat' dir='ltr'>Pompe-io</span> 
     </span>
     <span class='ocr_line' id='line_1_13' title="bbox 130 597 1701 685; baseline -0.001 -22"><span class='ocrx_word' id='word_1_69' title='bbox 130 622 294 677; x_wconf 69' lang='lat' dir='ltr'>conjux·</span> <span class='ocrx_word' id='word_1_70' title='bbox 283 637 397 674; x_wconf 78' lang='lat' dir='ltr'>asse3</span> <span class='ocrx_word' id='word_1_71' title='bbox 421 597 576 662; x_wconf 76' lang='lat' dir='ltr'>deiiide</span> <span class='ocrx_word' id='word_1_72' title='bbox 593 620 736 677; x_wconf 82' lang='lat' dir='ltr'>poste</span> <span class='ocrx_word' id='word_1_73' title='bbox 719 637 744 661; x_wconf 83' lang='grc' dir='ltr'>ι</span> <span class='ocrx_word' id='word_1_74' title='bbox 761 637 806 663; x_wconf 87' lang='lat' dir='ltr'>se</span> <span class='ocrx_word' id='word_1_75' title='bbox 822 621 967 678; x_wconf 77' lang='lat' dir='ltr'>gladio</span> <span class='ocrx_word' id='word_1_76' title='bbox 985 637 1234 685; x_wconf 77' lang='lat' dir='ltr'>percussum</span> <span class='ocrx_word' id='word_1_77' title='bbox 1252 636 1344 663; x_wconf 86' lang='lat' dir='ltr'>esse</span> <span class='ocrx_word' id='word_1_78' title='bbox 1362 622 1414 662; x_wconf 89' lang='lat' dir='ltr'>ab</span> <span class='ocrx_word' id='word_1_79' title='bbox 1429 636 1514 662; x_wconf 89' lang='lat' dir='ltr'>uno</span> <span class='ocrx_word' id='word_1_80' title='bbox 1532 621 1584 662; x_wconf 88' lang='lat' dir='ltr'>de</span> <span class='ocrx_word' id='word_1_81' title='bbox 1601 620 1701 673; x_wconf 89' lang='lat' dir='ltr'>illis,</span> 
     </span>
    </p>
   </div>
   <div class='ocr_carea' id='block_1_9' title="bbox 128 678 438 720">
    <p class='ocr_par' dir='ltr' id='par_1_9' title="bbox 128 678 438 720">
     <span class='ocr_line' id='line_1_14' title="bbox 128 678 438 720; baseline 0 -1"><span class='ocrx_word' id='word_1_82' title='bbox 128 693 182 719; x_wconf 84' lang='lat' dir='ltr'>ne</span> <span class='ocrx_word' id='word_1_83' title='bbox 215 678 438 720; x_wconf 81' lang='lat' dir='ltr'>indicaret.</span> 
     </span>
    </p>
   </div>
   <div class='ocr_carea' id='block_1_10' title="bbox 55 677 1703 798">
    <p class='ocr_par' dir='ltr' id='par_1_10' title="bbox 55 677 1703 791">
     <span class='ocr_line' id='line_1_15' title="bbox 500 677 1701 742; baseline -0.002 -22"><span class='ocrx_word' id='word_1_84' title='bbox 500 678 740 734; x_wconf 86' lang='lat' dir='ltr'>Pompeio</span> <span class='ocrx_word' id='word_1_85' title='bbox 731 693 774 718; x_wconf 81' lang='grc' dir='ltr'>ιιι</span> <span class='ocrx_word' id='word_1_86' title='bbox 795 679 941 720; x_wconf 68' lang='lat' dir='ltr'>hortos</span> <span class='ocrx_word' id='word_1_87' title='bbox 971 678 1204 730; x_wconf 86' lang='lat' dir='ltr'>nuntiavit;</span> <span class='ocrx_word' id='word_1_88' title='bbox 1235 693 1429 720; x_wconf 78' lang='lat' dir='ltr'>ar&#39;ceSSOl</span> <span class='ocrx_word' id='word_1_89' title='bbox 1457 678 1502 719; x_wconf 92' lang='lat' dir='ltr'>in</span> <span class='ocrx_word' id='word_1_90' title='bbox 1531 677 1701 742; x_wconf 36' lang='lat' dir='ltr'>pri-mis3</span> 
     </span>
     <span class='ocr_line' id='line_1_16' title="bbox 55 734 1703 798; baseline 0 -22"><span class='ocrx_word' id='word_1_91' title='bbox 55 738 111 780; x_wconf 83' lang='lat'>55</span> <span class='ocrx_word' id='word_1_92' title='bbox 131 736 183 776; x_wconf 86' lang='lat' dir='ltr'>de</span> <span class='ocrx_word' id='word_1_93' title='bbox 201 735 435 777; x_wconf 86' lang='lat' dir='ltr'>amicorum</span> <span class='ocrx_word' id='word_1_94' title='bbox 453 735 667 777; x_wconf 83' lang='lat' dir='ltr'>sententia</span> <span class='ocrx_word' id='word_1_95' title='bbox 685 750 772 776; x_wconf 87' lang='lat' dir='ltr'>rern</span> <span class='ocrx_word' id='word_1_96' title='bbox 785 736 922 776; x_wconf 84' lang='lat' dir='ltr'>defert</span> <span class='ocrx_word' id='word_1_97' title='bbox 939 736 992 776; x_wconf 90' lang='lat' dir='ltr'>ad</span> <span class='ocrx_word' id='word_1_98' title='bbox 1008 743 1220 777; x_wconf 75' lang='lat' dir='ltr'>senatum.</span> <span class='ocrx_word' id='word_1_99' title='bbox 1252 735 1351 776; x_wconf 84' lang='lat' dir='ltr'>Non</span> <span class='ocrx_word' id='word_1_100' title='bbox 1363 742 1570 798; x_wconf 78' lang='lat' dir='ltr'>poteram,</span> <span class='ocrx_word' id='word_1_101' title='bbox 1593 734 1636 775; x_wconf 89' lang='lat' dir='ltr'>in</span> <span class='ocrx_word' id='word_1_102' title='bbox 1653 734 1703 776; x_wconf 92' lang='lat' dir='ltr'>il-</span> 
     </span>
    </p>
   </div>
   <div class='ocr_carea' id='block_1_11' title="bbox 128 791 1697 848">
    <p class='ocr_par' dir='ltr' id='par_1_11' title="bbox 128 791 1697 848">
     <span class='ocr_line' id='line_1_17' title="bbox 128 791 1697 848; baseline -0.001 -15"><span class='ocrx_word' id='word_1_103' title='bbox 128 793 209 833; x_wconf 86' lang='lat' dir='ltr'>lius</span> <span class='ocrx_word' id='word_1_104' title='bbox 224 792 305 833; x_wconf 88' lang='lat' dir='ltr'>mei</span> <span class='ocrx_word' id='word_1_105' title='bbox 324 792 555 848; x_wconf 80' lang='lat' dir='ltr'>patriaeque</span> <span class='ocrx_word' id='word_1_106' title='bbox 573 792 766 833; x_wconf 80' lang='lat' dir='ltr'>custodis</span> <span class='ocrx_word' id='word_1_107' title='bbox 788 792 908 833; x_wconf 63' lang='lat' dir='ltr'>tanta</span> <span class='ocrx_word' id='word_1_108' title='bbox 923 793 1182 848; x_wconf 81' lang='lat' dir='ltr'>suspicione,</span> <span class='ocrx_word' id='word_1_109' title='bbox 1203 807 1288 833; x_wconf 91' lang='lat' dir='ltr'>non</span> <span class='ocrx_word' id='word_1_110' title='bbox 1306 799 1422 833; x_wconf 90' lang='lat' dir='ltr'>metu</span> <span class='ocrx_word' id='word_1_111' title='bbox 1443 791 1697 843; x_wconf 84' lang='lat' dir='ltr'>exammari;</span> 
     </span>
    </p>
   </div>
   <div class='ocr_carea' id='block_1_12' title="bbox 129 849 915 911">
    <p class='ocr_par' dir='ltr' id='par_1_12' title="bbox 129 849 915 911">
     <span class='ocr_line' id='line_1_18' title="bbox 129 849 915 911; baseline -0.001 -21"><span class='ocrx_word' id='word_1_112' title='bbox 129 849 207 890; x_wconf 85' lang='lat' dir='ltr'>sed</span> <span class='ocrx_word' id='word_1_113' title='bbox 236 849 420 889; x_wconf 85' lang='lat' dir='ltr'>mirabar</span> <span class='ocrx_word' id='word_1_114' title='bbox 449 855 593 889; x_wconf 86' lang='lat' dir='ltr'>tamen</span> <span class='ocrx_word' id='word_1_115' title='bbox 621 849 738 911; x_wconf 79' lang='lat' dir='ltr'>credi</span> <span class='ocrx_word' id='word_1_116' title='bbox 768 863 915 904; x_wconf 82' lang='lat' dir='ltr'>pOpae3</span> 
     </span>
    </p>
   </div>
   <div class='ocr_carea' id='block_1_13' title="bbox 945 849 1703 903">
    <p class='ocr_par' dir='ltr' id='par_1_13' title="bbox 945 849 1703 903">
     <span class='ocr_line' id='line_1_19' title="bbox 945 849 1703 903; baseline -0.001 -13"><span class='ocrx_word' id='word_1_117' title='bbox 945 849 1246 903; x_wconf 84' lang='lat' dir='ltr'>[ebriosorum]</span> <span class='ocrx_word' id='word_1_118' title='bbox 1277 849 1593 891; x_wconf 85' lang='lat' dir='ltr'>confessionem</span> <span class='ocrx_word' id='word_1_119' title='bbox 1619 863 1703 889; x_wconf 85' lang='lat' dir='ltr'>ser-</span> 
     </span>
    </p>
   </div>
   <div class='ocr_carea' id='block_1_14' title="bbox 127 904 1700 962">
    <p class='ocr_par' dir='ltr' id='par_1_14' title="bbox 127 904 1700 962">
     <span class='ocr_line' id='line_1_20' title="bbox 127 904 1700 962; baseline 0 -16"><span class='ocrx_word' id='word_1_120' title='bbox 127 920 278 946; x_wconf 88' lang='lat' dir='ltr'>vorum</span> <span class='ocrx_word' id='word_1_121' title='bbox 306 905 470 955; x_wconf 78' lang='lat' dir='ltr'>audiri3</span> <span class='ocrx_word' id='word_1_122' title='bbox 509 906 663 945; x_wconf 89' lang='lat' dir='ltr'>vulnus</span> <span class='ocrx_word' id='word_1_123' title='bbox 699 904 744 945; x_wconf 87' lang='lat' dir='ltr'>in</span> <span class='ocrx_word' id='word_1_124' title='bbox 783 906 928 955; x_wconf 87' lang='lat' dir='ltr'>lateie,</span> <span class='ocrx_word' id='word_1_125' title='bbox 970 907 1087 961; x_wconf 89' lang='lat' dir='ltr'>quod</span> <span class='ocrx_word' id='word_1_126' title='bbox 1118 920 1200 947; x_wconf 84' lang='lat' dir='ltr'>acu</span> <span class='ocrx_word' id='word_1_127' title='bbox 1234 913 1441 962; x_wconf 85' lang='lat' dir='ltr'>punctum</span> <span class='ocrx_word' id='word_1_128' title='bbox 1471 905 1700 958; x_wconf 85' lang='lat' dir='ltr'>vider·etm‚</span> 
     </span>
    </p>
   </div>
   <div class='ocr_carea' id='block_1_15' title="bbox 128 960 826 1031">
    <p class='ocr_par' dir='ltr' id='par_1_15' title="bbox 128 960 826 1031">
     <span class='ocr_line' id='line_1_21' title="bbox 128 960 826 1031; baseline -0.003 -29"><span class='ocrx_word' id='word_1_129' title='bbox 128 975 204 1016; x_wconf 88' lang='lat' dir='ltr'>pro</span> <span class='ocrx_word' id='word_1_130' title='bbox 237 961 327 1002; x_wconf 87' lang='lat' dir='ltr'>ictu</span> <span class='ocrx_word' id='word_1_131' title='bbox 359 960 610 1017; x_wconf 83' lang='lat' dir='ltr'>oladiatoris</span> <span class='ocrx_word' id='word_1_132' title='bbox 642 961 826 1031; x_wconf 86' lang='lat' dir='ltr'>probari.</span> 
     </span>
    </p>
   </div>
   <div class='ocr_carea' id='block_1_16' title="bbox 56 961 1703 1130">
    <p class='ocr_par' dir='ltr' id='par_1_16' title="bbox 56 961 1703 1130">
     <span class='ocr_line' id='line_1_22' title="bbox 885 961 1701 1018; baseline 0.002 -17"><span class='ocrx_word' id='word_1_133' title='bbox 885 961 1045 1002; x_wconf 76' lang='lat' dir='ltr'>Verum</span> <span class='ocrx_word' id='word_1_134' title='bbox 1076 970 1234 1013; x_wconf 81' lang='lat' dir='ltr'>tamen,</span> <span class='ocrx_word' id='word_1_135' title='bbox 1262 969 1310 1003; x_wconf 86' lang='lat' dir='ltr'>ut</span> <span class='ocrx_word' id='word_1_136' title='bbox 1336 962 1546 1018; x_wconf 84' lang='lat' dir='ltr'>intellioo,</span> <span class='ocrx_word' id='word_1_137' title='bbox 1578 976 1701 1003; x_wconf 85' lang='lat' dir='ltr'>cave-</span> 
     </span>
     <span class='ocr_line' id='line_1_23' title="bbox 56 997 1703 1086; baseline 0.001 -28"><span class='ocrx_word' id='word_1_138' title='bbox 56 1022 111 1063; x_wconf 83' lang='lat'>60</span> <span class='ocrx_word' id='word_1_139' title='bbox 129 1019 204 1058; x_wconf 89' lang='lat' dir='ltr'>bat</span> <span class='ocrx_word' id='word_1_140' title='bbox 225 997 636 1086; x_wconf 66' lang='lat' dir='ltr'>ma01s³³Pompeius‚</span> <span class='ocrx_word' id='word_1_141' title='bbox 671 1032 746 1072; x_wconf 90' lang='lat' dir='ltr'>qu</span> <span class='ocrx_word' id='word_1_142' title='bbox 733 1016 801 1058; x_wconf 63' lang='lat' dir='ltr'>am</span> <span class='ocrx_word' id='word_1_143' title='bbox 823 1017 1018 1069; x_wconf 86' lang='lat' dir='ltr'>timebat,</span> <span class='ocrx_word' id='word_1_144' title='bbox 1055 1032 1142 1058; x_wconf 93' lang='lat' dir='ltr'>non</span> <span class='ocrx_word' id='word_1_145' title='bbox 1164 1033 1215 1059; x_wconf 84' lang='lat' dir='ltr'>ea</span> <span class='ocrx_word' id='word_1_146' title='bbox 1235 1017 1374 1059; x_wconf 89' lang='lat' dir='ltr'>solum</span> <span class='ocrx_word' id='word_1_147' title='bbox 1394 1034 1490 1074; x_wconf 81' lang='lat' dir='ltr'>quae</span> <span class='ocrx_word' id='word_1_148' title='bbox 1509 1019 1703 1060; x_wconf 86' lang='lat' dir='ltr'>timenda</span> 
     </span>
     <span class='ocr_line' id='line_1_24' title="bbox 130 1051 1374 1130; baseline 0.001 -15"><span class='ocrx_word' id='word_1_149' title='bbox 130 1081 264 1125; x_wconf 86' lang='lat' dir='ltr'>erant,</span> <span class='ocrx_word' id='word_1_150' title='bbox 296 1074 373 1115; x_wconf 85' lang='lat' dir='ltr'>sed</span> <span class='ocrx_word' id='word_1_151' title='bbox 395 1073 567 1116; x_wconf 70' lang='lat' dir='ltr'>omninb</span> <span class='ocrx_word' id='word_1_152' title='bbox 589 1088 746 1125; x_wconf 82' lang='lat' dir='ltr'>omnia,</span> <span class='ocrx_word' id='word_1_153' title='bbox 777 1089 830 1115; x_wconf 89' lang='lat' dir='ltr'>ne</span> <span class='ocrx_word' id='word_1_154' title='bbox 859 1051 1022 1130; x_wconf 82' lang='lat' dir='ltr'>aliquid</span> <span class='ocrx_word' id='word_1_155' title='bbox 1054 1089 1128 1115; x_wconf 84' lang='lat' dir='ltr'>vos</span> <span class='ocrx_word' id='word_1_156' title='bbox 1153 1074 1374 1116; x_wconf 86' lang='lat' dir='ltr'>timeretis.</span> 
     </span>
    </p>
   </div>
   <div class='ocr_carea' id='block_1_17' title="bbox 1436 1074 1701 1130">
    <p class='ocr_par' dir='ltr' id='par_1_17' title="bbox 1436 1074 1701 1130">
     <span class='ocr_line' id='line_1_25' title="bbox 1436 1074 1701 1130; baseline 0.004 -15"><span class='ocrx_word' id='word_1_157' title='bbox 1436 1074 1474 1115; x_wconf 91' lang='lat' dir='ltr'>O</span> <span class='ocrx_word' id='word_1_158' title='bbox 1481 1081 1701 1130; x_wconf 82' lang='lat' dir='ltr'>ppugnata</span> 
     </span>
    </p>
   </div>
   <div class='ocr_carea' id='block_1_18' title="bbox 129 1107 1701 1187">
    <p class='ocr_par' dir='ltr' id='par_1_18' title="bbox 129 1107 1701 1187">
     <span class='ocr_line' id='line_1_26' title="bbox 129 1107 1701 1187; baseline 0 -16"><span class='ocrx_word' id='word_1_159' title='bbox 129 1132 282 1172; x_wconf 88' lang='lat' dir='ltr'>domus</span> <span class='ocrx_word' id='word_1_160' title='bbox 306 1131 356 1172; x_wconf 89' lang='lat' dir='ltr'>C.</span> <span class='ocrx_word' id='word_1_161' title='bbox 380 1131 573 1179; x_wconf 78' lang='lat' dir='ltr'>Caesaris,</span> <span class='ocrx_word' id='word_1_162' title='bbox 606 1107 832 1172; x_wconf 80' lang='lat' dir='ltr'>clarissimi</span> <span class='ocrx_word' id='word_1_163' title='bbox 854 1139 898 1172; x_wconf 82' lang='lat' dir='ltr'>et</span> <span class='ocrx_word' id='word_1_164' title='bbox 917 1130 1141 1172; x_wconf 85' lang='lat' dir='ltr'>fortissimi</span> <span class='ocrx_word' id='word_1_165' title='bbox 1163 1132 1255 1184; x_wconf 67' lang='lat' dir='ltr'>viri,</span> <span class='ocrx_word' id='word_1_166' title='bbox 1286 1146 1362 1187; x_wconf 83' lang='lat' dir='ltr'>pei</span> <span class='ocrx_word' id='word_1_167' title='bbox 1383 1131 1538 1172; x_wconf 87' lang='lat' dir='ltr'>multas</span> <span class='ocrx_word' id='word_1_168' title='bbox 1559 1132 1701 1173; x_wconf 83' lang='lat' dir='ltr'>noctis</span> 
     </span>
    </p>
   </div>
   <div class='ocr_carea' id='block_1_19' title="bbox 127 1188 770 1286">
    <p class='ocr_par' dir='ltr' id='par_1_19' title="bbox 127 1188 737 1286">
     <span class='ocr_line' id='line_1_27' title="bbox 127 1188 575 1229; baseline 0 -1"><span class='ocrx_word' id='word_1_169' title='bbox 127 1188 255 1229; x_wconf 87' lang='lat' dir='ltr'>horas</span> <span class='ocrx_word' id='word_1_170' title='bbox 276 1188 575 1229; x_wconf 77' lang='lat' dir='ltr'>nuntiabatur:</span> 
     </span>
     <span class='ocr_line' id='line_1_28' title="bbox 129 1244 770 1286; baseline 0 -1"><span class='ocrx_word' id='word_1_171' title='bbox 129 1252 265 1286; x_wconf 87' lang='lat' dir='ltr'>serat:</span> <span class='ocrx_word' id='word_1_172' title='bbox 305 1255 450 1286; x_wconf 87' lang='lat' dir='ltr'>tamen</span> <span class='ocrx_word' id='word_1_173' title='bbox 489 1244 770 1286; x_wconf 81' lang='lat' dir='ltr'>audiebatur:</span> 
     </span>
    </p>
   </div>
   <div class='ocr_carea' id='block_1_20' title="bbox 55 1187 1704 1415">
    <p class='ocr_par' dir='ltr' id='par_1_20' title="bbox 55 1187 1704 1415">
     <span class='ocr_line' id='line_1_29' title="bbox 616 1187 1704 1240; baseline 0 -12"><span class='ocrx_word' id='word_1_174' title='bbox 616 1203 745 1229; x_wconf 88' lang='lat' dir='ltr'>nemo</span> <span class='ocrx_word' id='word_1_175' title='bbox 777 1187 971 1229; x_wconf 78' lang='lat' dir='ltr'>audierat</span> <span class='ocrx_word' id='word_1_176' title='bbox 1001 1195 1088 1229; x_wconf 84' lang='lat' dir='ltr'>tarn</span> <span class='ocrx_word' id='word_1_177' title='bbox 1117 1188 1275 1230; x_wconf 80' lang='lat' dir='ltr'>celebri</span> <span class='ocrx_word' id='word_1_178' title='bbox 1309 1189 1421 1240; x_wconf 84' lang='lat' dir='ltr'>loco,</span> <span class='ocrx_word' id='word_1_179' title='bbox 1457 1202 1583 1230; x_wconf 88' lang='lat' dir='ltr'>nemo</span> <span class='ocrx_word' id='word_1_180' title='bbox 1605 1200 1704 1230; x_wconf 85' lang='lat' dir='ltr'>sen-</span> 
     </span>
     <span class='ocr_line' id='line_1_30' title="bbox 812 1245 1703 1316; baseline 0 -31"><span class='ocrx_word' id='word_1_181' title='bbox 812 1259 898 1286; x_wconf 87' lang='lat' dir='ltr'>non</span> <span class='ocrx_word' id='word_1_182' title='bbox 937 1252 1132 1301; x_wconf 73' lang='lat' dir='ltr'>poteram</span> <span class='ocrx_word' id='word_1_183' title='bbox 1169 1246 1250 1286; x_wconf 88' lang='lat' dir='ltr'>Cn.</span> <span class='ocrx_word' id='word_1_184' title='bbox 1281 1245 1553 1308; x_wconf 81' lang='lat' dir='ltr'>Pompeium,</span> <span class='ocrx_word' id='word_1_185' title='bbox 1597 1260 1703 1316; x_wconf 85' lang='lat' dir='ltr'>prae-</span> 
     </span>
     <span class='ocr_line' id='line_1_31' title="bbox 55 1301 1703 1365; baseline 0.001 -23"><span class='ocrx_word' id='word_1_186' title='bbox 55 1309 109 1350; x_wconf 84' lang='lat'>65</span> <span class='ocrx_word' id='word_1_187' title='bbox 129 1301 394 1343; x_wconf 79' lang='lat' dir='ltr'>stantissinia</span> <span class='ocrx_word' id='word_1_188' title='bbox 420 1301 577 1343; x_wconf 76' lang='lat' dir='ltr'>virtute</span> <span class='ocrx_word' id='word_1_189' title='bbox 613 1302 764 1351; x_wconf 85' lang='lat' dir='ltr'>civem,</span> <span class='ocrx_word' id='word_1_190' title='bbox 794 1301 994 1343; x_wconf 86' lang='lat' dir='ltr'>timidum</span> <span class='ocrx_word' id='word_1_191' title='bbox 1026 1303 1255 1359; x_wconf 78' lang='lat' dir='ltr'>suspicaii,</span> <span class='ocrx_word' id='word_1_192' title='bbox 1293 1301 1576 1365; x_wconf 82' lang='lat' dir='ltr'>diligentiam,</span> <span class='ocrx_word' id='word_1_193' title='bbox 1608 1301 1703 1343; x_wconf 84' lang='lat' dir='ltr'>tota</span> 
     </span>
     <span class='ocr_line' id='line_1_32' title="bbox 126 1358 1254 1415; baseline 0.001 -15"><span class='ocrx_word' id='word_1_194' title='bbox 126 1358 350 1415; x_wconf 64' lang='lat' dir='ltr'>republica</span> <span class='ocrx_word' id='word_1_195' title='bbox 383 1359 602 1415; x_wconf 83' lang='lat' dir='ltr'>suscepta,</span> <span class='ocrx_word' id='word_1_196' title='bbox 637 1358 811 1400; x_wconf 87' lang='lat' dir='ltr'>nimiam</span> <span class='ocrx_word' id='word_1_197' title='bbox 843 1359 1001 1400; x_wconf 88' lang='lat' dir='ltr'>nullam</span> <span class='ocrx_word' id='word_1_198' title='bbox 1034 1361 1254 1414; x_wconf 87' lang='lat' dir='ltr'>putabam.</span> 
     </span>
    </p>
   </div>
   <div class='ocr_carea' id='block_1_21' title="bbox 1331 1336 1702 1415">
    <p class='ocr_par' dir='ltr' id='par_1_21' title="bbox 1331 1336 1702 1415">
     <span class='ocr_line' id='line_1_33' title="bbox 1331 1336 1702 1415; baseline -0.003 -15"><span class='ocrx_word' id='word_1_199' title='bbox 1331 1336 1398 1400; x_wconf 88' lang='lat' dir='ltr'>Fr</span> <span class='ocrx_word' id='word_1_200' title='bbox 1389 1358 1702 1415; x_wconf 84' lang='lat' dir='ltr'>equentissimo</span> 
     </span>
    </p>
   </div>
   <div class='ocr_carea' id='block_1_22' title="bbox 124 1415 1700 1583">
    <p class='ocr_par' dir='ltr' id='par_1_22' title="bbox 124 1415 1700 1574">
     <span class='ocr_line' id='line_1_34' title="bbox 127 1415 1699 1472; baseline 0 -16"><span class='ocrx_word' id='word_1_201' title='bbox 127 1422 279 1457; x_wconf 86' lang='lat' dir='ltr'>senatu</span> <span class='ocrx_word' id='word_1_202' title='bbox 311 1430 444 1472; x_wconf 87' lang='lat' dir='ltr'>nuper</span> <span class='ocrx_word' id='word_1_203' title='bbox 481 1431 525 1456; x_wconf 87' lang='grc' dir='ltr'>ιιι</span> <span class='ocrx_word' id='word_1_204' title='bbox 568 1415 786 1471; x_wconf 81' lang='lat' dir='ltr'>Capitolio</span> <span class='ocrx_word' id='word_1_205' title='bbox 819 1423 992 1457; x_wconf 80' lang='lat' dir='ltr'>senatm</span> <span class='ocrx_word' id='word_1_206' title='bbox 1023 1416 1223 1458; x_wconf 87' lang='lat' dir='ltr'>inventus</span> <span class='ocrx_word' id='word_1_207' title='bbox 1260 1423 1340 1468; x_wconf 87' lang='lat' dir='ltr'>est,</span> <span class='ocrx_word' id='word_1_208' title='bbox 1377 1431 1451 1472; x_wconf 85' lang='lat' dir='ltr'>qul</span> <span class='ocrx_word' id='word_1_209' title='bbox 1485 1415 1699 1457; x_wconf 88' lang='lat' dir='ltr'>Milonem</span> 
     </span>
     <span class='ocr_line' id='line_1_35' title="bbox 127 1471 1698 1528; baseline 0.001 -16"><span class='ocrx_word' id='word_1_210' title='bbox 127 1487 226 1513; x_wconf 82' lang='lat' dir='ltr'>curn</span> <span class='ocrx_word' id='word_1_211' title='bbox 260 1473 346 1513; x_wconf 85' lang='lat' dir='ltr'>telo</span> <span class='ocrx_word' id='word_1_212' title='bbox 378 1488 472 1514; x_wconf 85' lang='lat' dir='ltr'>esse</span> <span class='ocrx_word' id='word_1_213' title='bbox 500 1472 685 1514; x_wconf 75' lang='lat' dir='ltr'>diceret:</span> <span class='ocrx_word' id='word_1_214' title='bbox 719 1472 897 1514; x_wconf 85' lang='lat' dir='ltr'>nudavit</span> <span class='ocrx_word' id='word_1_215' title='bbox 933 1488 977 1514; x_wconf 82' lang='lat' dir='ltr'>se</span> <span class='ocrx_word' id='word_1_216' title='bbox 1006 1471 1051 1513; x_wconf 90' lang='lat' dir='ltr'>in</span> <span class='ocrx_word' id='word_1_217' title='bbox 1088 1473 1364 1516; x_wconf 84' lang='lat' dir='ltr'>sanctissimo</span> <span class='ocrx_word' id='word_1_218' title='bbox 1388 1473 1566 1528; x_wconf 89' lang='lat' dir='ltr'>templo,</span> <span class='ocrx_word' id='word_1_219' title='bbox 1590 1486 1698 1528; x_wconf 74' lang='lat' dir='ltr'>quo-</span> 
     </span>
     <span class='ocr_line' id='line_1_36' title="bbox 124 1529 1700 1583; baseline 0.001 -13"><span class='ocrx_word' id='word_1_220' title='bbox 124 1529 240 1570; x_wconf 85' lang='lat' dir='ltr'>niam</span> <span class='ocrx_word' id='word_1_221' title='bbox 281 1529 370 1571; x_wconf 83' lang='lat' dir='ltr'>vita</span> <span class='ocrx_word' id='word_1_222' title='bbox 406 1529 504 1571; x_wconf 83' lang='lat' dir='ltr'>talis</span> <span class='ocrx_word' id='word_1_223' title='bbox 547 1537 590 1571; x_wconf 87' lang='lat' dir='ltr'>et</span> <span class='ocrx_word' id='word_1_224' title='bbox 621 1529 727 1571; x_wconf 86' lang='lat' dir='ltr'>civis</span> <span class='ocrx_word' id='word_1_225' title='bbox 764 1537 807 1572; x_wconf 88' lang='lat' dir='ltr'>et</span> <span class='ocrx_word' id='word_1_226' title='bbox 839 1529 916 1571; x_wconf 89' lang='lat' dir='ltr'>viri</span> <span class='ocrx_word' id='word_1_227' title='bbox 947 1529 1077 1571; x_wconf 87' lang='lat' dir='ltr'>fidem</span> <span class='ocrx_word' id='word_1_228' title='bbox 1110 1546 1198 1574; x_wconf 91' lang='lat' dir='ltr'>non</span> <span class='ocrx_word' id='word_1_229' title='bbox 1232 1530 1435 1583; x_wconf 84' lang='lat' dir='ltr'>faciebat,</span> <span class='ocrx_word' id='word_1_230' title='bbox 1466 1535 1515 1571; x_wconf 87' lang='lat' dir='ltr'>ut</span> <span class='ocrx_word' id='word_1_231' title='bbox 1545 1543 1596 1572; x_wconf 91' lang='lat' dir='ltr'>eo</span> <span class='ocrx_word' id='word_1_232' title='bbox 1633 1536 1700 1572; x_wconf 83' lang='lat' dir='ltr'>ta-</span> 
     </span>
    </p>
   </div>
   <div class='ocr_carea' id='block_1_23' title="bbox 815 1647 1006 1699">
    <p class='ocr_par' dir='ltr' id='par_1_23' title="bbox 815 1647 1006 1699">
     <span class='ocr_line' id='line_1_37' title="bbox 815 1647 1006 1699; baseline -0.005 -12"><span class='ocrx_word' id='word_1_233' title='bbox 815 1647 1006 1699; x_wconf 58' lang='lat' dir='ltr'>²¹2¹ejectcc.</span> 
     </span>
    </p>
   </div>
   <div class='ocr_carea' id='block_1_24' title="bbox 120 1765 888 2237">
    <p class='ocr_par' dir='ltr' id='par_1_24' title="bbox 124 1765 888 1883">
     <span class='ocr_line' id='line_1_38' title="bbox 167 1765 888 1806; baseline -0.001 -10"><span class='ocrx_word' id='word_1_234' title='bbox 167 1768 222 1797; x_wconf 79' lang='lat'>47.</span> <span class='ocrx_word' id='word_1_235' title='bbox 245 1766 341 1801; x_wconf 55' lang='lat' dir='ltr'>Quam</span> <span class='ocrx_word' id='word_1_236' title='bbox 369 1766 512 1806; x_wconf 61' lang='lat' dir='ltr'>[suasim]</span> <span class='ocrx_word' id='word_1_237' title='bbox 558 1765 618 1796; x_wconf 88' lang='lat' dir='ltr'>Illa</span> <span class='ocrx_word' id='word_1_238' title='bbox 640 1776 724 1796; x_wconf 86' lang='lat' dir='ltr'>arma</span> <span class='ocrx_word' id='word_1_239' title='bbox 746 1776 809 1796; x_wconf 86' lang='lat' dir='ltr'>non</span> <span class='ocrx_word' id='word_1_240' title='bbox 839 1765 888 1796; x_wconf 87' lang='lat' dir='ltr'>in-</span> 
     </span>
     <span class='ocr_line' id='line_1_39' title="bbox 124 1809 887 1850; baseline 0.001 -12"><span class='ocrx_word' id='word_1_241' title='bbox 124 1815 217 1840; x_wconf 72' lang='lat' dir='ltr'>venta</span> <span class='ocrx_word' id='word_1_242' title='bbox 234 1816 316 1846; x_wconf 82' lang='lat' dir='ltr'>sunt,</span> <span class='ocrx_word' id='word_1_243' title='bbox 338 1810 410 1840; x_wconf 65' lang='lat' dir='ltr'>licet</span> <span class='ocrx_word' id='word_1_244' title='bbox 426 1809 521 1839; x_wconf 69' lang='lat' dir='ltr'>multa</span> <span class='ocrx_word' id='word_1_245' title='bbox 538 1810 584 1839; x_wconf 86' lang='lat' dir='ltr'>usi</span> <span class='ocrx_word' id='word_1_246' title='bbox 605 1809 667 1838; x_wconf 88' lang='lat' dir='ltr'>sint</span> <span class='ocrx_word' id='word_1_247' title='bbox 687 1809 887 1850; x_wconf 83' lang='lat' dir='ltr'>inquisitione</span> 
     </span>
     <span class='ocr_line' id='line_1_40' title="bbox 126 1852 283 1883; baseline 0.006 -1"><span class='ocrx_word' id='word_1_248' title='bbox 126 1852 283 1883; x_wconf 85' lang='lat' dir='ltr'>Clodiani.</span> 
     </span>
    </p>

    <p class='ocr_par' dir='ltr' id='par_1_25' title="bbox 122 1895 888 2108">
     <span class='ocr_line' id='line_1_41' title="bbox 168 1895 888 1937; baseline 0 -11"><span class='ocrx_word' id='word_1_249' title='bbox 168 1897 222 1926; x_wconf 84' lang='lat'>51.</span> <span class='ocrx_word' id='word_1_250' title='bbox 238 1896 344 1937; x_wconf 55' lang='lat' dir='ltr'>Papa]</span> <span class='ocrx_word' id='word_1_251' title='bbox 385 1895 474 1937; x_wconf 85' lang='lat' dir='ltr'>Popa</span> <span class='ocrx_word' id='word_1_252' title='bbox 489 1895 676 1927; x_wconf 80' lang='lat' dir='ltr'>sacrificulus</span> <span class='ocrx_word' id='word_1_253' title='bbox 690 1895 744 1926; x_wconf 86' lang='lat' dir='ltr'>ille</span> <span class='ocrx_word' id='word_1_254' title='bbox 761 1900 819 1931; x_wconf 80' lang='lat' dir='ltr'>est,</span> <span class='ocrx_word' id='word_1_255' title='bbox 834 1895 888 1936; x_wconf 83' lang='lat' dir='ltr'>qui</span> 
     </span>
     <span class='ocr_line' id='line_1_42' title="bbox 123 1938 885 1979; baseline 0 -11"><span class='ocrx_word' id='word_1_256' title='bbox 123 1939 263 1969; x_wconf 79' lang='lat' dir='ltr'>victimas</span> <span class='ocrx_word' id='word_1_257' title='bbox 287 1940 423 1979; x_wconf 83' lang='lat' dir='ltr'>impacto</span> <span class='ocrx_word' id='word_1_258' title='bbox 446 1940 480 1969; x_wconf 87' lang='lat' dir='ltr'>in</span> <span class='ocrx_word' id='word_1_259' title='bbox 504 1939 633 1970; x_wconf 77' lang='lat' dir='ltr'>frontem</span> <span class='ocrx_word' id='word_1_260' title='bbox 652 1938 765 1969; x_wconf 83' lang='lat' dir='ltr'>malleo</span> <span class='ocrx_word' id='word_1_261' title='bbox 782 1940 885 1969; x_wconf 72' lang='lat' dir='ltr'>caedit.</span> 
     </span>
     <span class='ocr_line' id='line_1_43' title="bbox 124 1979 886 2022; baseline -0.001 -10"><span class='ocrx_word' id='word_1_262' title='bbox 124 1979 281 2022; x_wconf 78' lang='lat' dir='ltr'>Poparum</span> <span class='ocrx_word' id='word_1_263' title='bbox 298 1984 391 2012; x_wconf 85' lang='lat' dir='ltr'>etiam</span> <span class='ocrx_word' id='word_1_264' title='bbox 409 1993 519 2012; x_wconf 81' lang='lat' dir='ltr'>munus</span> <span class='ocrx_word' id='word_1_265' title='bbox 541 1982 598 2011; x_wconf 81' lang='lat' dir='ltr'>fuit</span> <span class='ocrx_word' id='word_1_266' title='bbox 621 1982 728 2011; x_wconf 90' lang='lat' dir='ltr'>domos</span> <span class='ocrx_word' id='word_1_267' title='bbox 748 1982 886 2011; x_wconf 81' lang='lat' dir='ltr'>funestas</span> 
     </span>
     <span class='ocr_line' id='line_1_44' title="bbox 124 2024 885 2065; baseline 0 -11"><span class='ocrx_word' id='word_1_268' title='bbox 124 2034 274 2065; x_wconf 83' lang='lat' dir='ltr'>purgare:</span> <span class='ocrx_word' id='word_1_269' title='bbox 303 2025 472 2055; x_wconf 67' lang='lat' dir='ltr'>credebant</span> <span class='ocrx_word' id='word_1_270' title='bbox 502 2024 620 2065; x_wconf 87' lang='lat' dir='ltr'>quippe</span> <span class='ocrx_word' id='word_1_271' title='bbox 647 2030 766 2055; x_wconf 81' lang='lat' dir='ltr'>veteres</span> <span class='ocrx_word' id='word_1_272' title='bbox 796 2024 885 2054; x_wconf 90' lang='lat' dir='ltr'>unius</span> 
     </span>
     <span class='ocr_line' id='line_1_45' title="bbox 122 2067 679 2108; baseline -0.002 -11"><span class='ocrx_word' id='word_1_273' title='bbox 122 2074 221 2098; x_wconf 84' lang='lat' dir='ltr'>morte</span> <span class='ocrx_word' id='word_1_274' title='bbox 237 2073 332 2097; x_wconf 82' lang='lat' dir='ltr'>totam</span> <span class='ocrx_word' id='word_1_275' title='bbox 348 2067 497 2098; x_wconf 83' lang='lat' dir='ltr'>familiam</span> <span class='ocrx_word' id='word_1_276' title='bbox 513 2067 679 2108; x_wconf 76' lang='lat' dir='ltr'>inquinari.</span> 
     </span>
    </p>

    <p class='ocr_par' dir='ltr' id='par_1_26' title="bbox 120 2108 888 2237">
     <span class='ocr_line' id='line_1_46' title="bbox 164 2108 885 2151; baseline 0.001 -11"><span class='ocrx_word' id='word_1_277' title='bbox 164 2111 214 2140; x_wconf 86' lang='lat' dir='ltr'>lb.</span> <span class='ocrx_word' id='word_1_278' title='bbox 240 2110 285 2141; x_wconf 85' lang='lat' dir='ltr'>De</span> <span class='ocrx_word' id='word_1_279' title='bbox 302 2110 385 2140; x_wconf 81' lang='lat' dir='ltr'>Circo</span> <span class='ocrx_word' id='word_1_280' title='bbox 399 2110 555 2151; x_wconf 61' lang='lat' dir='ltr'>Maxima]</span> <span class='ocrx_word' id='word_1_281' title='bbox 601 2108 640 2140; x_wconf 88' lang='lat' dir='ltr'>Id</span> <span class='ocrx_word' id='word_1_282' title='bbox 658 2115 715 2146; x_wconf 81' lang='lat' dir='ltr'>est,</span> <span class='ocrx_word' id='word_1_283' title='bbox 736 2110 776 2140; x_wconf 86' lang='lat' dir='ltr'>de</span> <span class='ocrx_word' id='word_1_284' title='bbox 792 2109 885 2149; x_wconf 76' lang='lat' dir='ltr'>plebe</span> 
     </span>
     <span class='ocr_line' id='line_1_47' title="bbox 122 2153 885 2191; baseline -0.001 -8"><span class='ocrx_word' id='word_1_285' title='bbox 122 2154 349 2191; x_wconf 80' lang='lat' dir='ltr'>sacrificorum3</span> <span class='ocrx_word' id='word_1_286' title='bbox 379 2154 424 2184; x_wconf 80' lang='lat' dir='ltr'>sic</span> <span class='ocrx_word' id='word_1_287' title='bbox 446 2153 527 2184; x_wconf 84' lang='lat' dir='ltr'>enim</span> <span class='ocrx_word' id='word_1_288' title='bbox 551 2153 693 2184; x_wconf 69' lang='lat' dir='ltr'>solebant</span> <span class='ocrx_word' id='word_1_289' title='bbox 713 2154 752 2183; x_wconf 87' lang='lat' dir='ltr'>de</span> <span class='ocrx_word' id='word_1_290' title='bbox 769 2153 885 2183; x_wconf 80' lang='lat' dir='ltr'>viliori-</span> 
     </span>
     <span class='ocr_line' id='line_1_48' title="bbox 120 2196 888 2237; baseline -0.001 -11"><span class='ocrx_word' id='word_1_291' title='bbox 120 2196 179 2227; x_wconf 88' lang='lat' dir='ltr'>bus</span> <span class='ocrx_word' id='word_1_292' title='bbox 194 2197 368 2227; x_wconf 83' lang='lat' dir='ltr'>hominibus</span> <span class='ocrx_word' id='word_1_293' title='bbox 385 2197 482 2237; x_wconf 86' lang='lat' dir='ltr'>loqui.</span> <span class='ocrx_word' id='word_1_294' title='bbox 542 2196 636 2227; x_wconf 80' lang='lat' dir='ltr'>Certe</span> <span class='ocrx_word' id='word_1_295' title='bbox 658 2196 824 2226; x_wconf 83' lang='lat' dir='ltr'>Suetonius</span> <span class='ocrx_word' id='word_1_296' title='bbox 841 2206 888 2226; x_wconf 86' lang='lat' dir='ltr'>re-</span> 
     </span>
    </p>
   </div>
   <div class='ocr_carea' id='block_1_25' title="bbox 120 2239 888 2280">
    <p class='ocr_par' dir='ltr' id='par_1_27' title="bbox 120 2239 888 2280">
     <span class='ocr_line' id='line_1_49' title="bbox 120 2239 888 2280; baseline 0.001 -12"><span class='ocrx_word' id='word_1_297' title='bbox 120 2239 191 2276; x_wconf 83' lang='lat' dir='ltr'>fert,</span> <span class='ocrx_word' id='word_1_298' title='bbox 216 2241 298 2280; x_wconf 79' lang='lat' dir='ltr'>apud</span> <span class='ocrx_word' id='word_1_299' title='bbox 318 2240 440 2271; x_wconf 86' lang='lat' dir='ltr'>Circum</span> <span class='ocrx_word' id='word_1_300' title='bbox 459 2240 633 2269; x_wconf 83' lang='lat' dir='ltr'>Maximum</span> <span class='ocrx_word' id='word_1_301' title='bbox 649 2240 744 2269; x_wconf 82' lang='lat' dir='ltr'>fuisse</span> <span class='ocrx_word' id='word_1_302' title='bbox 760 2239 888 2279; x_wconf 80' lang='lat' dir='ltr'>collegi-</span> 
     </span>
    </p>
   </div>
   <div class='ocr_carea' id='block_1_26' title="bbox 117 2283 885 2843">
    <p class='ocr_par' dir='ltr' id='par_1_28' title="bbox 119 2283 885 2530">
     <span class='ocr_line' id='line_1_50' title="bbox 121 2283 885 2323; baseline 0.001 -12"><span class='ocrx_word' id='word_1_303' title='bbox 121 2292 173 2312; x_wconf 88' lang='lat' dir='ltr'>um</span> <span class='ocrx_word' id='word_1_304' title='bbox 200 2283 358 2313; x_wconf 88' lang='lat' dir='ltr'>hominum</span> <span class='ocrx_word' id='word_1_305' title='bbox 382 2283 670 2323; x_wconf 75' lang='lat' dir='ltr'>perditissimorum,</span> <span class='ocrx_word' id='word_1_306' title='bbox 702 2293 738 2312; x_wconf 84' lang='lat' dir='ltr'>ex</span> <span class='ocrx_word' id='word_1_307' title='bbox 773 2283 885 2322; x_wconf 80' lang='lat' dir='ltr'>quibus</span> 
     </span>
     <span class='ocr_line' id='line_1_51' title="bbox 120 2325 558 2357; baseline 0.005 -3"><span class='ocrx_word' id='word_1_308' title='bbox 120 2325 248 2356; x_wconf 49' lang='lat' dir='ltr'>fortasse</span> <span class='ocrx_word' id='word_1_309' title='bbox 270 2326 326 2357; x_wconf 85' lang='lat' dir='ltr'>fuit</span> <span class='ocrx_word' id='word_1_310' title='bbox 343 2325 393 2356; x_wconf 86' lang='lat' dir='ltr'>ille</span> <span class='ocrx_word' id='word_1_311' title='bbox 411 2326 558 2356; x_wconf 69' lang='lat' dir='ltr'>Licinius.</span> 
     </span>
     <span class='ocr_line' id='line_1_52' title="bbox 120 2368 884 2410; baseline 0.001 -13"><span class='ocrx_word' id='word_1_312' title='bbox 120 2374 190 2398; x_wconf 84' lang='lat' dir='ltr'>runt</span> <span class='ocrx_word' id='word_1_313' title='bbox 204 2369 288 2404; x_wconf 84' lang='lat' dir='ltr'>circi,</span> <span class='ocrx_word' id='word_1_314' title='bbox 312 2379 440 2410; x_wconf 85' lang='lat' dir='ltr'>quorum</span> <span class='ocrx_word' id='word_1_315' title='bbox 460 2380 538 2399; x_wconf 87' lang='lat' dir='ltr'>unus</span> <span class='ocrx_word' id='word_1_316' title='bbox 562 2368 717 2398; x_wconf 84' lang='lat' dir='ltr'>Maximus</span> <span class='ocrx_word' id='word_1_317' title='bbox 742 2368 884 2408; x_wconf 83' lang='lat' dir='ltr'>appella-</span> 
     </span>
     <span class='ocr_line' id='line_1_53' title="bbox 120 2411 883 2448; baseline 0.001 -8"><span class='ocrx_word' id='word_1_318' title='bbox 120 2415 169 2441; x_wconf 86' lang='lat' dir='ltr'>tus</span> <span class='ocrx_word' id='word_1_319' title='bbox 185 2416 242 2448; x_wconf 87' lang='lat' dir='ltr'>est,</span> <span class='ocrx_word' id='word_1_320' title='bbox 258 2412 336 2442; x_wconf 79' lang='lat' dir='ltr'>inter</span> <span class='ocrx_word' id='word_1_321' title='bbox 352 2411 527 2442; x_wconf 74' lang='lat' dir='ltr'>Palatinum</span> <span class='ocrx_word' id='word_1_322' title='bbox 544 2417 575 2441; x_wconf 83' lang='lat' dir='ltr'>et</span> <span class='ocrx_word' id='word_1_323' title='bbox 589 2411 779 2441; x_wconf 74' lang='lat' dir='ltr'>Aventinum</span> <span class='ocrx_word' id='word_1_324' title='bbox 796 2422 883 2441; x_wconf 86' lang='lat' dir='ltr'>mon-</span> 
     </span>
     <span class='ocr_line' id='line_1_54' title="bbox 120 2453 880 2495; baseline 0.001 -12"><span class='ocrx_word' id='word_1_325' title='bbox 120 2460 201 2484; x_wconf 74' lang='lat' dir='ltr'>tem:</span> <span class='ocrx_word' id='word_1_326' title='bbox 239 2454 317 2484; x_wconf 78' lang='lat' dir='ltr'>alter</span> <span class='ocrx_word' id='word_1_327' title='bbox 343 2454 451 2485; x_wconf 88' lang='lat' dir='ltr'>Circus</span> <span class='ocrx_word' id='word_1_328' title='bbox 476 2453 688 2495; x_wconf 40' lang='lat' dir='ltr'>Apollinari&amp;</span> <span class='ocrx_word' id='word_1_329' title='bbox 716 2454 822 2484; x_wconf 77' lang='lat' dir='ltr'>tertius</span> <span class='ocrx_word' id='word_1_330' title='bbox 850 2454 880 2484; x_wconf 87' lang='lat' dir='ltr'>in</span> 
     </span>
     <span class='ocr_line' id='line_1_55' title="bbox 119 2497 287 2530; baseline -0.006 -2"><span class='ocrx_word' id='word_1_331' title='bbox 119 2497 287 2530; x_wconf 77' lang='lat' dir='ltr'>Vaticano.</span> 
     </span>
    </p>

    <p class='ocr_par' dir='ltr' id='par_1_29' title="bbox 118 2539 878 2657">
     <span class='ocr_line' id='line_1_56' title="bbox 162 2539 878 2580; baseline -0.001 -10"><span class='ocrx_word' id='word_1_332' title='bbox 162 2540 212 2571; x_wconf 71' lang='grc' dir='ltr'><strong>ΙΙ).</strong></span> <span class='ocrx_word' id='word_1_333' title='bbox 235 2541 324 2580; x_wconf 78' lang='lat' dir='ltr'>Apud</span> <span class='ocrx_word' id='word_1_334' title='bbox 343 2551 370 2571; x_wconf 82' lang='lat' dir='ltr'>se</span> <span class='ocrx_word' id='word_1_335' title='bbox 390 2540 505 2580; x_wconf 61' lang='lat' dir='ltr'>ebrios]</span> <span class='ocrx_word' id='word_1_336' title='bbox 551 2539 689 2570; x_wconf 89' lang='lat' dir='ltr'>Licinius</span> <span class='ocrx_word' id='word_1_337' title='bbox 712 2539 763 2570; x_wconf 89' lang='lat' dir='ltr'>ille</span> <span class='ocrx_word' id='word_1_338' title='bbox 788 2540 878 2580; x_wconf 88' lang='lat' dir='ltr'>popi-</span> 
     </span>
     <span class='ocr_line' id='line_1_57' title="bbox 118 2583 877 2620; baseline 0 -7"><span class='ocrx_word' id='word_1_339' title='bbox 118 2594 190 2614; x_wconf 86' lang='lat' dir='ltr'>nam</span> <span class='ocrx_word' id='word_1_340' title='bbox 206 2585 318 2614; x_wconf 82' lang='lat' dir='ltr'>habuit</span> <span class='ocrx_word' id='word_1_341' title='bbox 330 2584 362 2615; x_wconf 88' lang='lat' dir='ltr'>in</span> <span class='ocrx_word' id='word_1_342' title='bbox 379 2584 468 2615; x_wconf 81' lang='lat' dir='ltr'>Circo</span> <span class='ocrx_word' id='word_1_343' title='bbox 485 2583 638 2620; x_wconf 76' lang='lat' dir='ltr'>Maximo,</span> <span class='ocrx_word' id='word_1_344' title='bbox 661 2589 694 2613; x_wconf 81' lang='lat' dir='ltr'>et</span> <span class='ocrx_word' id='word_1_345' title='bbox 713 2583 757 2613; x_wconf 88' lang='lat' dir='ltr'>ibi</span> <span class='ocrx_word' id='word_1_346' title='bbox 773 2585 877 2613; x_wconf 88' lang='lat' dir='ltr'>vinum</span> 
     </span>
     <span class='ocr_line' id='line_1_58' title="bbox 118 2628 268 2657; baseline 0.007 -1"><span class='ocrx_word' id='word_1_347' title='bbox 118 2628 268 2657; x_wconf 84' lang='lat' dir='ltr'>vendidit.</span> 
     </span>
    </p>

    <p class='ocr_par' dir='ltr' id='par_1_30' title="bbox 117 2667 882 2787">
     <span class='ocr_line' id='line_1_59' title="bbox 161 2667 881 2712; baseline -0.001 -12"><span class='ocrx_word' id='word_1_348' title='bbox 161 2671 215 2700; x_wconf 70' lang='lat'>52.</span> <span class='ocrx_word' id='word_1_349' title='bbox 236 2670 296 2700; x_wconf 76' lang='lat' dir='ltr'>Sibi</span> <span class='ocrx_word' id='word_1_350' title='bbox 323 2670 460 2712; x_wconf 55' lang='lat' dir='ltr'>confessos</span> <span class='ocrx_word' id='word_1_351' title='bbox 484 2669 563 2709; x_wconf 57' lang='lat' dir='ltr'>essa]</span> <span class='ocrx_word' id='word_1_352' title='bbox 611 2667 752 2699; x_wconf 65' lang='lat' dir='ltr'>Infirmas:</span> <span class='ocrx_word' id='word_1_353' title='bbox 772 2669 881 2700; x_wconf 86' lang='lat' dir='ltr'>Cicero</span> 
     </span>
     <span class='ocr_line' id='line_1_60' title="bbox 118 2712 882 2753; baseline 0.001 -11"><span class='ocrx_word' id='word_1_354' title='bbox 118 2712 241 2743; x_wconf 87' lang='lat' dir='ltr'>illorum</span> <span class='ocrx_word' id='word_1_355' title='bbox 258 2724 413 2744; x_wconf 82' lang='lat' dir='ltr'>servorum</span> <span class='ocrx_word' id='word_1_356' title='bbox 430 2712 652 2748; x_wconf 69' lang='lat' dir='ltr'>testimonium,</span> <span class='ocrx_word' id='word_1_357' title='bbox 676 2713 766 2753; x_wconf 86' lang='lat' dir='ltr'>quasi</span> <span class='ocrx_word' id='word_1_358' title='bbox 791 2713 882 2743; x_wconf 83' lang='lat' dir='ltr'>ebriis</span> 
     </span>
     <span class='ocr_line' id='line_1_61' title="bbox 117 2756 730 2787; baseline 0 -1"><span class='ocrx_word' id='word_1_359' title='bbox 117 2756 293 2787; x_wconf 86' lang='lat' dir='ltr'>hominibus</span> <span class='ocrx_word' id='word_1_360' title='bbox 310 2757 454 2787; x_wconf 83' lang='lat' dir='ltr'>habenda</span> <span class='ocrx_word' id='word_1_361' title='bbox 469 2757 546 2786; x_wconf 80' lang='lat' dir='ltr'>fides</span> <span class='ocrx_word' id='word_1_362' title='bbox 562 2766 625 2786; x_wconf 80' lang='lat' dir='ltr'>non</span> <span class='ocrx_word' id='word_1_363' title='bbox 638 2761 730 2786; x_wconf 83' lang='lat' dir='ltr'>esset.</span> 
     </span>
    </p>

    <p class='ocr_par' dir='ltr' id='par_1_31' title="bbox 162 2798 882 2843">
     <span class='ocr_line' id='line_1_62' title="bbox 162 2798 882 2843; baseline 0.001 -12"><span class='ocrx_word' id='word_1_364' title='bbox 162 2801 213 2832; x_wconf 76' lang='lat'>58.</span> <span class='ocrx_word' id='word_1_365' title='bbox 238 2800 298 2831; x_wconf 65' lang='lat' dir='ltr'>Acte</span> <span class='ocrx_word' id='word_1_366' title='bbox 312 2799 485 2842; x_wconf 69' lang='lat' dir='ltr'>puuctum]</span> <span class='ocrx_word' id='word_1_367' title='bbox 516 2799 732 2842; x_wconf 69' lang='lat' dir='ltr'>Hyperboliea</span> <span class='ocrx_word' id='word_1_368' title='bbox 747 2798 882 2843; x_wconf 55' lang='lat' dir='ltr'>diminug</span> 
     </span>
    </p>
   </div>
   <div class='ocr_carea' id='block_1_27' title="bbox 618 2324 888 2366">
    <p class='ocr_par' dir='ltr' id='par_1_32' title="bbox 618 2324 888 2366">
     <span class='ocr_line' id='line_1_63' title="bbox 618 2324 888 2366; baseline 0.004 -11"><span class='ocrx_word' id='word_1_369' title='bbox 618 2326 692 2356; x_wconf 85' lang='lat' dir='ltr'>Tres</span> <span class='ocrx_word' id='word_1_370' title='bbox 717 2324 805 2366; x_wconf 77' lang='grc' dir='ltr'>ροιϊό</span> <span class='ocrx_word' id='word_1_371' title='bbox 821 2326 888 2356; x_wconf 84' lang='lat' dir='ltr'>fue-</span> 
     </span>
    </p>
   </div>
   <div class='ocr_carea' id='block_1_28' title="bbox 922 1764 1702 2747">
    <p class='ocr_par' dir='ltr' id='par_1_33' title="bbox 931 1764 1702 1888">
     <span class='ocr_line' id='line_1_64' title="bbox 932 1764 1699 1806; baseline 0.001 -11"><span class='ocrx_word' id='word_1_372' title='bbox 932 1765 988 1802; x_wconf 85' lang='lat' dir='ltr'>tio‚</span> <span class='ocrx_word' id='word_1_373' title='bbox 1013 1764 1097 1806; x_wconf 69' lang='lat' dir='ltr'>quod</span> <span class='ocrx_word' id='word_1_374' title='bbox 1121 1765 1233 1806; x_wconf 70' lang='lat' dir='ltr'>nempe</span> <span class='ocrx_word' id='word_1_375' title='bbox 1257 1765 1366 1796; x_wconf 83' lang='lat' dir='ltr'>vulnus</span> <span class='ocrx_word' id='word_1_376' title='bbox 1382 1764 1613 1796; x_wconf 74' lang='lat' dir='ltr'>leveinflictum</span> <span class='ocrx_word' id='word_1_377' title='bbox 1629 1773 1699 1802; x_wconf 77' lang='lat' dir='ltr'>acu,</span> 
     </span>
     <span class='ocr_line' id='line_1_65' title="bbox 932 1808 1702 1851; baseline -0.001 -13"><span class='ocrx_word' id='word_1_378' title='bbox 932 1819 988 1849; x_wconf 89' lang='lat' dir='ltr'>pro</span> <span class='ocrx_word' id='word_1_379' title='bbox 1006 1809 1135 1838; x_wconf 81' lang='lat' dir='ltr'>maximo</span> <span class='ocrx_word' id='word_1_380' title='bbox 1160 1809 1299 1846; x_wconf 83' lang='lat' dir='ltr'>vulnere,</span> <span class='ocrx_word' id='word_1_381' title='bbox 1324 1820 1425 1851; x_wconf 80' lang='lat' dir='ltr'>eoque</span> <span class='ocrx_word' id='word_1_382' title='bbox 1440 1809 1458 1838; x_wconf 71' lang='grc' dir='ltr'>εἶ</span> <span class='ocrx_word' id='word_1_383' title='bbox 1474 1808 1647 1850; x_wconf 85' lang='lat' dir='ltr'>gladiatore</span> <span class='ocrx_word' id='word_1_384' title='bbox 1663 1809 1702 1838; x_wconf 80' lang='lat' dir='ltr'>il-</span> 
     </span>
     <span class='ocr_line' id='line_1_66' title="bbox 931 1852 1192 1888; baseline 0 -7"><span class='ocrx_word' id='word_1_385' title='bbox 931 1852 1008 1888; x_wconf 84' lang='lat' dir='ltr'>lato,</span> <span class='ocrx_word' id='word_1_386' title='bbox 1032 1853 1192 1882; x_wconf 80' lang='lat' dir='ltr'>habeatur.</span> 
     </span>
    </p>

    <p class='ocr_par' dir='ltr' id='par_1_34' title="bbox 930 1893 1700 2054">
     <span class='ocr_line' id='line_1_67' title="bbox 975 1893 1700 1936; baseline 0 -12"><span class='ocrx_word' id='word_1_387' title='bbox 975 1896 1027 1925; x_wconf 75' lang='lat'>59.</span> <span class='ocrx_word' id='word_1_388' title='bbox 1075 1894 1198 1925; x_wconf 73' lang='lat' dir='ltr'>Cavebat</span> <span class='ocrx_word' id='word_1_389' title='bbox 1222 1893 1316 1936; x_wconf 74' lang='lat' dir='ltr'>magis</span> <span class='ocrx_word' id='word_1_390' title='bbox 1340 1894 1521 1936; x_wconf 52' lang='lat' dir='ltr'>Pompeium]</span> <span class='ocrx_word' id='word_1_391' title='bbox 1567 1894 1700 1935; x_wconf 77' lang='lat' dir='ltr'>Mitigat</span> 
     </span>
     <span class='ocr_line' id='line_1_68' title="bbox 930 1937 1696 1979; baseline 0 -11"><span class='ocrx_word' id='word_1_392' title='bbox 930 1937 980 1968; x_wconf 81' lang='lat' dir='ltr'>hie</span> <span class='ocrx_word' id='word_1_393' title='bbox 995 1938 1129 1968; x_wconf 77' lang='lat' dir='ltr'>animum</span> <span class='ocrx_word' id='word_1_394' title='bbox 1147 1938 1302 1979; x_wconf 75' lang='lat' dir='ltr'>Pompeii,</span> <span class='ocrx_word' id='word_1_395' title='bbox 1325 1938 1398 1968; x_wconf 91' lang='lat' dir='ltr'>dnm</span> <span class='ocrx_word' id='word_1_396' title='bbox 1412 1949 1481 1969; x_wconf 86' lang='lat' dir='ltr'>eum</span> <span class='ocrx_word' id='word_1_397' title='bbox 1497 1938 1542 1968; x_wconf 86' lang='lat' dir='ltr'>ait</span> <span class='ocrx_word' id='word_1_398' title='bbox 1556 1938 1696 1968; x_wconf 78' lang='lat' dir='ltr'>retulisse</span> 
     </span>
     <span class='ocr_line' id='line_1_69' title="bbox 931 1980 1699 2022; baseline 0.001 -11"><span class='ocrx_word' id='word_1_399' title='bbox 931 1982 971 2012; x_wconf 82' lang='lat' dir='ltr'>ad</span> <span class='ocrx_word' id='word_1_400' title='bbox 994 1987 1147 2016; x_wconf 86' lang='lat' dir='ltr'>senatum,</span> <span class='ocrx_word' id='word_1_401' title='bbox 1172 1992 1232 2010; x_wconf 87' lang='lat' dir='ltr'>non</span> <span class='ocrx_word' id='word_1_402' title='bbox 1256 1980 1339 2022; x_wconf 65' lang='lat' dir='ltr'>qudd</span> <span class='ocrx_word' id='word_1_403' title='bbox 1356 1982 1489 2017; x_wconf 79' lang='lat' dir='ltr'>timeret,</span> <span class='ocrx_word' id='word_1_404' title='bbox 1512 1981 1565 2011; x_wconf 80' lang='lat' dir='ltr'>sed</span> <span class='ocrx_word' id='word_1_405' title='bbox 1584 1986 1618 2011; x_wconf 87' lang='lat' dir='ltr'>ut</span> <span class='ocrx_word' id='word_1_406' title='bbox 1632 1992 1699 2012; x_wconf 89' lang='lat' dir='ltr'>om-</span> 
     </span>
     <span class='ocr_line' id='line_1_70' title="bbox 930 2023 1256 2054; baseline -0.003 0"><span class='ocrx_word' id='word_1_407' title='bbox 930 2035 985 2054; x_wconf 85' lang='lat' dir='ltr'>nes</span> <span class='ocrx_word' id='word_1_408' title='bbox 1002 2029 1087 2054; x_wconf 75' lang='lat' dir='ltr'>melu</span> <span class='ocrx_word' id='word_1_409' title='bbox 1103 2023 1256 2054; x_wconf 79' lang='lat' dir='ltr'>liberaret.</span> 
     </span>
    </p>

    <p class='ocr_par' dir='ltr' id='par_1_35' title="bbox 929 2066 1698 2269">
     <span class='ocr_line' id='line_1_71' title="bbox 974 2066 1696 2107; baseline 0.001 -10"><span class='ocrx_word' id='word_1_410' title='bbox 974 2069 1025 2098; x_wconf 85' lang='lat'>63.</span> <span class='ocrx_word' id='word_1_411' title='bbox 1053 2066 1123 2096; x_wconf 84' lang='lat' dir='ltr'>Tam</span> <span class='ocrx_word' id='word_1_412' title='bbox 1146 2067 1247 2097; x_wconf 75' lang='lat' dir='ltr'>celebri</span> <span class='ocrx_word' id='word_1_413' title='bbox 1273 2066 1357 2107; x_wconf 85' lang='lat' dir='ltr'>loco.]</span> <span class='ocrx_word' id='word_1_414' title='bbox 1413 2066 1489 2097; x_wconf 82' lang='lat' dir='ltr'>Erat</span> <span class='ocrx_word' id='word_1_415' title='bbox 1511 2066 1565 2097; x_wconf 84' lang='lat' dir='ltr'>illa</span> <span class='ocrx_word' id='word_1_416' title='bbox 1585 2067 1696 2098; x_wconf 82' lang='lat' dir='ltr'>domus</span> 
     </span>
     <span class='ocr_line' id='line_1_72' title="bbox 931 2109 1698 2151; baseline 0 -11"><span class='ocrx_word' id='word_1_417' title='bbox 931 2110 1062 2140; x_wconf 84' lang='lat' dir='ltr'>Caesaris</span> <span class='ocrx_word' id='word_1_418' title='bbox 1079 2110 1109 2139; x_wconf 90' lang='lat' dir='ltr'>in</span> <span class='ocrx_word' id='word_1_419' title='bbox 1126 2109 1187 2140; x_wconf 66' lang='lat' dir='ltr'>Via</span> <span class='ocrx_word' id='word_1_420' title='bbox 1204 2109 1310 2146; x_wconf 64' lang='lat' dir='ltr'>Sacra,</span> <span class='ocrx_word' id='word_1_421' title='bbox 1335 2109 1387 2139; x_wconf 91' lang='lat' dir='ltr'>ubi</span> <span class='ocrx_word' id='word_1_422' title='bbox 1407 2109 1540 2139; x_wconf 81' lang='lat' dir='ltr'>maxima</span> <span class='ocrx_word' id='word_1_423' title='bbox 1559 2116 1625 2140; x_wconf 84' lang='lat' dir='ltr'>etat</span> <span class='ocrx_word' id='word_1_424' title='bbox 1640 2121 1698 2151; x_wconf 84' lang='lat' dir='ltr'>po·</span> 
     </span>
     <span class='ocr_line' id='line_1_73' title="bbox 929 2152 1697 2194; baseline 0.003 -12"><span class='ocrx_word' id='word_1_425' title='bbox 929 2153 997 2194; x_wconf 81' lang='lat' dir='ltr'>puli</span> <span class='ocrx_word' id='word_1_426' title='bbox 1012 2153 1203 2193; x_wconf 58' lang='lat' dir='ltr'>frequenti-213</span> <span class='ocrx_word' id='word_1_427' title='bbox 1230 2159 1295 2182; x_wconf 76' lang='lat' dir='ltr'>tum</span> <span class='ocrx_word' id='word_1_428' title='bbox 1316 2152 1391 2193; x_wconf 81' lang='lat' dir='ltr'>quia</span> <span class='ocrx_word' id='word_1_429' title='bbox 1412 2152 1462 2182; x_wconf 78' lang='lat' dir='ltr'>hic</span> <span class='ocrx_word' id='word_1_430' title='bbox 1478 2152 1566 2183; x_wconf 72' lang='lat' dir='ltr'>multi</span> <span class='ocrx_word' id='word_1_431' title='bbox 1582 2153 1697 2184; x_wconf 76' lang='lat' dir='ltr'>fructus</span> 
     </span>
     <span class='ocr_line' id='line_1_74' title="bbox 930 2195 1697 2237; baseline 0.001 -11"><span class='ocrx_word' id='word_1_432' title='bbox 930 2197 1158 2232; x_wconf 84' lang='lat' dir='ltr'>vendebantur,</span> <span class='ocrx_word' id='word_1_433' title='bbox 1181 2202 1247 2226; x_wconf 82' lang='lat' dir='ltr'>tum</span> <span class='ocrx_word' id='word_1_434' title='bbox 1275 2196 1349 2237; x_wconf 87' lang='lat' dir='ltr'>quia.</span> <span class='ocrx_word' id='word_1_435' title='bbox 1378 2206 1442 2226; x_wconf 88' lang='lat' dir='ltr'>non</span> <span class='ocrx_word' id='word_1_436' title='bbox 1467 2195 1561 2237; x_wconf 70' lang='lat' dir='ltr'>longe</span> <span class='ocrx_word' id='word_1_437' title='bbox 1590 2201 1656 2227; x_wconf 76' lang='lat' dir='ltr'>erat</span> <span class='ocrx_word' id='word_1_438' title='bbox 1677 2197 1697 2227; x_wconf 64' lang='grc' dir='ltr'>εἰ</span> 
     </span>
     <span class='ocr_line' id='line_1_75' title="bbox 930 2240 1008 2269; baseline 0 0"><span class='ocrx_word' id='word_1_439' title='bbox 930 2240 1008 2269; x_wconf 84' lang='lat' dir='ltr'>foro.</span> 
     </span>
    </p>

    <p class='ocr_par' dir='ltr' id='par_1_36' title="bbox 927 2281 1694 2450">
     <span class='ocr_line' id='line_1_76' title="bbox 975 2281 1694 2322; baseline 0.001 -11"><span class='ocrx_word' id='word_1_440' title='bbox 975 2284 1027 2312; x_wconf 87' lang='grc'>67.</span> <span class='ocrx_word' id='word_1_441' title='bbox 1050 2282 1199 2322; x_wconf 60' lang='lat' dir='ltr'>Senator]</span> <span class='ocrx_word' id='word_1_442' title='bbox 1246 2281 1361 2312; x_wconf 86' lang='lat' dir='ltr'>Narrat</span> <span class='ocrx_word' id='word_1_443' title='bbox 1373 2281 1527 2313; x_wconf 86' lang='lat' dir='ltr'>Asconius</span> <span class='ocrx_word' id='word_1_444' title='bbox 1548 2281 1630 2313; x_wconf 91' lang='lat' dir='ltr'>hunc</span> <span class='ocrx_word' id='word_1_445' title='bbox 1646 2292 1694 2312; x_wconf 84' lang='lat' dir='ltr'>se-</span> 
     </span>
     <span class='ocr_line' id='line_1_77' title="bbox 931 2325 1692 2365; baseline 0 -11"><span class='ocrx_word' id='word_1_446' title='bbox 931 2331 1070 2356; x_wconf 85' lang='lat' dir='ltr'>natorem</span> <span class='ocrx_word' id='word_1_447' title='bbox 1086 2325 1180 2355; x_wconf 79' lang='lat' dir='ltr'>fuisse</span> <span class='ocrx_word' id='word_1_448' title='bbox 1197 2325 1235 2355; x_wconf 90' lang='grc' dir='ltr'>Ρ.</span> <span class='ocrx_word' id='word_1_449' title='bbox 1251 2325 1464 2363; x_wconf 86' lang='lat' dir='ltr'>Cornificium,</span> <span class='ocrx_word' id='word_1_450' title='bbox 1487 2325 1593 2365; x_wconf 86' lang='lat' dir='ltr'>aitque</span> <span class='ocrx_word' id='word_1_451' title='bbox 1617 2330 1692 2355; x_wconf 84' lang='lat' dir='ltr'>tunc</span> 
     </span>
     <span class='ocr_line' id='line_1_78' title="bbox 929 2368 1692 2405; baseline 0 -7"><span class='ocrx_word' id='word_1_452' title='bbox 929 2368 1114 2399; x_wconf 84' lang='lat' dir='ltr'>Ciceronem</span> <span class='ocrx_word' id='word_1_453' title='bbox 1144 2368 1344 2405; x_wconf 67' lang='lat' dir='ltr'>exclamasse,</span> <span class='ocrx_word' id='word_1_454' title='bbox 1382 2368 1466 2399; x_wconf 81' lang='lat' dir='ltr'>Talia</span> <span class='ocrx_word' id='word_1_455' title='bbox 1497 2369 1593 2399; x_wconf 83' lang='lat' dir='ltr'>omnia</span> <span class='ocrx_word' id='word_1_456' title='bbox 1621 2373 1692 2398; x_wconf 76' lang='lat' dir='ltr'>sunt</span> 
     </span>
     <span class='ocr_line' id='line_1_79' title="bbox 927 2410 1368 2450; baseline 0 -8"><span class='ocrx_word' id='word_1_457' title='bbox 927 2413 1054 2442; x_wconf 78' lang='lat' dir='ltr'>crimina</span> <span class='ocrx_word' id='word_1_458' title='bbox 1069 2412 1102 2441; x_wconf 81' lang='lat' dir='ltr'>de</span> <span class='ocrx_word' id='word_1_459' title='bbox 1118 2410 1229 2441; x_wconf 80' lang='lat' dir='ltr'>Milone</span> <span class='ocrx_word' id='word_1_460' title='bbox 1241 2413 1368 2450; x_wconf 72' lang='lat' dir='ltr'>prolata.</span> 
     </span>
    </p>

    <p class='ocr_par' dir='ltr' id='par_1_37' title="bbox 922 2453 1690 2580">
     <span class='ocr_line' id='line_1_80' title="bbox 970 2453 1690 2493; baseline -0.001 -10"><span class='ocrx_word' id='word_1_461' title='bbox 970 2457 1023 2486; x_wconf 86' lang='lat'>68.</span> <span class='ocrx_word' id='word_1_462' title='bbox 1049 2453 1183 2484; x_wconf 76' lang='lat' dir='ltr'>Nudavit</span> <span class='ocrx_word' id='word_1_463' title='bbox 1196 2465 1222 2484; x_wconf 81' lang='lat' dir='ltr'>se</span> <span class='ocrx_word' id='word_1_464' title='bbox 1238 2455 1268 2484; x_wconf 84' lang='lat' dir='ltr'>in</span> <span class='ocrx_word' id='word_1_465' title='bbox 1280 2455 1454 2485; x_wconf 70' lang='lat' dir='ltr'>sanctissimo</span> <span class='ocrx_word' id='word_1_466' title='bbox 1464 2453 1592 2493; x_wconf 61' lang='lat' dir='ltr'>templa]</span> <span class='ocrx_word' id='word_1_467' title='bbox 1631 2453 1690 2482; x_wconf 84' lang='lat' dir='ltr'>Se-</span> 
     </span>
     <span class='ocr_line' id='line_1_81' title="bbox 924 2495 1690 2538; baseline -0.001 -11"><span class='ocrx_word' id='word_1_468' title='bbox 924 2504 1030 2527; x_wconf 85' lang='lat' dir='ltr'>natum</span> <span class='ocrx_word' id='word_1_469' title='bbox 1047 2497 1210 2537; x_wconf 75' lang='lat' dir='ltr'>significat,</span> <span class='ocrx_word' id='word_1_470' title='bbox 1225 2497 1299 2538; x_wconf 86' lang='lat' dir='ltr'>quia</span> <span class='ocrx_word' id='word_1_471' title='bbox 1309 2508 1466 2538; x_wconf 87' lang='lat' dir='ltr'>nunquam</span> <span class='ocrx_word' id='word_1_472' title='bbox 1480 2503 1616 2533; x_wconf 79' lang='lat' dir='ltr'>senatus,</span> <span class='ocrx_word' id='word_1_473' title='bbox 1629 2495 1690 2526; x_wconf 81' lang='lat' dir='ltr'>nisi</span> 
     </span>
     <span class='ocr_line' id='line_1_82' title="bbox 922 2540 1598 2580; baseline -0.003 -10"><span class='ocrx_word' id='word_1_474' title='bbox 922 2541 954 2571; x_wconf 86' lang='lat' dir='ltr'>in</span> <span class='ocrx_word' id='word_1_475' title='bbox 969 2540 1038 2570; x_wconf 92' lang='lat' dir='ltr'>loco</span> <span class='ocrx_word' id='word_1_476' title='bbox 1054 2540 1187 2580; x_wconf 76' lang='lat' dir='ltr'>airguriis</span> <span class='ocrx_word' id='word_1_477' title='bbox 1201 2546 1392 2576; x_wconf 73' lang='lat' dir='ltr'>consecrato,</span> <span class='ocrx_word' id='word_1_478' title='bbox 1416 2540 1598 2570; x_wconf 78' lang='lat' dir='ltr'>habebatur.</span> 
     </span>
    </p>

    <p class='ocr_par' dir='ltr' id='par_1_38' title="bbox 922 2581 1690 2747">
     <span class='ocr_line' id='line_1_83' title="bbox 966 2581 1687 2623; baseline -0.001 -11"><span class='ocrx_word' id='word_1_479' title='bbox 966 2582 1014 2614; x_wconf 88' lang='lat' dir='ltr'>Ib.</span> <span class='ocrx_word' id='word_1_480' title='bbox 1043 2583 1186 2616; x_wconf 79' lang='lat' dir='ltr'>Quoniam</span> <span class='ocrx_word' id='word_1_481' title='bbox 1200 2584 1260 2613; x_wconf 77' lang='lat' dir='ltr'>vita</span> <span class='ocrx_word' id='word_1_482' title='bbox 1275 2583 1354 2619; x_wconf 83' lang='lat' dir='ltr'>talis,</span> <span class='ocrx_word' id='word_1_483' title='bbox 1369 2583 1446 2623; x_wconf 83' lang='lat' dir='ltr'>&amp;c.]</span> <span class='ocrx_word' id='word_1_484' title='bbox 1479 2581 1687 2623; x_wconf 82' lang='lat' dir='ltr'>Reputabant</span> 
     </span>
     <span class='ocr_line' id='line_1_84' title="bbox 922 2625 1688 2666; baseline 0 -11"><span class='ocrx_word' id='word_1_485' title='bbox 922 2626 1059 2656; x_wconf 81' lang='lat' dir='ltr'>Romani</span> <span class='ocrx_word' id='word_1_486' title='bbox 1076 2636 1131 2666; x_wconf 91' lang='lat' dir='ltr'>pro</span> <span class='ocrx_word' id='word_1_487' title='bbox 1149 2626 1278 2656; x_wconf 81' lang='lat' dir='ltr'>maximo</span> <span class='ocrx_word' id='word_1_488' title='bbox 1295 2627 1434 2659; x_wconf 81' lang='lat' dir='ltr'>crimine</span> <span class='ocrx_word' id='word_1_489' title='bbox 1456 2625 1482 2655; x_wconf 81' lang='lat' dir='ltr'>si</span> <span class='ocrx_word' id='word_1_490' title='bbox 1497 2635 1565 2666; x_wconf 81' lang='lat' dir='ltr'>quis</span> <span class='ocrx_word' id='word_1_491' title='bbox 1581 2636 1613 2656; x_wconf 90' lang='lat' dir='ltr'>se</span> <span class='ocrx_word' id='word_1_492' title='bbox 1629 2636 1688 2655; x_wconf 83' lang='lat' dir='ltr'>nu-</span> 
     </span>
     <span class='ocr_line' id='line_1_85' title="bbox 925 2667 1688 2711; baseline -0.001 -12"><span class='ocrx_word' id='word_1_493' title='bbox 925 2669 1048 2700; x_wconf 70' lang='lat' dir='ltr'>diisset:</span> <span class='ocrx_word' id='word_1_494' title='bbox 1088 2669 1156 2704; x_wconf 84' lang='lat' dir='ltr'>sed,</span> <span class='ocrx_word' id='word_1_495' title='bbox 1188 2669 1269 2699; x_wconf 85' lang='lat' dir='ltr'>illius</span> <span class='ocrx_word' id='word_1_496' title='bbox 1301 2669 1499 2711; x_wconf 82' lang='lat' dir='ltr'>improbitate</span> <span class='ocrx_word' id='word_1_497' title='bbox 1526 2667 1688 2704; x_wconf 81' lang='lat' dir='ltr'>senatoris,</span> 
     </span>
     <span class='ocr_line' id='line_1_86' title="bbox 923 2711 1690 2747; baseline -0.003 -4"><span class='ocrx_word' id='word_1_498' title='bbox 923 2712 1008 2743; x_wconf 85' lang='lat' dir='ltr'>Milo</span> <span class='ocrx_word' id='word_1_499' title='bbox 1020 2718 1145 2743; x_wconf 68' lang='lat' dir='ltr'>coactus</span> <span class='ocrx_word' id='word_1_500' title='bbox 1168 2717 1225 2747; x_wconf 61' lang='lat' dir='ltr'>est,</span> <span class='ocrx_word' id='word_1_501' title='bbox 1251 2717 1283 2742; x_wconf 87' lang='lat' dir='ltr'>ut</span> <span class='ocrx_word' id='word_1_502' title='bbox 1299 2724 1318 2743; x_wconf 83' lang='lat' dir='ltr'>a</span> <span class='ocrx_word' id='word_1_503' title='bbox 1334 2724 1366 2744; x_wconf 82' lang='lat' dir='ltr'>se</span> <span class='ocrx_word' id='word_1_504' title='bbox 1387 2712 1466 2744; x_wconf 86' lang='lat' dir='ltr'>tanti</span> <span class='ocrx_word' id='word_1_505' title='bbox 1480 2711 1606 2745; x_wconf 83' lang='lat' dir='ltr'>sceleris</span> <span class='ocrx_word' id='word_1_506' title='bbox 1622 2721 1690 2742; x_wconf 80' lang='lat' dir='ltr'>sus-</span> 
     </span>
    </p>
   </div>
   <div class='ocr_carea' id='block_1_29' title="bbox 924 2756 1281 2799">
    <p class='ocr_par' dir='ltr' id='par_1_39' title="bbox 924 2756 1281 2799">
     <span class='ocr_line' id='line_1_87' title="bbox 924 2756 1281 2799; baseline 0.003 -12"><span class='ocrx_word' id='word_1_507' title='bbox 924 2756 1082 2799; x_wconf 76' lang='lat' dir='ltr'>picionem</span> <span class='ocrx_word' id='word_1_508' title='bbox 1097 2761 1281 2788; x_wconf 83' lang='lat' dir='ltr'>removeret.</span> 
     </span>
    </p>
   </div>
  </div>
 </body>
</html>
