1790 3090
148 144 236 186 244

150 222 207 263 35
227 223 517 278 cognoscetis.
552 223 718 274 Voluit,
739 229 881 266 vetere
895 223 1107 277 instituto,
1130 238 1274 267 eorum
1289 225 1627 271 adolescentium
1643 241 1787 272 exem-

225 279 312 334 plo,
336 280 408 335 qui
429 279 529 335 pbst
550 279 594 319 in
615 279 787 322 civitate
808 281 960 322 summi
976 281 1054 322 viri
1074 288 1117 323 et
1136 282 1362 323 clarissimi
1382 280 1496 324 cives
1518 282 1787 335 exstiterunt,

224 335 478 376 industriam
500 350 619 376 suam
642 335 668 377 a
688 338 848 392 populo
869 337 1064 382 Romano
1094 352 1146 379 ex
1177 339 1320 395 aliqu-21
1340 339 1491 380 illustri
1513 340 1787 393 accusatione

226 392 447 447 cognosci.
493 391 662 433 Vellem
678 392 761 434 alio
779 393 922 449 potius
937 409 1032 435 eum
1049 394 1262 450 cupiditas
1277 396 1422 452 gloriae
1439 395 1685 446 detulisset3
1713 396 1789 451 sed

227 448 335 489 abiit
354 447 480 503 hujus
499 453 668 504 tempus
693 450 890 504 querelae.
949 451 1184 493 Accusavit
1211 451 1260 491 C.
1289 452 1541 503 Antonium,
1578 452 1788 508 collegam

150 506 210 546 40
229 518 394 545 meum:
440 504 509 545 cui
542 506 695 546 misero
729 505 918 561 praeclari
947 506 990 546 in
1022 506 1328 562 rempublicam
1358 508 1557 550 beneficii
1588 507 1790 549 memoria

227 559 335 600 nihil
369 560 543 616 profuit,
583 560 730 602 nocuit
765 562 910 618 opinio
942 563 1143 604 maleficii
1176 563 1370 619 cogitati.
1438 564 1600 606 Postea
1631 563 1790 611 nemini

228 617 447 658 concessit
465 618 707 673 aequalium,
725 618 821 673 plus
842 625 891 659 ut
910 618 953 659 in
974 619 1079 668 foro,
1098 618 1194 675 plns
1215 628 1262 660 ut
1280 620 1324 660 in
1344 621 1526 676 negotiis
1543 626 1790 676 versaretur,

228 673 456 732 causisque
476 674 722 725 amicorum,
753 674 846 731 plus
868 681 914 716 ut
936 676 1092 717 valeret
1115 676 1224 717 inter
1252 691 1351 717 suos
1380 677 1535 733 grati&
1566 692 1676 733 quae,
1705 675 1790 727 nisi

228 729 480 786 gvigilantes
501 730 711 782 homines,
739 731 821 772 nisi
843 732 986 784 sobrii,
1015 732 1096 773 nisi
1118 732 1332 784 industrii,
1363 733 1567 790 consequi
1590 748 1674 783 non
1695 747 1790 788 pos-

154 787 211 827 45
229 793 343 837 sunt,
357 787 499 827 omnia
513 788 656 829 labore
674 794 716 828 et
732 788 958 844 diligentia
971 796 1037 830 est
1050 796 1323 831 consecutus.
1373 789 1422 830 In
1440 789 1522 830 hoc
1537 788 1653 830 flexu
1669 788 1790 845 quasi

229 843 371 883 aetatis
388 843 513 894 (nihil
529 844 642 884 enim
660 845 905 896 occultabo,
919 845 1051 887 fretus
1066 845 1330 887 humanitate
1344 861 1394 887 ac
1408 845 1620 901 sapientia
1632 843 1790 897 vestra]

228 899 342 939 fania
374 899 661 940 adolescentis
689 900 864 955 paulum
893 902 1018 943 haesit
1037 902 1091 942 ad
1114 909 1249 943 metas
1270 902 1422 943 notitia
1449 902 1562 943 nova
1589 900 1790 952 mulieris,

229 961 272 994 et
289 954 450 995 infelici
470 955 706 1007 vicinitate,
728 963 772 996 et
792 956 1046 998 hinsolentia
1060 959 1346 1013 voluptatum3
1379 974 1490 1014 quae,
1504 957 1600 999 cum
1617 957 1790 1008 inclusae

229 1009 404 1061 diutius,
437 1017 481 1051 et
509 1011 647 1067 prima
674 1017 800 1052 aetate
826 1027 1081 1069 compressae
1108 1021 1152 1054 et
1172 1016 1414 1056 constrictae
1441 1015 1625 1065 fuerunt,
1655 1011 1790 1058 subite

155 1068 210 1109 50
229 1081 274 1108 se
295 1081 601 1122 nonnunquam
622 1068 885 1123 profundunt
902 1077 1030 1125 atque
1051 1070 1226 1125 ejiciunt
1245 1070 1466 1111 universae.
1516 1070 1615 1120 Qua
1629 1084 1682 1118 ex
1694 1068 1790 1120 vita:

229 1123 312 1174 vel,
328 1123 484 1175 dicam,
498 1139 585 1180 quo
600 1138 653 1165 ex
666 1139 874 1177 sermone,
907 1125 1198 1181 (nequaquam
1222 1127 1334 1176 enim
1347 1133 1513 1167 tantum
1534 1132 1638 1178 erat,
1663 1140 1790 1181 quan-

227 1186 319 1220 tum
340 1180 533 1221 homines
552 1181 856 1237 loquebantur)
894 1181 1039 1222 verum
1060 1197 1111 1223 ex
1141 1198 1207 1234 eo,
1238 1182 1575 1238 quidquidsserat,
1607 1180 1790 1233 emersit,

226 1242 451 1292 totumque
483 1252 528 1278 se
558 1237 686 1293 ejecit
717 1244 845 1294 atque
873 1238 1043 1280 extulit:
1077 1239 1326 1295 tantumque
1362 1239 1485 1289 abest
1515 1239 1568 1279 ab
1597 1238 1712 1292 illius
1732 1238 1790 1278 sa-

227 1292 482 1334 miliaritatis
521 1293 697 1335 infami&
736 1302 783 1335 ut
821 1295 1016 1350 ejusdem
1054 1310 1168 1336 nunc
1209 1296 1261 1336 ab
1297 1310 1391 1336 sese
1425 1294 1672 1346 inimicitias
1704 1293 1790 1348 Odi·

152 1355 208 1394 55
228 1364 383 1405 umque
417 1351 651 1406 propulset.
712 1350 871 1407 Atque,
902 1358 951 1392 ut
969 1352 1050 1392 iste
1078 1351 1354 1407 interpositus
1383 1366 1520 1393 sermo
1549 1350 1790 1393 deliciarum

226 1406 489 1462 desidiaeque
510 1407 769 1458 imoreretur,
805 1408 939 1459 (fecit,
976 1423 1058 1460 nie,
1091 1409 1348 1459 mehercule,
1377 1408 1511 1450 invito
1541 1419 1584 1449 et
1617 1406 1790 1457 multum

224 1470 505 1518 repugnante,
527 1464 601 1505 sed
621 1469 765 1505 tamen
785 1464 906 1516 fecit)
932 1479 1087 1506 nomen
1108 1465 1233 1506 amici
1255 1465 1338 1505 mei
1359 1465 1411 1504 de
1433 1463 1596 1505 ambitu
1618 1463 1790 1514 detulit;

227 1534 356 1574 quem
378 1520 624 1561 absolutum
647 1521 898 1576 insequitur,
931 1528 1120 1562 revocat:
1163 1521 1323 1562 nemini
1350 1521 1544 1562 nostrum
1576 1521 1790 1575 obtempe-

227 1582 311 1616 rat:
343 1582 408 1616 est
427 1575 653 1617 violentior
673 1576 804 1632 quam
823 1577 993 1618 vellem.
1053 1577 1140 1619 Sed
1170 1592 1250 1634 ego
1270 1592 1357 1618 non
1376 1578 1531 1633 loquor
1551 1576 1604 1618 de
1625 1575 1790 1632 sapien-

154 1638 208 1678 60
227 1630 302 1680 tia,
334 1647 431 1688 quae
452 1647 540 1674 non
561 1633 678 1674 cadit
696 1633 740 1674 in
760 1633 872 1675 hanc
890 1640 1083 1676 aetatem:
1125 1635 1178 1676 de
1209 1633 1371 1690 impetu
1391 1633 1521 1676 animi
1539 1634 1707 1690 loquor,
1738 1632 1790 1694 de

227 1687 465 1744 cupiditate
486 1689 699 1742 vincendi,
731 1690 784 1733 de
806 1691 955 1733 ardore
977 1690 1133 1733 mentis
1152 1691 1207 1733 ad
1228 1690 1427 1747 gloriam:
1463 1705 1559 1747 quae
1585 1688 1729 1734 studia
1746 1703 1790 1735 ln

879 147 970 180 PRO
995 147 1154 182 COELIO.

455 1803 671 1844 gstudiosi.
864 1804 881 1827 ¹¹
890 1806 1087 1846 novitate.

1280 1805 1288 1827 ἦ
1296 1805 1558 1860 auferretur.

270 1957 324 1987 35.
348 1956 445 1987 Vetere
457 1958 619 1999 instituta]
668 1958 765 1999 Apud
780 1963 899 1990 veteres
913 1970 988 1990 con-

228 2009 347 2030 cessum
370 1999 618 2031 adolescentibus
640 2001 710 2038 fuit,
733 2003 763 2031 in
784 2003 988 2033 accusationi-

227 2042 284 2072 bus
306 2053 410 2072 eorum
425 2043 476 2082 qui
493 2049 650 2084 gesserant
665 2045 886 2085 magistratum,
910 2056 988 2086 prae-

227 2085 300 2114 bere
318 2085 434 2125 ingenii
448 2086 495 2115 sui
510 2087 679 2126 specimen.

272 2129 325 2158 37.
372 2127 488 2158 musto-2·
507 2130 711 2171 accusatione]
759 2129 873 2160 Coelius
889 2130 990 2162 Anto-

227 2170 313 2200 nium
337 2171 528 2201 consularem
550 2171 607 2212 [de
624 2173 801 2213 majestate]
822 2175 990 2211 accusavit,

230 2213 383 2243 Cicerone
400 2214 603 2245 defendente.

270 2258 323 2287 40.
356 2256 493 2296 Beneficii
525 2257 686 2297 memoria]
747 2258 835 2289 Bene
866 2259 992 2289 meritus

227 2299 267 2328 de
284 2299 384 2339 patria
398 2299 508 2335 fuerat,
531 2300 601 2331 esini
613 2300 755 2331 Catilinas
772 2301 889 2332 delevit
904 2313 989 2332 exer-

227 2348 334 2373 crtum.

272 2387 324 2414 41.
350 2384 453 2423 Opinio
474 2384 633 2425 maleficii]
681 2385 784 2415 Primo
806 2386 905 2417 fuerat
921 2386 988 2417 An-

228 2426 328 2456 tonius
350 2427 381 2456 in
400 2426 612 2467 conjuratione
636 2428 789 2464 Catilinae,
814 2431 868 2459 sed
886 2430 924 2459 ab
939 2430 988 2466 eii,

229 2470 381 2500 Cicerone
397 2471 561 2507 suadente,
585 2476 743 2501 revocatus
760 2476 816 2501 est.

1030 1960 1187 2000 Aitigitur
1203 1960 1324 1997 Cicero,
1337 1960 1434 2001 qnod,
1450 1959 1520 1992 cum
1537 1959 1652 1991 Coelins
1667 1968 1788 1990 cursum

1031 2003 1252 2033 adolescentiae
1261 2004 1458 2038 confecisset,
1469 2003 1500 2032 in
1514 2003 1680 2043 voluptatis
1692 2002 1790 2032 licen-

1029 2046 1104 2075 tiam
1120 2047 1265 2087 delapsus
1280 2052 1338 2082 est,
1360 2052 1392 2076 et
1407 2045 1625 2086 aliquantisper
1648 2045 1790 2075 immora-

1031 2094 1096 2118 tus:
1120 2089 1248 2129 perinde
1265 2099 1301 2119 ac
1316 2088 1417 2119 solent
1432 2087 1530 2129 quiin
1546 2088 1629 2118 meta
1642 2098 1704 2118 non
1716 2088 1790 2118 flec-

1033 2136 1133 2161 tentes
1143 2141 1262 2162 cursum
1274 2131 1427 2167 insistunt,
1443 2141 1502 2162 nec
1515 2131 1606 2161 finem
1618 2130 1790 2172 praemium-

1034 2184 1094 2215 que
1111 2173 1222 2204 laboris
1235 2179 1450 2214 assequuntur.

1077 2217 1129 2246 57.
1156 2216 1266 2247 Nomen
1289 2219 1374 2247 amici
1401 2216 1482 2257 met]
1537 2215 1650 2247 Caelius
1680 2215 1790 2245 Polam

1035 2259 1326 2295 Servium,Atratini
1339 2265 1468 2301 patrem,
1479 2258 1611 2289 ambitus
1623 2259 1789 2289 accusavit.

1032 2302 1134 2333 Vocat
1143 2308 1246 2333 autem
1259 2313 1328 2333 eum
1340 2303 1482 2339 amicum,
1497 2312 1536 2332 ne
1548 2312 1648 2331 causae
1662 2305 1789 2337 noceat;

1031 2355 1113 2381 nam,
1129 2345 1182 2376 lib.
1201 2349 1230 2376 2.
1248 2346 1287 2375 ad
1302 2345 1342 2382 Q.
1358 2346 1493 2383 fratrem,
1512 2344 1622 2374 Polam
1637 2343 1723 2373 illum
1744 2348 1790 2373 te-

1032 2393 1110 2417 truni
1126 2397 1158 2418 et
1171 2389 1268 2418 feruni
1285 2389 1440 2418 hominem
1455 2392 1554 2417 vocat.

1074 2433 1127 2462 58.
1172 2432 1341 2461 Absolutum
1376 2429 1562 2470 insequitur]
1618 2427 1790 2466 Absolutus

1031 2473 1131 2503 suerat
1147 2473 1240 2505 Pola:
1272 2475 1325 2504 sed
1350 2464 1487 2504 secunda
1509 2483 1579 2502 enm
1602 2471 1725 2502 actione
1747 2471 1787 2501 ad

271 2511 318 2541 Ib.
345 2512 474 2552 Postea]
520 2513 646 2549 Coelius,
670 2517 740 2553 post
760 2513 988 2544 accusationem
1025 2514 1178 2555 judicium
1195 2516 1310 2546 Coelius
1326 2515 1492 2546 revocavit.

227 2553 370 2590 Antonii,
384 2555 427 2584 ita
440 2556 597 2595 superavit
607 2556 753 2596 mqualeS,
771 2562 804 2586 ut
816 2567 906 2587 uenio
920 2556 988 2598 plus

231 2597 350 2627 valeret
365 2597 396 2626 in
410 2597 488 2633 foro,
511 2598 570 2629 &a

272 2642 324 2670 47.
350 2639 478 2669 Paulum
502 2640 580 2670 haesz't
605 2641 644 2670 ad
668 2641 783 2682 metas]
842 2640 987 2682 Respicit

230 2683 269 2711 ad
287 2682 404 2713 curulia
419 2685 597 2718 certamina,
619 2683 649 2712 in
675 2684 785 2724 quibus
809 2690 905 2714 metas
928 2685 987 2715 cir-

231 2726 352 2765 cumagi
376 2726 550 2765 oportebat,
584 2727 760 2767 priusquam
792 2727 986 2765 vinceretur3

230 2768 326 2809 idque
341 2774 406 2799 erat
421 2769 638 2810 periculosum,
660 2780 699 2800 ne
714 2770 783 2811 quis
795 2770 992 2813 impingeret.

1075 2557 1123 2589 ΙΙ).
1155 2558 1272 2589 Nemini
1293 2558 1422 2589 ‘nostrum
1450 2555 1644 2596 obtemperat]
1706 2555 1790 2585 Patri

1030 2600 1188 2638 videlicet,
1213 2602 1334 2638 Crasso,
1359 2606 1391 2631 et
1413 2600 1568 2637 Ciceroni,
1592 2598 1702 2640 quibus
1726 2602 1790 2628 erat

1030 2644 1181 2680 assiduus,
1197 2644 1299 2674 nonin
1309 2643 1347 2674 eft
1359 2654 1390 2674 re
1401 2645 1605 2686 obtemperat,
1618 2641 1701 2683 quia,
1714 2640 1790 2688 ipsis

1032 2686 1294 2724 dissuadentibus,
1327 2687 1437 2718 iterum
1464 2686 1573 2717 Polam
1603 2684 1667 2727 agit
1689 2685 1722 2715 in
1737 2694 1790 2724 Ju—

1033 2729 1159 2760 dicium.
