1838 3017
704 143 766 177 m:
789 143 1016 176 Amicum.
1556 143 1641 185 509

139 218 266 265 XXI.
296 219 377 263 Est
393 219 522 263 etiam
543 220 665 277 quasi
682 220 879 284 quaedam
900 219 1120 262 calamitas
1141 218 1184 260 in
1204 216 1407 261 amicitiis
1426 217 1644 263 dimitten-

83 276 151 319 dis
172 292 478 333 nonnunquam
498 292 765 319 necessaria:
790 277 882 333 jam
904 277 1016 318 enim
1049 276 1075 318 ’ἶι
1105 275 1365 332 sapientium
1385 275 1644 318 familiarita-

82 335 197 379 tibus
226 336 279 376 ad
307 336 502 390 vulgares
533 334 745 376 amicitias
774 334 907 375 oratio
934 341 1081 375 nostra
1112 332 1337 374 delabitur.
1397 332 1642 389 Erumpunt

84 407 196 448 saepe
218 391 320 433 vitia
339 391 590 443 amicorum,
615 399 704 432 tum
724 391 766 431 in
787 389 904 446 ipsos
927 390 1103 442 amicos,
1124 398 1214 431 tuni
1246 389 1288 430 in
1320 389 1509 442 alienos;
1542 404 1646 446 quo-

83 463 176 498 rum
197 455 339 490 tamen
361 448 416 489 ad
447 447 609 490 amicos
641 447 851 489 redundet
884 447 1071 489 infamia.
1130 445 1254 487 Tales
1286 446 1417 502 igitur
1447 446 1647 488 amicitiae

83 511 184 547 sunt
203 504 454 546 remissione
481 505 582 545 usus
605 504 814 554 eluendae,
836 509 879 544 et
899 507 965 558 (ut
983 503 1196 545 Catonem
1219 502 1360 544 dicere
1382 502 1546 554 audivi)
1562 503 1647 545 dis,

83 560 257 602 suendae
287 562 423 617 magis
444 560 573 618 quam
594 560 913 610 discindendae;
944 560 1024 601 nisi
1046 560 1242 616 quaedam
1273 559 1503 600 admodum
1536 559 1647 602 into-

82 616 271 663 lerabilis
293 617 445 674 injuria
466 617 684 668 exarserit,
706 624 752 658 ut
783 631 922 672 neque
953 624 1117 657 rectum
1147 630 1286 671 neque
1317 615 1546 656 honestum
1577 617 1648 670 sit,

83 687 222 731 neque
246 674 335 716 fieri
367 675 518 731 possit,
539 681 588 716 ut
616 688 702 714 non
733 673 857 714 satim
889 673 1090 713 alienatio
1111 670 1430 728 disjunctioque
1451 672 1650 714 facienda

83 728 155 773 sit.
216 730 294 773 Sin
314 739 457 773 autern
479 739 554 772 aut
583 744 746 771 morum
776 736 850 769 aut
880 729 1118 770 studiorum
1150 727 1431 769 commutatio
1454 729 1649 784 quaedam

83 789 151 838 (ut
169 787 260 828 fieri
280 787 410 838 solet)
428 787 542 828 sacta
558 786 652 836 erit,
669 792 745 826 aut
764 784 808 826 iu
825 784 1069 840 reipublicae
1085 784 1276 841 partibus
1291 784 1504 827 dissensio
1518 785 1647 827 inter-

84 843 277 895 cesserit,
294 844 467 899 (loquor
487 843 600 884 enim
615 843 721 898 jam,
744 848 791 883 ut
810 842 938 898 paulo
956 841 1056 883 ante
1078 841 1184 893 dixi,
1201 855 1287 883 non
1304 841 1356 882 de
1374 842 1649 898 sapientium,

83 899 160 940 sed
181 899 235 941 de
252 899 553 942 communibus
570 898 788 950 amicitiis)
806 898 1044 940 cavendum
1064 898 1158 950 erit,
1175 913 1228 939 ne
1245 913 1332 940 non
1344 898 1482 940 solum
1500 899 1650 941 amici·-

81 955 154 997 tiae
175 955 398 1012 depositae,
409 956 485 998 sed
502 955 739 997 inimicitiae
757 955 886 996 etiam
904 962 1130 1011 susceptae,
1145 955 1386 996 videantur:
1409 955 1518 997 nihil
1535 955 1650 997 enim

86 1018 153 1058 est
171 1012 351 1068 turpiuS,
369 1012 501 1069 quam
522 1027 620 1054 cum
641 1026 692 1053 eo
712 1012 871 1053 bellum
892 1026 1051 1068 gerere,
1065 1012 1238 1068 quicum
1259 1011 1524 1054 familiariter
1535 1012 1651 1054 vixe-

84 1068 156 1111 ris.
205 1070 274 1111 Ab
291 1068 484 1111 amicitia
500 1069 555 1118 Q.
570 1068 767 1125 Pompeii
787 1083 884 1110 meo
908 1069 1079 1110 nomine
1099 1083 1144 1110 se
1165 1076 1402 1110 removerat
1425 1073 1492 1117 (ut
1510 1069 1650 1120 scitis)

85 1124 254 1182 Scipio:
275 1133 450 1183 propter
466 1126 778 1167 dissensionem
799 1133 958 1177 autem,
979 1141 1075 1182 quae
1097 1132 1187 1167 erat
1216 1127 1260 1166 in
1290 1123 1528 1182 republica,
1548 1126 1652 1168 alie-

85 1189 211 1224 natus
227 1191 293 1224 est
310 1182 335 1224 a
352 1182 522 1239 colleg-21
538 1190 685 1224 nostro
701 1182 895 1223 Metello.
927 1182 1166 1238 Utrumque
1180 1182 1269 1238 egit
1289 1182 1487 1238 graviter,
1505 1190 1652 1225 aucto-

86 1238 226 1290 ritate,
249 1246 292 1281 et
313 1238 551 1281 offensione
572 1238 703 1280 animi
726 1253 811 1280 non
834 1238 1004 1280 acerba.
1036 1239 1326 1287 Quamobrem
1346 1239 1529 1295 primum
1550 1241 1653 1282 dan-

86 1295 143 1347 da
162 1310 293 1353 opera
309 1302 390 1347 est,
406 1310 460 1337 ne
477 1311 563 1352 qua
578 1295 813 1337 amicorum
829 1295 1012 1337 discidia
1024 1296 1148 1347 fiant3
1180 1295 1247 1336 sin
1268 1296 1353 1337 tale
1374 1296 1537 1353 aliquid
1559 1311 1653 1339 eve-

85 1352 211 1405 nerit,
232 1360 282 1393 ut
311 1353 513 1394 extinctae
544 1352 689 1409 potius
721 1352 935 1404 amicitiae,
957 1352 1088 1408 quam
1109 1366 1339 1408 oppressae,
1361 1367 1456 1395 esse
1476 1353 1652 1395 videan-

85 1413 168 1457 tur.
227 1408 479 1451 Cavendum
498 1408 613 1458 vero,
634 1424 687 1450 ne
709 1408 839 1450 etiam
870 1409 914 1449 in
945 1424 1095 1465 graves
1125 1409 1375 1451 inimicitias
1397 1417 1653 1452 convertant

86 1479 133 1520 se
156 1465 378 1517 amicitiae3
409 1481 462 1508 ex
483 1465 640 1523 quibus
654 1466 815 1522 jurgia,
828 1466 1072 1518 maledicta,
1090 1466 1377 1518 contumeliae,
1392 1467 1653 1524 gignuntur3

86 1537 183 1578 quae
203 1529 346 1564 tamen
368 1522 402 1564 si
423 1523 662 1564 tolerabilia
683 1530 821 1574 erunt,
842 1522 1020 1564 ferenda
1049 1530 1164 1574 sunt,
1186 1530 1230 1564 et
1258 1523 1330 1564 hic
1359 1524 1498 1566 honos
1518 1523 1655 1567 veteri

85 1578 288 1623 amicitiae
306 1579 576 1631 tribuendus,
598 1586 647 1620 ut
668 1579 705 1620 is
726 1578 770 1620 in
792 1579 921 1635 culpa
952 1580 1023 1632 sit,
1046 1580 1119 1636 qui
1142 1579 1287 1629 faciat,
1308 1595 1393 1621 non
1415 1581 1489 1637 qui
1519 1580 1656 1638 patia-

85 1641 169 1687 tur,
190 1635 404 1693 injuriam.
465 1635 652 1677 Omnino
689 1635 878 1677 omnium
913 1636 1065 1678 horum
1095 1636 1294 1678 vitiorum
1330 1645 1459 1694 atque
1489 1637 1656 1679 incom-

87 1692 311 1734 modorum
342 1707 429 1734 una
458 1693 602 1734 cautio
635 1699 713 1743 est,
740 1699 869 1748 atque
897 1707 980 1734 una
1010 1693 1213 1748 provisiO,
1244 1701 1294 1735 ut
1324 1709 1378 1735 ne
1406 1694 1532 1736 nimis
1565 1693 1654 1735 cito

88 1748 267 1806 diligere
288 1749 512 1805 incipiant,
534 1764 641 1791 neve
663 1763 748 1790 non
768 1749 941 1804 dignos.
1001 1749 1136 1806 Digni
1160 1756 1305 1791 autem
1329 1757 1430 1792 sunt
1448 1749 1655 1802 amicitia,

87 1805 244 1864 quibus
274 1804 319 1846 in
349 1805 452 1862 ipsis
483 1806 596 1847 inest
626 1820 771 1857 causa,
804 1820 879 1847 cur
909 1805 1156 1862 diligantur.
1214 1806 1376 1848 Rarum
1409 1822 1570 1864 genus:
1614 1814 1658 1849 et

87 1862 265 1923 quidem
286 1861 430 1904 omnia
459 1863 663 1919 praeclara
693 1877 803 1914 rara;
834 1877 916 1904 nec
936 1863 1173 1919 quidquam
1194 1863 1426 1914 difficilius,
1448 1864 1579 1921 quam
1596 1879 1657 1906 re-

87 1918 241 1975 perire,
263 1919 380 1975 quod
400 1919 458 1960 sit
478 1919 594 1960 omni
615 1933 668 1961 ex
690 1926 809 1975 parte
831 1919 876 1960 in
896 1934 975 1961 suo
997 1933 1152 1975 genere
1169 1920 1422 1976 perfectum.
1459 1922 1546 1963 Sed
1565 1922 1658 1977 ple-

88 1975 209 2032 rique
240 1989 378 2031 neque
418 1975 462 2016 in
492 1976 619 2016 rebus
654 1975 852 2016 humanis
882 1975 1119 2031 quidquam
1154 1977 1316 2018 bonum
1361 1978 1533 2030 norunt,
1574 1977 1656 2020 nisi

90 2031 207 2090 quod
237 2031 506 2073 fructuosum
537 2031 614 2083 sit3
647 2038 691 2073 et
721 2031 899 2082 amicos,
930 2039 1150 2088 tamquam
1179 2034 1384 2088 pecudeS,
1417 2049 1492 2076 eos
1521 2033 1660 2091 potis-

88 2089 244 2131 simum
274 2087 471 2144 diligunt,
502 2102 555 2129 ex
586 2088 741 2145 quibus
777 2095 951 2144 sperant
992 2103 1037 2130 se
1077 2089 1312 2131 maximum
1342 2090 1529 2132 fructum
1559 2105 1655 2132 esse

91 2151 310 2202 capturos:
342 2144 404 2186 ita
432 2144 720 2202 pulcherrima
749 2144 823 2186 illa
853 2152 896 2186 et
925 2145 1112 2186 maxime
1138 2146 1321 2187 naturali
1343 2154 1490 2189 carent
1509 2147 1659 2189 amici-

87 2200 169 2253 ti'a,
190 2216 264 2258 per
284 2216 329 2242 se
352 2207 397 2242 et
416 2208 588 2257 propter
609 2215 653 2242 se
676 2201 942 2257 expetenda:
975 2217 1057 2243 nec
1087 2202 1169 2258 ipsi
1200 2202 1284 2244 sibi
1315 2205 1512 2261 exemplo
1544 2211 1658 2258 sunt,

90 2259 185 2301 haec
205 2258 269 2299 vis
291 2258 492 2300 amicitiae
512 2258 651 2315 qualis
672 2266 716 2299 et
734 2265 897 2314 quanta
926 2258 1007 2300 sit:
1039 2259 1131 2316 ipse
1151 2259 1264 2301 enim
1296 2276 1341 2302 se
1362 2261 1543 2318 quisque
1565 2261 1660 2302 dili-

93 2315 171 2372 git,
192 2329 280 2356 non
301 2322 349 2356 ut
377 2315 563 2371 aliquam
586 2314 612 2356 a
634 2330 680 2357 se
702 2316 794 2372 ipse
815 2315 1058 2357 mercedem
1079 2316 1226 2372 exigat
1245 2318 1435 2359 caritatis
1456 2333 1558 2370 suae,
1581 2318 1658 2359 sed

93 2370 211 2432 quod
230 2386 304 2428 per
324 2386 370 2413 se
391 2371 474 2413 sibi
496 2371 679 2428 quisque
702 2386 826 2413 carus
849 2378 937 2414 est:
971 2373 1090 2430 quod
1110 2373 1193 2414 nisi
1225 2373 1339 2416 idem
1359 2375 1403 2416 in
1423 2375 1658 2417 amicitiam

91 2428 383 2479 transferatur,
414 2443 539 2470 verus
582 2429 746 2470 amicus
791 2444 1013 2486 nunquam
1057 2430 1313 2486 reperietur:
1360 2439 1427 2474 est
1463 2432 1578 2475 enim
1620 2431 1659 2472 is

95 2485 270 2545 quidem
297 2492 518 2542 tamquam
548 2485 654 2528 alter
683 2485 810 2527 idem.
871 2486 1001 2534 Quod
1032 2486 1067 2528 si
1098 2487 1182 2528 hoc
1210 2495 1387 2545 apparet
1415 2488 1461 2530 in
1491 2487 1659 2541 bestiis,

94 2542 357 2595 volucribus,
388 2543 606 2594 nantibus,
636 2542 895 2600 agrestibus,
925 2543 1156 2595 cicuribus,
1177 2543 1293 2597 feris,
1324 2545 1506 2602 primum
1535 2551 1583 2585 ut
1612 2559 1660 2586 se

98 2598 173 2642 dili
206 2606 281 2641 ant
299 2600 403 2656 ipsae
424 2599 489 2652 (id
510 2599 624 2640 enim
644 2599 802 2656 pariter
823 2614 922 2641 cum
943 2600 1058 2642 omni
1087 2600 1301 2643 animante
1321 2602 1552 2653 nascitur);
1583 2600 1659 2643 de-

95 2655 170 2707 ind
198 2685 211 2707 ‚
232 2662 281 2698 ut
296 2656 519 2713 requirant
539 2663 669 2713 atque
701 2662 920 2713 appetant,
942 2657 997 2698 ad
1015 2672 1123 2714 quas
1145 2672 1190 2699 se
1211 2658 1444 2714 applicent,
1464 2656 1659 2713 ejusdem

97 2712 266 2769 generis
286 2713 548 2766 animantes3
579 2713 710 2771 idque
732 2711 899 2754 faciunt
917 2728 1015 2756 cum
1035 2713 1266 2766 desiderio,
1287 2721 1331 2755 et
1350 2729 1448 2756 cum
1469 2713 1662 2771 quadam

95 2767 378 2819 similitudine
399 2769 557 2828 amoris
576 2769 784 2826 humani;
811 2776 973 2830 quanto
1001 2770 1049 2814 id
1077 2772 1217 2829 magis
1246 2770 1292 2814 in
1320 2771 1497 2828 homine
1516 2771 1570 2824 fit
1585 2785 1669 2824 naq
