1790 3090
127 134 207 178 158

811 133 905 167 PRO
939 129 1152 167 MURENA.

197 225 315 254 anne
335 215 384 253 tu
405 211 510 252 dieis
530 211 662 251 causa
683 212 997 254 vindicaveris?
1018 225 1128 267 quae,
1151 209 1255 253 dum
1269 214 1388 252 erant
1406 209 1592 263 occulta,
1610 223 1758 253 neces-

123 267 180 309 70
197 267 324 319 sario,
341 268 395 309 ab
413 267 475 308 eis
489 265 562 322 qui
579 281 629 307 ea
649 266 667 290 ¹¹
678 268 894 319 tenebant,
907 267 1183 323 petebantur:
1205 266 1359 323 poste->1
1373 265 1472 308 vero
1490 268 1755 324 pervulgata,

196 324 343 380 iatque
362 324 404 364 in
418 322 614 364 manibus
622 323 790 378 jactata
805 330 848 365 et
860 338 1054 373 excussa,
1071 323 1322 366 inanissima
1333 322 1573 380 prudentiae
1589 331 1757 380 reperta

196 388 309 430 sunt,
333 379 494 420 fraudis
517 386 660 420 autem
679 386 723 420 et
742 379 938 421 stultitiae
953 380 1216 436 plenissima.

252 435 355 476 Vll.
388 435 514 486 Nam,
535 434 633 476 cum
645 437 854 491 permulta
865 435 1069 491 praeclare
1085 436 1254 491 legibus
1276 443 1421 478 essent
1440 436 1688 487 constituta,
1705 450 1758 477 ea

189 492 597 548 jurisconsultorum
616 491 822 547 aingeniis
843 493 1042 547 pleraque
1075 499 1276 547 corrupta
1303 507 1354 534 ao
1386 493 1616 549 depravata
1642 499 1759 534 sunt.

195 549 403 590 Mulieres
418 562 580 598 omnes,
602 554 775 603 propter
790 547 1078 588 infirmitatem
1098 548 1286 599 consilii,
1318 550 1499 604 majores
1513 549 1556 590 in
1569 555 1759 590 tutorum

193 612 411 660 potestate
432 619 526 646 esse
546 606 795 645 voluerunt:
826 604 871 645 hi
892 604 1149 645 invenerunt
1170 619 1326 660 genera
1341 611 1544 656 tutorum,
1561 619 1657 661 quae
1679 619 1757 660 po-

149 662 177 702 5
196 667 351 702 testate
381 661 606 702 mulierum
636 661 966 702 continerentur.

194 717 346 759 horum
366 717 539 773 ingenio
566 732 703 766 senes,
725 718 779 758 ad
801 717 952 813 co'emp

194 788 412 815 sacrorum
426 774 572 825 causti,
586 773 740 829 reperti
758 781 873 814 sunt.
925 773 929 776 ’

1027 660 1160 701 Sacra
1191 660 1363 702 interire
1398 661 1470 702 ille
1502 663 1756 702 noluerunt:

957 716 1098 758 tiones
1121 717 1357 768 faciendas,
1378 716 1758 758 interimendorum

947 789 974 814 n
992 773 1108 814 omni
1125 774 1309 835 denique
1324 774 1420 836 jure
1440 773 1555 814 civili
1577 773 1756 828 aequita-

192 836 280 871 tem
301 831 576 885 reliquerunt,
594 830 722 871 verba
742 830 837 885 ipsa
858 837 1110 881 tenuerunt3
1142 837 1203 880 ut,
1235 845 1337 886 qula.
1357 845 1400 870 1n
1423 829 1605 884 alicujus
1623 828 1757 880 libris,

193 886 378 948 exempli
402 886 550 936 causti,
582 886 627 926 id
647 900 801 926 nomen
823 887 1084 936 invenerant,
1116 886 1332 941 putarunt,
1366 900 1513 926 omnes
1542 885 1757 936 mulieres,

122 941 174 983 10
193 956 288 996 quae
310 941 628 996 coemptionem
648 942 852 992 facerent,
886 942 1015 983 Calas
1042 943 1197 984 vocari.

1256 943 1353 983 Jam
1384 942 1490 982 illud
1523 940 1629 982 mihi
1660 941 1756 997 qui-

192 999 292 1039 dem
322 997 475 1038 mirum
502 997 636 1039 videri
672 999 795 1048 solet,
829 1004 895 1040 tot
925 998 1136 1049 homines,
1170 1005 1260 1040 tam
1295 997 1559 1054 ingeniosos,
1595 1012 1670 1054 per
1691 1005 1758 1039 tot

220 1178 237 1200 ¹¹
246 1179 558 1231 intelligebant.
601 1177 608 1200 ⁵
613 1181 742 1232 propi
748 1180 794 1219 ris
806 1178 1074 1219 emzsiderata
1088 1182 1129 1219 et
1140 1180 1325 1231 cognita.
1371 1178 1727 1219 ainventiom‘bus.

234 1392 287 1422 68.
311 1390 435 1425 Quando
450 1396 476 1421 te
491 1391 630 1432 injure]
666 1388 805 1420 Actionis
820 1388 951 1420 formula

189 1439 238 1464 est
259 1433 290 1464 in
315 1439 469 1464 auctorem
493 1439 698 1474 praesentem3
721 1434 769 1462 hae
788 1438 889 1462 autem
907 1433 950 1463 ita

190 1476 357 1517 exponitur
372 1477 389 1506 a
401 1476 525 1507 Valerio
538 1476 652 1511 Probo,
664 1475 790 1509 Quando
804 1481 831 1505 te
844 1476 951 1515 injure

187 1521 335 1558 conspicio,
356 1520 466 1559 postulo
477 1530 517 1548 an
520 1518 598 1559 fuas
611 1525 721 1548 auctor.

233 1561 283 1592 It).
304 1562 359 1592 Sed
382 1572 457 1592 anne
479 1567 512 1591 tu
534 1562 604 1591 dicis
624 1560 739 1601 causa]
784 1559 856 1591 Vox
878 1559 948 1595 ista.

188 1604 270 1640 dicis,
290 1604 577 1644 jurisconsultorum
601 1609 660 1639 est,
691 1609 732 1638 et,
755 1608 790 1632 ut
814 1602 950 1642 explicat

188 1645 419 1683 Hotomannus,
443 1646 571 1687 perinde
585 1646 738 1686 significat
759 1655 794 1675 ac
809 1645 950 1675 simulan-

188 1689 222 1719 di
243 1690 342 1727 canai,
366 1690 416 1720 vel
434 1700 486 1729 per
499 1690 719 1719 simulationem.
764 1687 949 1718 Eustachius

187 1731 262 1762 vero
279 1737 380 1772 putat,
402 1733 474 1762 dicis
492 1731 569 1761 sumi
588 1742 644 1772 pro
659 1741 743 1761 more
766 1736 798 1760 et
819 1741 949 1761 consue-

189 1775 311 1805 tudine.
355 1775 465 1812 Varro,
481 1774 534 1804 lib.
551 1776 582 1804 5.
599 1775 639 1804 de
656 1773 732 1803 L.L.
746 1784 801 1812 pro
812 1784 849 1803 eo
861 1774 947 1814 quod

189 1826 252 1847 non
261 1816 350 1852 serio,
361 1818 416 1847 sed
430 1816 637 1856 perfunctorie
647 1817 692 1845 fit.
721 1815 834 1856 Itaque
847 1816 947 1846 varius

190 1869 258 1890 esse
278 1865 382 1901 potest
401 1870 506 1890 sensus
521 1858 609 1899 hujus
621 1859 794 1897 sententiae,
817 1869 892 1888 anne
913 1865 948 1889 tu.

190 1903 262 1933 diois
300 1902 388 1932 causa
421 1902 628 1932 vindicaveris?
679 1900 765 1942 quasi
809 1901 947 1931 diceret:

190 1956 266 1975 anne
291 1951 325 1974 tu.
342 1946 501 1975 simulandi
523 1944 610 1974 causti⁷
639 1950 671 1974 tu
697 1950 781 1974 tuum
808 1943 888 1973 illud
916 1954 950 1973 ac

186 1989 340 2028 proprium
365 1988 530 2017 asseruisti?
564 1986 613 2016 vel
643 1997 695 2026 pro
720 1997 796 2015 more
827 1991 854 2016 et
883 1996 950 2016 con-

190 2032 358 2060 suetudine.-
395 2030 456 2065 vel,
486 2041 543 2060 non
570 2029 640 2059 serii)
674 2030 721 2059 sed
745 2027 950 2069 perfunctorie.

193 2072 285 2108 Sane,
298 2072 368 2103 cum
383 2078 530 2102 truncatae
545 2072 606 2101 sint
621 2077 653 2102 et
665 2071 813 2100 mutilatae
827 2076 951 2101 senten.

192 2116 243 2146 tiae
259 2127 297 2146 ex
311 2116 467 2145 veteribus
477 2113 714 2155 jurisconsultis,
738 2124 806 2153 quae
823 2124 884 2143 non
897 2124 950 2143 ex-

193 2164 276 2189 stant
291 2157 434 2199 amplin3,
460 2168 513 2188 eas
529 2158 569 2187 ad
591 2167 695 2186 verum
713 2167 835 2187 sensum
852 2156 952 2196 expli-

192 2210 264 2232 care
280 2201 347 2241 quis
359 2200 476 2242 possit?
499 2199 570 2230 cum
591 2199 623 2229 in
638 2199 702 2230 istis
719 2204 838 2229 tanturn
853 2210 952 2239 nuge-

193 2248 241 2274 tur
257 2244 379 2275 Cicero.

237 2289 267 2319 3.
291 2286 329 2316 In
355 2292 486 2316 tutorum
513 2285 673 2324 potestate]
717 2283 858 2325 Antiquo
877 2283 948 2323 jure

194 2329 336 2359 mulieres
352 2330 408 2359 sub
423 2328 576 2369 perpetua
599 2326 695 2357 tutela.
713 2332 799 2357 erant
813 2337 822 2364 3
845 2337 948 2367 neque

193 2378 292 2401 ratum
308 2372 339 2401 id
358 2373 539 2406 habebatur,
555 2371 639 2411 quod
651 2369 669 2399 ῖι
682 2370 807 2400 muliere
819 2369 885 2399 sine
902 2376 949 2399 tu-

195 2414 268 2444 toris
294 2414 474 2444 auctoritate
499 2419 621 2453 gestum
650 2417 726 2442 erat.
777 2411 815 2440 Id
843 2417 948 2441 autem

193 2456 213 2486 ὲ
229 2456 348 2497 legibus
362 2456 599 2487 Atheniensium
614 2455 655 2485 ad
674 2454 830 2484 Romanos
851 2460 948 2484 trans-

192 2499 288 2530 latum
304 2499 372 2530 fuit.

237 2546 269 2573 4.
315 2542 458 2572 Potestate
501 2542 656 2571 mulierum
704 2539 946 2579 continerentur]

194 2585 338 2616 Andreas
350 2585 491 2615 Alciatus
502 2585 580 2614 hanc
592 2588 775 2624 potestatem
793 2583 836 2613 sic
852 2582 951 2623 expli-

195 2634 257 2664 cat,
280 2629 396 2668 aitque,
420 2627 560 2657 Mulieres
586 2637 674 2656 servus
698 2635 762 2655 suos
785 2627 876 2655 actori
892 2636 949 2664 pu-

196 2671 266 2701 blico
294 2672 470 2706 οοηοεεείεεες
492 2675 530 2704 et,
557 2675 704 2709 postquam
725 2669 833 2707 publici
858 2667 952 2709 effecti

194 2721 293 2752 essent,
313 2713 478 2753 procurrisse
502 2711 550 2742 uti
577 2713 629 2741 sibi
653 2713 685 2742 in
711 2717 817 2741 tutores
845 2712 951 2741 daren-

195 2762 257 2789 tur.
313 2756 428 2789 Etenim
453 2755 524 2788 cales
550 2754 632 2787 hodie
659 2764 766 2796 quoque
788 2764 845 2786 non
861 2752 953 2795 plane}

993 1390 1065 1420 servi
1084 1395 1152 1420 sunt
1163 1399 1175 1426 ‚·
1204 1399 1254 1419 nec
1275 1387 1368 1430 magis
1390 1388 1409 1418 ἰι
1436 1388 1527 1419 tuteld
1552 1389 1646 1430 rejici,
1668 1389 1756 1430 queim

992 1434 1087 1463 caeteri
1113 1432 1265 1468 tabularii,
1285 1438 1420 1471 possunt.-
1453 1438 1481 1462 et
1503 1438 1597 1462 tamen
1623 1443 1673 1462 nec
1695 1443 1756 1462 om·

992 1475 1062 1504 nino
1086 1475 1166 1505 liberi
1188 1476 1324 1504 videntur
1333 1486 1345 1511 ;
1367 1480 1394 1504 et
1406 1481 1522 1513 propter
1541 1475 1680 1514 reliquias
1691 1476 1755 1514 pri-

992 1519 1048 1547 oris
1066 1518 1198 1552 dominii,
1226 1517 1321 1557 aliquo
1341 1518 1423 1547 modo
1446 1523 1565 1557 possunt
1583 1518 1643 1548 dici
1662 1524 1755 1556 potes-

993 1566 1052 1590 tate
1063 1560 1218 1589 mulierum
1229 1561 1379 1590 contineri.

1037 1604 1068 1633 5.
1091 1602 1180 1632 Sacra
1193 1602 1340 1642 interim]
1386 1602 1503 1632 Praeter
1518 1611 1604 1632 sacra
1616 1603 1755 1642 publica,

994 1649 1081 1675 erant
1096 1646 1189 1674 etiam
1204 1645 1324 1685 privata
1338 1645 1371 1675 in
1385 1645 1521 1681 familiis,
1544 1655 1614 1686 quae
1641 1656 1755 1687 perpe·

994 1686 1047 1718 tuo
1062 1688 1336 1718 conservabantur.

1036 1731 1067 1760 6.
1102 1730 1245 1770 Horum]
1306 1729 1598 1760 Jririsconsultorum
1622 1729 1750 1771 ingenio

990 1779 1025 1803 et
1039 1773 1177 1813 argutiis,
1199 1772 1492 1814 exstinguendorum
1508 1783 1661 1804 sacrorum
1676 1775 1754 1804 ratio

991 1821 1118 1846 lnventa
1135 1821 1193 1846 est.

1034 1857 1084 1888 Ib.
1128 1858 1176 1888 Ad
1196 1857 1569 1900 co‘e'mptimresfaciendas]
1617 1858 1679 1889 Per
1700 1868 1755 1888 co-

992 1900 1176 1941 emptiones,
1199 1900 1393 1930 matrimonia
1416 1900 1575 1941 intelligit,
1598 1911 1668 1941 quae
1695 1911 1751 1941 per

993 1943 1223 1983 coemptionem
1246 1943 1382 1979 fiebant3
1405 1943 1560 1984 coemptio
1584 1943 1657 1973 vero
1687 1954 1753 1973 cer-

991 1985 1029 2014 tis
1045 1985 1292 2015 sollennitatibus
1308 1986 1528 2024 peragebatur3
1551 1990 1583 2015 et
1593 1996 1660 2016 sese
1674 1985 1753 2016 invi-

992 2038 1059 2058 cem
1075 2027 1332 2058 communicando
1352 2028 1603 2068 interrogabant;
1628 2029 1674 2058 vir
1697 2029 1752 2064 ita,

993 2080 1032 2100 an
1049 2070 1106 2100 sibi
1119 2071 1226 2100 mulier
1241 2070 1469 2100 materfamilias
1482 2081 1548 2101 esse
1561 2070 1673 2100 vellet?
1697 2071 1750 2101 illa

991 2113 1211 2154 respondebat,
1228 2112 1318 2144 velle.
1361 2112 1443 2143 Item
1459 2113 1567 2144 mulier
1580 2113 1750 2154 interroga-

993 2156 1057 2191 bat,
1074 2166 1113 2186 an
1129 2156 1173 2185 vir
1187 2155 1473 2196 sibipaterfamilifis
1486 2166 1554 2187 esse
1565 2156 1679 2192 vellet3
1694 2156 1749 2186 ille

992 2199 1212 2238 respondebat,
1229 2198 1308 2228 velle
1321 2209 1329 2236 3
1344 2198 1451 2239 itaque
1462 2199 1570 2229 mulier
1581 2199 1612 2228 in
1626 2209 1749 2229 manum

992 2241 1047 2271 viri
1060 2242 1275 2276 conveniebat,
1299 2246 1332 2271 et
1352 2241 1540 2272 vocabantur
1565 2243 1613 2272 11ae
1634 2242 1751 2282 nuptiae

987 2295 1041 2324 per
1054 2285 1262 2323 co‘c'mptionem.

1035 2326 1083 2357 Ib.
1098 2326 1507 2358 Interimendorumsacrorum
1517 2325 1630 2366 causi]
1651 2325 1750 2356 Nulla

993 2370 1079 2410 prole
1096 2369 1269 2410 procreata,
1285 2370 1404 2409 privata
1418 2379 1504 2398 sacra
1519 2368 1697 2399 interibant.

1037 2415 1089 2442 10.
1116 2414 1199 2444 Caias
1211 2412 1333 2452 vocari]
1380 2410 1459 2442 Cum
1470 2411 1638 2446 nubebant,
1654 2421 1748 2451 spon-

993 2463 1026 2483 sa
1041 2455 1247 2495 ingrediendo
1263 2454 1370 2494 sponsi
1385 2455 1510 2484 domum
1529 2453 1666 2492 dicebat,
1694 2453 1752 2483 Ubi

991 2502 1026 2526 tu
1050 2497 1146 2534 Caius,
1173 2509 1223 2538 ego
1247 2497 1336 2527 caia.-
1373 2496 1404 2525 id
1433 2501 1491 2529 est,
1515 2497 1567 2526 ubi
1591 2502 1625 2528 tu
1658 2497 1751 2526 domi-

992 2549 1058 2575 nus,
1083 2551 1133 2581 ego
1155 2541 1243 2576 herem
1267 2539 1338 2578 quia
1366 2537 1438 2568 vero
1465 2538 1543 2568 Caia
1570 2538 1750 2574 Caeciliana,

992 2581 1153 2623 Tarquinii
1169 2582 1265 2613 Prisci
1276 2581 1355 2621 regis
1365 2591 1450 2616 uxor,
1465 2591 1527 2620 prae
1539 2581 1657 2611 caeteris
1666 2581 1751 2611 cele-

992 2625 1079 2655 brata
1100 2631 1158 2659 est,
1187 2631 1219 2656 et
1244 2624 1361 2664 optima
1386 2622 1508 2654 lanifica
1529 2624 1605 2654 fuit:
1627 2624 1752 2654 institu-·

994 2671 1056 2697 tum
1072 2667 1141 2704 suit,
1163 2672 1197 2698 ut
1212 2677 1301 2697 novae
1317 2671 1433 2706 nuptae‚
1457 2671 1528 2696 ante
1541 2665 1669 2707 januam
1685 2676 1752 2696 ma-

993 2709 1042 2740 riti
1066 2710 1262 2753 interrogatae
1288 2710 1330 2741 de
1349 2709 1488 2747 nomine,
1509 2720 1544 2741 se
1559 2709 1651 2741 Gaias
1664 2709 1754 2742 dice·

992 2757 1072 2788 rent·
