1858 3095
659 163 710 194 ΙΝ
735 161 992 195 CATILINAM
1015 163 1076 194 IV.

86 239 176 296 qui,
197 239 294 281 cum
311 239 395 282 sibi
408 239 603 282 viderent
616 254 711 282 esse
729 239 1010 296 pereundum,
1025 254 1124 281 cum
1141 239 1343 281 omnibus
1359 239 1503 296 potius
1520 244 1651 297 quam

86 296 168 338 soli
189 297 323 353 perire
345 297 581 338 voluerunt.

642 296 788 338 Hosce
811 311 892 353 ego
925 296 1121 338 homiues
1143 312 1221 338 exc

1227 297 1236 337 i
1272 296 1312 339 io
1335 304 1379 338 et
1398 310 1576 338 secerno
1600 301 1650 339 li-

86 353 260 405 benter3
291 368 431 409 neque
451 352 565 394 enim
586 353 631 394 in
658 353 950 409 improborum
971 354 1145 405 civium,
1180 313 1326 396 seXin
1352 353 1649 396 acerbissimo-
1666 358 1719 397 45

82 424 176 452 rum
202 411 401 459 hostium,
435 424 610 451 numero
645 410 868 452 habendos
896 417 1016 466 puto.

1076 411 1233 453 Caeteri
1253 409 1353 451 vero
1374 410 1452 462 (dii
1475 410 1648 452 immor-

82 468 191 510 tales
206 467 234 518 !)
263 467 353 522 qua
381 466 661 522 cfrequentifi‚
692 481 779 523 quo
801 467 959 520 studio,
990 467 1078 524 quii
1098 468 1268 518 virtute,
1299 467 1353 508 ad
1375 481 1647 510 communem

83 524 338 580 dignitatem
367 523 635 580 salutemque
667 524 966 566 consentiunt!

1028 524 1144 572 Quid
1172 539 1253 580 ego
1275 522 1348 565 hic
1369 524 1537 579 equites
1559 524 1648 566 Ro-

83 595 233 622 manos
252 582 613 622 commemorem?
653 581 726 637 qui
747 581 869 622 vobis
891 581 951 622 ita
970 595 1181 622 summam
1204 580 1366 621 ordinis
1388 581 1644 637 consiliique

84 636 342 688 concedunt,
352 644 402 678 ut
413 637 636 679 vobiscum
650 639 703 679 de
718 652 859 678 amore
871 636 997 692 Reip.
1015 644 1199 684 certent;
1223 651 1332 692 quos
1346 651 1397 689 Q(
1414 638 1645 679 multorum
1665 622 1851 699 5(,’)α[ῑί4ίὶ’ῖιἰ

80 707 288 734 annorum
308 694 593 747 dissensione,
612 694 668 736 ad
687 695 816 749 hujus
833 693 995 735 ordinis
1011 693 1265 735 societatem
1282 693 1646 750 concordiamque

79 757 318 802 revocatos,
349 751 582 792 hodiernus
605 751 698 792 dies
719 750 945 792 vobiscum
967 757 1097 806 atque
1118 750 1212 792 haec
1231 765 1364 792 causa
1392 751 1644 807 conjungit3

78 821 207 862 quam
223 808 574 864 conjunctionem
587 807 638 859 si,
651 807 697 848 in
714 807 940 849 consulatu
955 807 1253 848 confirmatam
1269 822 1380 859 meo,
1393 814 1645 864 perpetuam

78 863 121 904 in
137 878 211 920 rep
273 863 361 908 lica
379 864 657 916 tenuerimus,
687 863 920 906 dconfirmo
937 864 1076 916 vobis,
1096 865 1260 906 nullum
1280 865 1464 920 posthac
1486 865 1644 907 malum

78 919 204 962 civile

327 921 614 963 domesticum
645 921 701 962 ad
727 921 860 962 ullam
891 920 1080 985 Reipub.
1101 927 1268 978 partem
1290 936 1384 963 esse
1404 928 1643 964 venturum.
1661 926 1716 965 55

79 976 180 1018 Pari
195 978 339 1019 studio
354 978 639 1020 defendendae
647 978 832 1034 Reipub.
846 992 1098 1021 convemsse
1112 979 1238 1019 video
1252 978 1447 1019 tribunos
1459 979 1643 1028 aerarios,

77 1033 333 1077 fortissimos
354 1035 494 1087 viros;
525 1035 688 1077 scribas
705 1035 809 1076 item
824 1035 1046 1077 universos
1063 1052 1073 1086 3
1106 1050 1213 1091 quos
1230 1034 1327 1076 cum
1344 1050 1447 1077 casu
1464 1036 1536 1077 hic
1550 1037 1642 1078 dies

78 1091 133 1132 ad
147 1092 340 1132 aerarium
352 1092 602 1148 frequentes
616 1092 1023 1144 advocasset,video
1038 1093 1093 1133 ab
1111 1092 1434 1149 exspectatione
1447 1092 1574 1143 SQtis
1588 1094 1643 1134 ad
1658 1087 1807 1130 stesolt

78 1163 352 1190 communem
386 1150 566 1190 salutem
598 1163 693 1190 esse
728 1163 972 1191 conversos.
1153 1149 1159 1155 “

78 1205 327 1257 multitudo,
349 1206 479 1246 etiam
504 1205 890 1248 ‘tenuissimorunm

1033 1149 1187 1190 Omnis
1208 1149 1492 1205 ingenuorum
1520 1150 1646 1191 adest

77 1263 251 1319 templa,
268 1262 502 1318 adspectus
517 1263 647 1311 urbis,
663 1263 881 1319 possessio
894 1262 1120 1314 libertatis,
1135 1264 1209 1304 lux
1225 1263 1410 1319 denique
1427 1263 1521 1305 haec
1535 1264 1643 1320 ipsa,

78 1326 124 1360 et
143 1319 228 1361 hoc
247 1333 474 1360 commune
494 1318 643 1375 patriae
663 1320 818 1371 solum,
854 1319 951 1361 cum
982 1319 1039 1360 sit
1072 1334 1232 1371 carum,
1263 1326 1357 1361 tum
1387 1319 1485 1361 vero
1517 1321 1642 1362 dulce

77 1382 209 1432 atque
231 1375 501 1432 jucundum?
560 1374 734 1432 ‘Operae
767 1376 952 1433 pretium
984 1382 1064 1426 est,
1101 1377 1152 1418 P.
1170 1376 1222 1418 C.
1249 1376 1545 1418 libertinorum
1566 1378 1744 1427 ho-WZJ,

76 1432 242 1476 minum
279 1432 425 1475 studia
458 1447 738 1490 cognoscere,
780 1432 871 1491 qui,
901 1433 983 1475 sua
1011 1433 1170 1476 virtute
1199 1433 1415 1476 fortunam
1453 1433 1643 1476 civitatis

73 1606 391 1656 ‘multitudine,
400 1605 620 1655 desiderio,
620 1605 908 1704 sot-stitudz‘nec}
951 1603 1184 1658 dpromitto.
1235 1607 1645 1661 epauperrimorum.

709 1667 773 1704 est
791 1677 859 1704 res
909 1664 1026 1717 igna.

118 1852 174 1882 44.
196 1847 288 1881 Hasce
316 1848 467 1891 homines]
526 1848 670 1881 Secernit
695 1848 839 1890 conjura-

74 1898 137 1930 tos,
159 1892 240 1925 viros
253 1893 367 1936 impios
379 1899 411 1924 et
421 1893 565 1930 infames,
588 1892 606 1923 a
629 1893 748 1924 caeteris
762 1893 839 1925 civi·

76 1937 146 1968 bus.

121 1981 174 2010 47.
210 1980 260 2010 Ad
291 1989 467 2011 communem
502 1977 705 2021 dignitatem]
775 1979 837 2010 Per

76 2032 272 2053 communem
282 2023 477 2063 dignitatem,
494 2022 668 2054 libertatem
680 2021 838 2063 intelligit,

76 2065 141 2106 qua
154 2065 232 2096 nihil
246 2066 365 2096 homini
385 2065 494 2096 melius
508 2071 565 2096 est.

121 2110 174 2139 49.
206 2108 353 2140 Summam
386 2109 525 2150 ordinis]
582 2107 644 2139 Per
687 2122 839 2142 summam

77 2151 205 2187 ordinis,
239 2162 393 2182 summum
426 2151 601 2191 imperium,
635 2164 690 2185 seu
722 2154 837 2196 primas

76 2194 217 2236 Reipub.
239 2200 354 2236 partes,
379 2194 505 2235 accipit,
533 2205 610 2236 quas
628 2196 673 2227 ita
699 2197 839 2238 proprias

75 2238 199 2269 senatui
221 2248 290 2268 esse
310 2238 468 2274 concedit,
491 2243 525 2267 ut
540 2244 643 2270 tamen
657 2240 748 2271 nullis
763 2251 838 2272 con-

74 2281 190 2313 cedant
205 2281 327 2322 equites
342 2291 444 2311 amore
460 2281 492 2311 in
507 2280 666 2323 Rempub.

117 2326 171 2355 50.
231 2323 398 2356 Multorum
448 2334 593 2354 annorum
637 2326 836 2367 dissensione]

74 2367 202 2398 Tulerat
238 2366 450 2408 Sempronius,
485 2367 624 2399 tribunus
651 2369 764 2410 plebis,
794 2369 836 2405 Q.

75 2409 204 2441 Caecilio
233 2415 266 2441 et
291 2410 330 2441 T.
360 2409 490 2446 Quintio
517 2410 607 2444 Coss.
631 2422 712 2442 anno
742 2411 836 2443 Urbis

75 2453 300 2484 sexcentesimo
329 2453 495 2490 tricesimo,
535 2459 569 2484 ut
595 2453 728 2495 judicia,
765 2466 835 2496 quae

76 2496 175 2535 penEs
203 2502 345 2528 senatum
373 2496 509 2533 fuerant,
535 2497 577 2527 ad
606 2499 687 2529 solos
713 2499 835 2540 equites

75 2539 320 2574 transferrentur.
372 2539 457 2570 Hinc
481 2550 603 2580 semper
626 2542 836 2572 dissenserunt

75 2586 234 2613 senatores
247 2583 287 2613 ab
303 2582 468 2624 equitibus.
523 2582 640 2615 Postea
655 2584 674 2614 a
688 2584 778 2626 Sylla
793 2584 833 2616 ab

77 2624 234 2666 equitibus
247 2626 288 2657 ad
302 2631 460 2659 senatores
474 2626 624 2659 translata
641 2634 725 2666 sunt,
749 2637 833 2658 anuo

76 2667 297 2700 sexcentesimo
311 2669 540 2711 septuagesimo
555 2671 662 2710 tertio3
691 2670 831 2712 denique

77 2721 161 2742 anno
188 2712 411 2744 sexcentesimo
439 2713 631 2754 octogesimo
672 2713 775 2751 terlio,
812 2713 832 2744 ὃ,

75 2753 185 2792 Cotta,
194 2754 399 2792 senatoribus,
404 2755 572 2797 equitibus,
580 2756 749 2789 ettribunis
757 2766 835 2787 απα-

72 2796 142 2839 tiis,
159 2797 397 2833 ammonicam
414 2803 511 2839 aunt}
533 2804 632 2843 atque
651 2800 701 2834 ita
724 2809 836 2834 omnes

883 1849 1006 1881 ordines
1021 1850 1061 1880 ad
1078 1848 1279 1881 concordiam
1293 1849 1427 1882 revocati
1442 1855 1524 1882 sunt.

925 1894 980 1924 56.
1003 1893 1144 1924 Tribunos
1156 1893 1300 1934 cerarios]
1343 1893 1495 1925 Tribunos
1523 1893 1644 1925 oerarios

879 1936 1011 1967 dicimus
1039 1942 1192 1976 receptores
1218 1936 1375 1978 generales,
1410 1937 1524 1978 quibus
1550 1937 1645 1968 etiam

880 1990 952 2010 cum
981 1985 1091 2011 senatu
1118 1979 1152 2010 in
1185 1979 1322 2020 equestri
1357 1979 1466 2010 ordine
1497 1979 1644 2010 Aurelius

883 2022 978 2053 Cotta
992 2029 1115 2064 praetor,
1137 2022 1207 2063 lege
1223 2022 1297 2062 lata,
1315 2022 1482 2064 judicandi
1505 2028 1645 2064 potesta-

881 2070 944 2096 tem
956 2066 1044 2097 fecit.

925 2109 981 2140 57.
1001 2109 1139 2149 Scribas]
1195 2107 1368 2138 Scribarum
1395 2107 1472 2138 ordo
1497 2108 1644 2139 honestus

883 2156 964 2182 erat:
990 2162 1098 2183 eorum
1126 2157 1192 2181 erat
1214 2161 1324 2181 munus
1345 2155 1415 2181 acta
1431 2151 1556 2191 publica
1571 2152 1645 2182 scri-

880 2195 965 2227 bere.
1010 2195 1094 2226 Vide
1109 2194 1262 2224 actionem
1286 2193 1427 2234 quintam
1449 2194 1481 2224 in
1501 2194 1643 2230 Verrem,

882 2238 937 2268 ubi
952 2237 1018 2269 fuse
1033 2239 1073 2269 de
1089 2237 1126 2267 iis
1142 2237 1277 2278 loquitur
1293 2236 1416 2268 Cicero.

925 2282 980 2314 58.
1005 2280 1219 2320 Exspectatimze
1242 2280 1350 2320 sortia]
1404 2280 1493 2310 Sorte
1506 2279 1645 2310 ministe-

881 2324 927 2355 ria
951 2325 992 2355 ad
1019 2324 1158 2355 aerarium
1180 2324 1370 2363 praestabant
1392 2323 1520 2353 scribae:
1547 2323 1642 2352 innuo

880 2377 986 2398 eorum
1010 2367 1128 2398 sortitio
1144 2366 1249 2402 fiebat,
1266 2367 1318 2406 qui
1341 2365 1373 2395 in
1396 2365 1567 2406 provincias
1593 2376 1643 2396 sc-

879 2415 1048 2452 querentur
1062 2409 1269 2450 magistratus.

923 2455 978 2485 59.
1000 2452 1227 2494 Ingenuam-um]
1265 2450 1400 2492 Ingenui
1415 2452 1571 2487 dicuntur,
1588 2452 1643 2492 qui

879 2497 995 2536 statim,
1018 2507 1054 2527 ac
1070 2501 1248 2531 nascuntur,
1263 2495 1351 2525 liberi
1362 2500 1444 2526 suut.
1477 2495 1561 2525 Vide
1573 2494 1640 2525 Cic.

878 2540 934 2570 lib.
952 2543 982 2570 1.
1000 2540 1041 2570 de
1056 2539 1255 2575 Inventione,
1270 2538 1323 2568 ubi
1339 2539 1377 2568 de
1390 2538 1426 2568 iis
1443 2538 1518 2579 agit.

923 2584 974 2613 63.
999 2581 1218 2614 Liba-tinorum
1250 2580 1425 2620 hominum]
1489 2580 1642 2610 Libertini

879 2625 1033 2663 dicuntur,
1056 2626 1111 2667 qui
1126 2636 1163 2657 ex
1179 2624 1267 2666 justa
1288 2625 1435 2656 servitute
1463 2623 1643 2653 manumissi

876 2675 969 2706 sunt;
1001 2674 1034 2699 et
1056 2669 1124 2711 qui,
1148 2668 1302 2710 probitate
1324 2673 1356 2698 et
1376 2665 1557 2697 fortitudine
1584 2665 1642 2696 sua.

875 2711 958 2743 bene
981 2713 1129 2743 merendo
1152 2712 1193 2742 de
1216 2711 1362 2748 dominis,
1382 2710 1526 2742 libertate
1550 2708 1641 2742 etci-

876 2755 976 2787 vitate
990 2755 1100 2788 donati
1112 2761 1195 2788 sunt.

1647 166 1726 211 137

971 1205 1079 1254 Quis
1102 1213 1169 1248 est
1188 1206 1317 1257 enim,
1351 1207 1420 1248 cui
1441 1220 1528 1247 non
1549 1207 1643 1248 haec
1662 1208 1717 1249 60
