1858 3095
581 172 632 207 IN
656 170 1192 211 CECILIUM,D1VINATIO
1676 174 1728 217 21

90 255 309 305 tamquam
322 249 464 306 aliquo
481 248 644 290 Circoeo
661 250 865 306 poculo‚l
867 249 994 290 actus
1009 256 1075 290 est
1091 249 1271 292 Verres·
1304 249 1414 291 redit
1434 249 1487 290 ad
1510 265 1570 302 se,
1583 258 1648 294 at-

87 320 203 361 que
193 307 247 347 ad
279 322 417 349 mores
437 320 566 347 suos:
598 321 696 347 nam
724 320 775 347 ex
808 305 871 347 ills
867 321 880 345 ι
906 306 1090 361 pecunia
1112 321 1312 348 maenam
1340 313 1504 369 partem
1523 308 1578 348 ad
1599 323 1645 350 se

85 363 225 412 vertit,
240 363 404 404 mulieri
419 362 607 404 reddidit
619 363 873 418 quantulum
895 377 1032 403 Visum
1050 370 1128 404 est.
1183 344 1275 404 *Hic
1297 371 1360 413 tu,
1382 378 1417 404 Sl
1440 364 1589 405 laesum
1602 371 1646 405 te

86 435 108 460 a
130 396 259 482 Veri-e
279 433 373 460 esse
394 419 530 470 diceS‚
562 421 711 474 patiar,
745 426 788 460 et
809 420 1070 460 concedam:
1104 420 1139 460 si
1151 419 1361 487 injuriam
1383 419 1461 460 tibi
1484 420 1644 461 factam

83 475 286 538 quereris,
307 475 551 525 defendam,
565 484 608 517 et
624 476 806 531 negabo.
867 475 1053 526 Deinde,
1074 476 1156 517 de
1149 491 1204 532 1nJ
1214 491 1304 518 urla
1323 491 1419 532 quae
1438 475 1643 518 tibifacta
1664 476 1715 518 10

84 533 156 583 sit,
176 546 386 573 neminem
417 532 608 573 nostium
629 547 675 588 σι
679 533 863 574 aviolem
886 533 1098 574 vindicem
1123 547 1216 573 esse
1239 539 1421 594 oportet,
1442 548 1576 588 quam
1597 540 1641 575 te

84 589 237 652 ipsum,
259 588 327 630 cui
356 588 471 630 facta
491 569 660 630 dicitui.
693 590 738 629 si
761 598 807 630 tu
829 604 927 630 cum
948 590 1019 630 illo
1038 596 1172 644 poste·
1165 588 1190 629 ἷι
1214 589 1257 630 in
1278 589 1459 651 gratiam
1477 589 1639 642 redisti,

82 660 119 686 ει
133 645 248 686 domi
265 645 379 686 illius
394 646 622 702 aliquoties
640 646 775 696 fuisti,
793 645 828 686 si
847 646 916 686 ille
931 646 1044 701 apud
1059 652 1100 686 te
1114 654 1250 700 poste·
1243 662 1268 686 ι
1285 646 1487 696 coenavit,
1498 645 1639 688 utram

80 709 123 742 te
139 702 417 757 perfidiosum
433 717 487 743 an
504 702 871 758 praevar-icatmem
895 702 1130 742 existimaii
1160 702 1321 743 mavis?
1381 702 1520 744 Video
1543 717 1638 745 esse

79 771 256 800 necesse
271 759 544 800 alterutrum·
577 759 653 800 sed
687 773 767 814 ego
791 766 934 800 tecum
957 759 1001 799 in
1031 773 1081 800 eo
1105 773 1191 799 non
1214 759 1433 822 pugnabo,
1469 760 1638 815 quomi-
1660 761 1710 803 15

78 829 174 866 nus,
212 822 355 857 utrum
393 816 514 867 velis,
545 816 695 872 eligas
771 815 929 864 aQuid,
961 814 996 857 si
1037 829 1090 856 ne
1122 815 1286 871 injunae
1318 816 1506 871 quidem,
1539 832 1638 873 quae

77 870 158 912 tibi
179 871 233 913 ab
255 871 328 913 illo
346 872 461 914 facta
481 873 551 921 sit,
572 887 704 914 causa
718 872 935 914 remanet?
966 888 993 928 q
998 872 1071 913 uid
1091 872 1239 923 habes,
1270 873 1386 929 quod
1408 873 1549 928 possis
1572 873 1638 914 di-

78 942 189 980 cere,
210 929 489 984 quamobrem
509 943 596 970 non
612 928 738 971 modo
755 929 874 981 mihi,
905 889 993 970 sedl
997 929 1212 985 cuiquam,
1234 937 1518 992 anteponare.
1505 930 1522 959 ”²
1554 929 1638 971 nisi

77 983 185 1026 forte
207 985 330 1037 illud,
351 987 467 1042 quod
489 986 704 1027 dicturum
724 993 765 1027 te
788 1001 883 1027 esse
905 986 1050 1037 audio,
1082 993 1340 1042 quaestorem
1356 986 1468 1027 illius
1489 986 1636 1028 fuisse.

77 1041 183 1089 Quae
217 1057 350 1084 causa
386 1043 527 1100 gravis
547 1050 675 1094 esset,
706 1043 743 1084 si
782 1051 965 1085 certares
1004 1057 1186 1090 mecum,
1217 1050 1311 1084 uter
1339 1044 1533 1084 nostrum
1572 1042 1635 1085 illi
1651 1044 1709 1086 20

77 1098 560 1141 amicioressedeberet·
552 1099 1635 1155 ,incontentionesuscipiendaruminimicitiarium,

74 1154 303 1197 ridiculum
320 1163 386 1197 est
404 1164 568 1212 putare,
589 1171 764 1198 causam
780 1157 1152 1198 necessitudinisb
1166 1157 1220 1197 ad
1238 1156 1503 1197 inferendum
1524 1171 1636 1213 perl-

74 1211 219 1273 culum
232 1214 396 1268 justam
413 1213 547 1254 videri
564 1221 772 1269 oportere.
832 1213 1018 1264 Etenim,
1040 1213 1076 1254 si
1092 1213 1293 1269 plmimas
1316 1229 1341 1254 a
1359 1220 1432 1254 tuo
1453 1220 1633 1282 praetore

74 1267 248 1324 injurias
270 1269 537 1324 accepisse53
559 1277 702 1311 tamen
719 1285 790 1310 eas
807 1270 982 1310 ferendo
997 1271 1202 1332 majorem
1218 1270 1403 1339 laudern,
1424 1285 1554 1326 qnam
1571 1272 1634 1312 ul-

74 1324 292 1376 ciscendo,
309 1340 529 1366 mererere.
580 1325 689 1366 Cum
712 1325 808 1366 vero
825 1327 984 1366 nullum
1001 1326 1143 1366 illius
1134 1341 1178 1365 ιιι
1192 1326 1271 1366 vit-1A
1267 1341 1280 1365 ι
1293 1326 1450 1367 rectius
1471 1327 1634 1368 factum
1650 1328 1705 1370 25

72 1380 143 1432 sit,
165 1381 298 1437 quam
315 1381 360 1422 id
379 1382 497 1437 quod
515 1389 560 1423 tu
576 1382 774 1438 injuriam
795 1383 1009 1438 appellas,
1030 1382 1074 1422 hi
1096 1388 1300 1432 statuent,
1314 1382 1426 1422 hanc
1444 1397 1633 1434 causam,

72 1452 203 1494 quam
223 1453 277 1479 ne
306 1438 349 1479 in
366 1438 450 1479 alio
468 1439 642 1494 quidem
671 1439 914 1494 probarent,
945 1454 988 1478 ιιι
1010 1445 1053 1479 te
1069 1439 1233 1493 justam
1260 1440 1312 1479 ad
1351 1439 1637 1480 necessitudi-

71 1509 171 1536 nem
185 1493 430 1536 violandam
449 1495 612 1537 videri?
634 1510 783 1552 qu1,sl
801 1509 1010 1536 summam
1028 1509 1226 1550 1nJur1am
1242 1495 1296 1536 ab
1313 1495 1387 1536 illo
1409 1496 1635 1567 accepisti,

71 1558 231 1603 tamen,
262 1552 465 1608 quoniam
487 1559 677 1615 quaestor
709 1553 800 1608 ejus
828 1552 959 1602 fuisti,
991 1566 1079 1593 non
1113 1558 1250 1616 potes
1270 1567 1367 1593 eum
1398 1551 1490 1594 sme
1525 1553 1636 1595 vitu-

71 1608 289 1665 peratione
311 1623 540 1660 accusare3
573 1624 608 1650 Sl
628 1609 728 1651 vero
744 1609 861 1650 nulla
875 1609 952 1650 tibi
974 1608 1091 1650 sacta
1110 1615 1177 1649 est
1195 1609 1476 1673 1njuria,sine
1474 1611 1635 1653 scelere
1651 1612 1708 1654 30

71 1680 169 1708 eum
188 1680 391 1708 accusare
422 1680 509 1707 non
540 1672 681 1722 potes.
741 1665 900 1717 Quare,
936 1680 1034 1708 cum
1067 1665 1280 1707 incertum
1308 1666 1362 1707 sit
1394 1666 1476 1707 de
1467 1666 1637 1722 injuria,

71 1737 329 1785 quemquam
348 1737 442 1764 esse
458 1722 610 1764 horum
629 1729 770 1779 putaS,
794 1723 867 1778 qui
885 1738 971 1764 non
991 1722 1114 1763 malit
1132 1729 1175 1763 te
1195 1722 1288 1764 sine
1313 1722 1402 1764 ulla
1421 1723 1637 1786 vitupera-

71 1778 204 1827 tione,
225 1779 358 1843 quam
377 1794 476 1821 cum
491 1781 667 1832 scelere,
681 1780 925 1822 discedere.
912 1781 928 1808 '²
990 1782 1050 1820 At
1065 1779 1175 1831 vide,
1190 1779 1327 1836 quide
1336 1779 1506 1821 differat
1525 1780 1636 1822 inter

71 1851 212 1877 meam
229 1850 476 1905 opinionem
494 1851 545 1877 ac
566 1844 698 1878 tuam.
756 1836 836 1888 Tu,
857 1852 955 1878 cum
975 1836 1174 1877 omnibus
1196 1836 1323 1878 rebus
1356 1836 1530 1878 inferior
1560 1837 1635 1889 sis,

70 1892 152 1935 hac
179 1907 264 1934 una
283 1908 328 1934 m
364 1909 405 1934 re
441 1900 484 1934 te
512 1894 618 1934 mihi
655 1893 853 1935 antefeiri
884 1901 1010 1949 putas
1051 1900 1262 1949 oportere,
1293 1892 1409 1949 quod
1449 1901 1636 1950 quaestor
1653 1897 1708 1938 35

70 1949 185 1991 illius
200 1949 355 1991 fueris:
387 1965 484 2007 ego,
507 1951 542 1991 si
557 1950 750 2007 supe1i01·
769 1951 935 1991 caeteris
951 1951 1077 1992 rebus
1091 1965 1223 2001 esses,
1244 1961 1286 1991 te
1307 1952 1418 1991 hanc
1437 1965 1566 1992 unam
1579 1952 1635 1992 ob

72 2020 246 2047 causam
267 2016 562 2048 accusatorem
580 2007 791 2063 repudiari
812 2014 1008 2063 putarem
1026 2014 1237 2062 oportere.
1281 2006 1355 2047 Sic
1374 2007 1488 2048 enim
1507 2023 1532 2048 ·ι
1547 2022 1636 2048 ma-

65 2062 235 2118 joribus
257 2064 413 2104 nostris
435 2078 694 2119 acceplmus,
728 2072 954 2127 praetorem
975 2063 1180 2120 quaestoli
1202 2078 1280 2104 suo
1309 2063 1504 2124 *parentis
1536 2064 1633 2104 loco

73 2133 166 2160 esse
189 2126 406 2174 oportere:
438 2120 598 2160 nullam
626 2135 765 2175 neque
788 2121 1014 2188 justiorem
1042 2135 1228 2183 nequet,
1203 2134 1438 2161 orav1orem
1460 2134 1634 2161 causam

71 2175 405 2217 necessitudinis
437 2191 563 2232 posse
601 2190 785 2245 reperm,
811 2191 883 2232 qu·
872 2175 940 2216 ῖιιιι
962 2154 1311 2238 conjunctionem
1339 2175 1479 2226 sortis,
1504 2191 1633 2233 quam
1651 2181 1706 2224 40

70 2230 314 2288 provinciae,
331 2247 466 2289 quam
489 2232 634 2284 officii,
655 2247 785 2289 quam
806 2233 1024 2288 publicam
1043 2247 1230 2274 muneris
1251 2232 1520 2274 societatem.

69 2312 198 2365 ²qm'd
209 2313 247 2352 si
259 2326 315 2353 ne
331 2315 442 2354 ratio
456 2315 627 2366 quidem
641 2328 661 2353 r
663 2318 832 2354 emanet
849 2310 1169 2369 conquerendi?
1228 2311 1245 2334 ¹²
1255 2313 1311 2352 ad
1325 2313 1630 2354 accusandum.

770 2376 784 2393 ‘³
799 2371 936 2411 distet.

113 2426 144 2455 6.
169 2424 276 2456 Circaeo
286 2426 415 2467 pocula]
462 2425 614 2458 Poculum
628 2436 684 2466 pro
700 2427 827 2467 potione
928 2428 980 2456 14.
1026 2425 1229 2466 Perfidiosum,
1273 2437 1314 2456 αη
1354 2426 1632 2467 ρνιευαήεαιονωη]

72 2467 207 2507 ponitur.
252 2468 379 2510 Nempe
394 2469 506 2500 alludit
521 2470 560 2499 ad
577 2469 653 2499 illud
670 2469 828 2510 poculum,
873 2469 1061 2500 Perfidiosus
1076 2474 1134 2505 est,
1149 2469 1204 2509 qui
1215 2469 1348 2499 amicum
1362 2480 1395 2499 se
1409 2468 1545 2507 simulat,
1560 2468 1632 2499 esim

71 2510 156 2550 quod
184 2511 356 2552 hospitibus
378 2512 439 2543 suis
466 2512 555 2544 Circe
583 2512 745 2549 offerebat,
766 2523 828 2553 quo
874 2513 914 2543 sit
938 2512 1090 2543 inimicus.
1135 2512 1168 2541 Si
1191 2511 1260 2542 talis
1286 2517 1334 2542 est
1358 2511 1514 2549 Caecilius,
1538 2511 1632 2552 igitur

71 2553 195 2591 hausto,
219 2554 305 2595 virga
321 2555 458 2596 percussi
482 2555 585 2586 statim
609 2556 640 2585 in
667 2566 736 2586 sues
764 2566 831 2585 mu—
873 2560 996 2586 nonest
1012 2555 1073 2595 ipsi
1089 2555 1292 2586 credendum.
1336 2554 1557 2586 Praevarieator
1572 2559 1630 2590 est,

71 2596 237 2635 tabantur3
273 2603 306 2627 et
329 2598 388 2628 alio
416 2598 503 2628 uncti
533 2598 762 2629 medicamento
789 2598 828 2628 ad
874 2598 927 2638 qui
951 2610 983 2628 se
1014 2598 1167 2628 inimicum
1200 2598 1299 2638 lingit,
1329 2596 1401 2628 cum
1430 2597 1471 2626 sit
1500 2596 1627 2628 amicus.

72 2638 231 2678 pristinam
246 2639 375 2671 sormam
395 2642 550 2672 redibant.
599 2641 684 2672 Vide
700 2642 827 2672 Homer.
875 2641 908 2671 Si
925 2640 994 2671 talis
1009 2647 1055 2672 est
1071 2640 1228 2677 Caecilius,
1250 2651 1313 2671 non
1329 2648 1376 2671 est
1391 2640 1421 2669 ei
1436 2649 1528 2669 causa
1545 2648 1630 2669 com-

73 2681 127 2711 lib.
142 2684 191 2711 10.
210 2681 329 2724 odyss,
875 2684 1038 2714 mittenda.

111 2724 161 2755 Ib.
187 2724 294 2756 Factus
308 2733 347 2757 est
364 2725 486 2767 Verres]
535 2726 629 2758 Ludit
640 2727 671 2758 iu
684 2727 828 2758 nomine:
917 2729 971 2758 22.
997 2725 1247 2766 Necessitudinis]
1279 2725 1341 2756 Per
1354 2724 1630 2761 necessitudinem,

69 2777 143 2797 nam
170 2767 284 2799 Verres
314 2779 442 2810 porcum
470 2781 532 2802 non
562 2775 682 2802 sectum
712 2770 828 2811 signifi·
873 2774 986 2800 sortem
1015 2769 1183 2811 intelligit,
1220 2769 1294 2809 quia
1324 2772 1483 2808 praetores,
1514 2768 1632 2799 ceteri-

72 2815 133 2842 cat.
873 2823 935 2853 que
959 2813 1168 2853 magistratus,
1190 2812 1245 2852 qui
1271 2812 1302 2841 in
1327 2809 1501 2851 provincias
1530 2810 1633 2842 mitte·

982 2855 1066 2895 122
