1838 3017
699 130 959 166 PHILIPPICA
986 133 1032 165 11.

104 208 177 272 pio
185 206 414 250 ordiamur.
427 205 640 248 Tenes-ne
650 207 1174 264 memoriQpraetextatnm
1183 211 1224 249 te
1234 205 1482 249 decoxisse?
1500 207 1654 258 Patris,

102 265 284 322 lnquies,
304 265 385 307 ista
398 264 525 321 culpa
541 271 619 306 est.
653 264 858 306 Concedo
875 281 884 305 :
907 265 1065 306 etenim
1082 264 1339 328 estpietatis
1359 266 1489 322 plena
1509 265 1657 307 defen-

103 337 184 363 SlO.

244 322 356 363 Illud
378 330 519 363 tamen
543 321 734 362 audaciae
756 331 855 372 tuae,
878 320 994 376 qubd
1015 322 1165 363 sedisti
1190 323 1231 363 in
1251 321 1577 378 quatuordecim
1594 336 1657 362 or-

103 378 291 430 dinibus,
305 378 402 419 cum
419 385 533 419 esset
551 378 644 433 lege
663 377 823 419 Roscia
836 378 1139 419 decoctoribus
1157 387 1298 419 certus
1316 380 1436 420 locus
1451 378 1658 420 constitu·
1676 383 1702 421 5

103 442 188 485 tus,
210 436 406 491 quamvis
428 434 524 490 quis
547 433 724 475 fortunae
745 434 865 484 vitio,
888 448 973 475 non
1001 449 1094 484 suo,
1116 435 1375 477 decoxisset.
1427 434 1658 491 Sumpsisti

103 491 265 532 virilem
285 498 447 547 togam,
469 505 597 547 quam
619 492 765 532 statim
785 491 1033 532 muliebrem
1054 491 1301 542 reddidisti;
1335 491 1469 546 primo
1486 492 1658 548 vulgare

105 555 314 589 scortum:
346 555 463 589 certa
484 547 634 603 flagitii
666 562 840 598 merces,
862 561 938 588 nec
960 562 1010 588 ea
1040 561 1190 603 parva:
1224 547 1299 588 sed
1321 546 1410 588 cito
1433 547 1563 589 Curio
1596 548 1660 589 in-

103 604 300 655 tervenit,
321 604 394 660 qui
416 611 457 645 te
477 603 502 644 ῖι
522 604 757 645 meretricio
775 611 941 659 quaestu
960 603 1164 653 abduxit3
1196 615 1252 653 et,
1273 611 1488 658 tamquam
1505 605 1659 645 stolam

103 660 310 711 dedisset,
331 661 374 701 in
396 661 667 702 matrimonio
689 659 831 701 stabili
853 667 896 700 et
927 668 1043 701 certo
1076 659 1249 700 locavit.

102 732 219 773 puer,
243 725 410 773 emptus
431 717 621 758 libidinis
644 716 788 766 causfr,
811 723 899 756 tam
920 716 1001 756 fuit
1023 717 1066 756 in
1086 715 1506 784 dominisspotestatffi
1528 716 1659 772 quum

103 780 151 814 tu
171 773 214 814 in
237 773 450 814 Curionis.

509 773 691 820 Quoties
723 780 764 813 te
796 779 915 828 pater
937 772 1029 827 ejus
1052 772 1180 813 domo
1206 788 1283 813 sua
1306 772 1452 828 ejecit!
1487 773 1658 828 quoties

103 830 306 871 custodes
326 829 485 885 posuit,
508 844 560 870 ne
582 829 712 870 limen
733 828 927 869 intrares!
965 828 1061 869 cum
1095 836 1235 870 tamen
1265 836 1326 879 tu,
1359 836 1488 871 nocte
1520 830 1657 880 socia,

101 886 300 927 hortante
321 885 512 935 libidine,
536 893 718 926 coerente
741 885 952 935 mercede,
972 900 1048 941 per
1068 886 1234 942 tegulas
1252 885 1544 938 demitterere3
1565 901 1661 942 quae

592 923 617 948 ip

105 942 272 998 flagitia
293 943 446 983 domus
467 942 542 983 illa
564 941 726 983 diutius
749 941 853 982 ferre
875 956 960 982 non
981 942 1136 997 potuit.
1179 941 1347 983 Scis-ne
1370 957 1437 983 me
1461 943 1513 984 de
1535 945 1661 984 rebus
1685 947 1737 988 15

103 999 206 1041 mihi
227 998 465 1040 notissimis
486 998 650 1040 dicere?
683 998 925 1039 Recordare
943 1005 1114 1055 tempus
1135 998 1256 1050 illud,
1276 1013 1374 1040 cum
1394 1006 1514 1054 pater
1530 999 1663 1041 Curio

104 1069 291 1097 moerens
306 1055 483 1112 jacebat
500 1055 543 1095 in
559 1056 675 1096 lecto
692 1071 700 1095 :
734 1054 863 1106 filius,
881 1069 926 1096 se
945 1055 999 1095 ad
1017 1055 1148 1111 pedes
1167 1069 1286 1097 meos
1303 1064 1590 1111 prosternens,
1606 1057 1665 1097 la-

105 1126 317 1168 crymans,
340 1119 382 1153 te
406 1111 510 1152 mihi
533 1112 885 1162 commendabat3

919 1111 1081 1161 orabat,
1104 1118 1152 1152 ut
1171 1119 1212 1153 te
1233 1118 1408 1153 acontra
1438 1127 1560 1154 suum
1591 1127 1667 1168 pa—

105 1176 227 1220 trem,
245 1169 280 1209 si
303 1168 548 1210 sestertium
570 1167 772 1224 sexagies
795 1175 973 1224 peteret,
991 1168 1281 1210 defenderem:
1313 1176 1479 1210 tantum
1493 1169 1605 1210 enim
1621 1184 1668 1211 se

101 1240 178 1323 pro
193 1233 233 1267 te
245 1224 567 1266 bintercessisse
580 1225 815 1283 [dicebat]
828 1224 846 1264 I
853 1239 926 1280 pse
939 1233 1242 1275 autem‚amore
1257 1225 1425 1276 ardens,
1446 1227 1667 1268 confirma-
1684 1232 1742 1285 20

137 1289 198 1334 at,
220 1281 342 1345 quod
363 1281 623 1323 desiderium
646 1280 708 1322 tui
729 1281 903 1322 discidii
926 1281 1032 1323 ferre
1054 1296 1139 1322 non
1161 1290 1321 1338 posset,
1341 1297 1385 1324 se
1406 1284 1448 1323 in
1471 1282 1670 1324 exsilium

107 1353 202 1380 esse
237 1345 411 1380 iturum.
470 1337 569 1386 Quo
604 1352 686 1392 ego
719 1344 912 1394 tempore
948 1344 1072 1379 tanta
1109 1338 1222 1379 mala
1257 1338 1570 1380 florentissimae
1604 1339 1668 1380 fa-

105 1395 232 1436 miliae
248 1395 412 1446 sedavi,
428 1394 495 1435 vel
513 1394 660 1450 potius
679 1395 844 1435 sustuli.
892 1393 1010 1435 Patri
1029 1394 1237 1450 persuasi,
1257 1403 1304 1436 ut
1320 1410 1376 1447 aejs
1393 1396 1579 1449 alienum
1592 1396 1669 1436 filii

106 1451 382 1506 dissolveret3
403 1451 630 1493 redimeret
645 1450 982 1501 adolescentem,
1002 1451 1169 1492 summ-21
1188 1466 1262 1507 spe
1281 1459 1323 1493 et
1340 1447 1531 1493 animiet
1551 1452 1668 1509 inge-

106 1564 161 1605 do
181 1565 482 1615 familiaritate,
505 1565 581 1605 sed
608 1564 738 1605 etiam
760 1563 1080 1619 congressione,
1101 1572 1238 1621 patrio
1254 1566 1358 1627 ‘jure
1381 1573 1424 1607 et
1455 1573 1667 1629 potestate

104 1620 362 1677 prohiberet.
425 1620 530 1661 Haec
569 1627 616 1660 tu
656 1620 755 1661 cum

792 1635 868 1676 per
906 1635 972 1661 me
1009 1628 1107 1662 acta
1138 1621 1421 1673 meminisses,
1453 1622 1535 1663 nisi
1572 1623 1669 1671 illis,

108 1691 217 1734 quos
239 1677 448 1727 videmus,
468 1677 646 1734 ‘gladiis
669 1677 923 1734 confideres,
947 1677 1187 1720 maledictis
1208 1692 1276 1719 me
1292 1692 1524 1735 provocare
1540 1693 1669 1722 ausus

342 1836 494 1890 aapud.

154 2007 185 2039 2.
217 2003 452 2046 PraetextatumJ
508 2004 570 2036 Per
592 2011 772 2047 praetextam
797 2012 871 2038 aetas

111 2048 345 2090 designabatur.
403 2048 486 2078 Nam
509 2054 596 2078 veste
626 2050 776 2090 praetexta
804 2056 872 2080 ute-

114 2093 226 2123 bantur
241 2091 330 2133 pueri
349 2092 388 2121 ab
411 2101 494 2121 anno
509 2091 642 2132 septimo
658 2093 698 2122 ad
715 2093 872 2123 decimum

111 2141 243 2167 sextum.
288 2134 443 2165 Praetexta
467 2140 571 2164 autem
595 2134 681 2165 dicta
705 2141 763 2172 est,
787 2135 871 2176 quud

113 2178 208 2209 limbo
241 2187 394 2218 purpureo
417 2177 709 2214 circumduceretur,
741 2179 765 2208 si
794 2179 871 2209 alte-

112 2222 174 2252 rius
198 2226 280 2251 esset
302 2220 424 2253 coloris.
469 2220 588 2251 Eadem
605 2226 689 2252 veste
706 2222 871 2252 utebantur

112 2263 250 2296 Romani
265 2263 397 2294 nobiles.

154 2306 205 2339 ΙΙ).
231 2305 402 2345 Βεσπίεεε.]
430 2305 618 2346 Decoquere
631 2306 787 2342 dicuntur,
803 2306 870 2347 qui,

113 2349 267 2380 diminuto
291 2349 489 2390 patrimonio,
513 2349 596 2380 fluxit
619 2350 681 2380 fide
705 2350 873 2380 creditores

113 2392 236 2428 fallunt,
253 2397 286 2423 et
299 2392 565 2423 circumscribunt.

158 2435 208 2466 Ib.
230 2435 356 2476 Putris]
404 2435 498 2466 Pater
516 2434 642 2465 Antonii
663 2435 724 2466 fuit
747 2435 798 2466 ille
822 2435 871 2465 M.

113 2477 271 2510 Antonius
298 2478 453 2515 Creticus,
477 2478 532 2520 qui
557 2479 637 2509 bona
667 2479 770 2509 omnia
795 2478 872 2510 abli-

117 2521 238 2562 gurivit.

159 2565 190 2595 3.
215 2563 339 2595 Pietatis
347 2565 433 2605 plena
445 2563 597 2606 defensio]
643 2563 758 2596 Ironia.

160 2608 192 2638 5.
216 2606 292 2648 Iaege
307 2607 436 2648 Roscia]
467 2608 553 2638 Tulit
568 2608 617 2638 M.
638 2606 768 2639 Roscius
786 2606 870 2637 Otho

116 2649 257 2681 tribunus
280 2650 391 2690 plebis,
414 2650 451 2682 L.
471 2650 606 2681 Metello
629 2656 662 2682 et
685 2650 728 2687 Q.
748 2650 871 2680 Marcio

118 2692 207 2723 Coss.
245 2702 325 2723 anno
356 2693 449 2724 Urbis
494 2694 629 2724 conditae
664 2695 738 2724 682.
775 2698 810 2722 ut
844 2692 876 2723 in

118 2736 238 2767 theatro
261 2735 417 2777 equitibus
439 2735 534 2769 Rom.
549 2737 602 2778 qui
626 2736 733 2767 revera
752 2745 877 2767 censum

118 2784 293 2821 equestrem
318 2778 480 2819 haberent,
504 2780 739 2821 quatuordecim
766 2778 877 2820 gradus

708 1828 1016 1890 ”spopondisse

1226 1839 1442 1879 cat-matis.

917 2007 1081 2048 spectandi
1098 2007 1194 2048 grati-21
1212 2008 1457 2050 assignarentur3
1480 2011 1618 2052 exceptis
1634 2011 1671 2043 iis

916 2050 970 2091 qui
987 2062 1042 2081 suo
1058 2057 1111 2082 aut
1124 2052 1254 2082 sortunae
1269 2053 1345 2082 vitio
1358 2054 1565 2086 decoxissent.

958 2095 989 2123 7.
1019 2095 1332 2135 Togamvmliebrem]
1382 2095 1490 2137 'sogam
1510 2098 1672 2137 gestabant

916 2137 1105 2173 meretrices,
1132 2143 1166 2167 ut
1195 2138 1213 2167 ῑι
1233 2138 1380 2168 matronis
1409 2140 1673 2179 dignoscerentur.

914 2178 1128 2210 Matronarmu
1151 2185 1253 2210 autem
1270 2181 1341 2211 stola
1356 2181 1416 2211 fuit
1439 2183 1478 2212 ad
1500 2183 1597 2223 pedes
1622 2194 1670 2214 us-

915 2232 976 2262 que
994 2222 1138 2253 demissa.
1175 2223 1303 2254 Mordet
1320 2222 1369 2254 hic
1385 2224 1567 2262 Antonium,
1583 2226 1672 2267 quasi

915 2264 1118 2305 impudicum,
1142 2270 1175 2296 ct
1197 2266 1377 2298 libidinibus
1400 2268 1548 2299 infamem
1571 2269 1670 2299 homi-

914 2318 996 2338 nem.

959 2350 1008 2381 Ib.
1037 2350 1163 2392 Vulgare
1185 2352 1336 2393 scottum]
1381 2353 1571 2384 Subauditur
1582 2353 1670 2396 snit:

916 2404 987 2424 narn
1018 2394 1147 2434 primam
1175 2396 1416 2427 adolescentiam
1441 2397 1583 2428 omnibus
1612 2408 1669 2438 pro

916 2436 1001 2468 certa
1016 2437 1161 2468 mercede
1178 2439 1334 2478 prostituit
1347 2439 1514 2470 Antonius.

960 2481 990 2512 9.
1023 2480 1048 2509 A
1079 2483 1236 2511 meretricio
1263 2482 1396 2524 quaestu.]
1453 2482 1547 2513 Curio
1572 2482 1672 2512 noluit

915 2519 1088 2553 Antonium
1115 2524 1311 2564 prostitutum
1341 2525 1477 2555 omnium
1507 2535 1573 2555 esse
1600 2525 1670 2554 libi-

915 2565 981 2595 dini
995 2578 1001 2595 :
1025 2566 1119 2606 quare
1136 2577 1205 2597 enni
1229 2568 1286 2598 sibi
1302 2568 1459 2609 proprium
1477 2567 1574 2597 voluit
1588 2577 1670 2604 esse,

913 2616 950 2637 ac
964 2608 999 2644 si,
1015 2608 1153 2640 detracta
1169 2610 1253 2651 toga,
1267 2610 1376 2641 stolam
1391 2610 1539 2640 dedisset.

958 2654 1010 2682 19.
1034 2651 1197 2683 Sestertium
1211 2654 1358 2694 sexagies]
1403 2652 1441 2682 Id
1457 2658 1515 2689 est,
1531 2653 1671 2693 sexagies

920 2699 1063 2730 centena,
1078 2706 1148 2736 quae
1169 2695 1305 2726 efficiunt
1327 2695 1408 2736 apud
1433 2706 1489 2727 nos
1513 2696 1671 2738 sexaginta

922 2734 1064 2768 librarum
1082 2737 1303 2779 [Gallicarum]
1321 2737 1428 2772 millia.

967 2779 1133 2822 20.1pse.]
1178 2781 1271 2814 Curio
1286 2780 1376 2816 finus.
1539 2780 1542 2781 ’
1623 2772 1680 2823 Μ’,

1651 138 1734 182 427

1310 659 1448 700 Nemo
1472 674 1659 716 unquam
1683 663 1734 704 10

1818 83 1838 116 Ἴ

1766 200 1838 275 Π

1701 1312 1838 1413 X]

104 1506 165 1549 nii
187 1499 428 1563 praeditum,
451 1501 518 1548 rei'
532 1507 755 1548 familiaris
778 1507 1083 1559 facultatibus3
1116 1523 1299 1564 eumque
1322 1508 1347 1549 ξι
1367 1509 1443 1550 tuit
1473 1524 1559 1550 non
1580 1524 1668 1552 mo-
1685 1516 1740 1557 25
