1838 3017
691 158 953 193 PHILIPPICA
977 159 1027 192 11.
1627 163 1712 207 457

78 235 224 278 urbis?
282 235 616 279 Memineramus
640 235 825 279 Cinnam
854 236 982 278 nimis
1013 240 1259 293 potentem:
1290 235 1451 278 Sullam
1482 239 1638 294 postea

80 293 386 346 dominantem,
401 293 616 335 Caesarem
631 300 894 350 regnantem,
911 291 1166 335 videranius.
1201 293 1336 335 Erant
1349 294 1529 336 fortasse·
1547 297 1639 350 gla-
1681 338 1685 343 ,

80 350 156 402 dii,
178 351 254 393 sed
276 351 305 392 ii
327 351 585 402 absconditi,
607 365 688 393 nec
708 351 769 392 ita
787 350 926 391 multi.
959 351 1048 392 Ista
1067 350 1165 392 vero
1186 366 1281 407 quae
1301 359 1346 392 et
1365 357 1525 407 quanta
1543 352 1638 393 bar·
1668 376 1712 399 ,μ’
1733 376 1740 399 5

79 406 198 448 baria
214 409 302 450 est!
324 407 493 464 agmine
508 408 714 464 quadrato
728 422 826 450 cum
844 407 998 463 gladiis
1017 414 1250 463 sequuntur
1265 407 1421 450 milites
1438 424 1446 449 :
1470 415 1638 468 ascuto·
1683 411 1711 450 5

79 476 172 505 rum
191 464 368 506 lecticas
388 465 545 520 portari
567 464 776 506 videmus.
835 466 979 520 Atque
997 464 1063 505 his
1080 463 1255 520 quidem
1269 465 1360 520 jam
1377 464 1638 518 inveteratis,
1756 503 1762 517 s

81 519 134 562 P.
147 520 198 562 C.
214 521 525 562 consuetudine
544 521 837 563 obduruimus.
869 520 1073 563 Calendis
1094 520 1359 570 Juniis,cum
1377 521 1419 562 in
1441 529 1639 564 senatum
1742 543 1763 567 f
1782 541 1838 565 μνη

78 578 146 673 {ut
165 584 256 619 erat
274 578 577 630 constitutum)
598 576 739 620 venire
760 578 979 629 vellemus,
995 584 1112 619 metu
1133 577 1343 633 perterriti
1365 578 1538 633 repente
1559 579 1639 619 dif-

101 633 304 690 ugimus}x
315 635 375 676 At
395 635 491 686 iste,
509 635 582 691 qui
605 641 755 676 senatu
777 649 863 676 non
884 640 1042 690 egeret,
1065 649 1203 689 neque
1221 633 1481 675 desideravit
1493 650 1638 690 quem-

77 703 221 745 quam,
235 687 279 732 et
291 691 436 748 potius
449 692 645 733 discessu
659 698 802 733 nostro
815 692 982 732 laetatus
996 697 1082 741 est3
1101 689 1331 745 statimque
1346 690 1419 732 illa
1428 691 1639 733 mirabilia

78 746 269 789 facinora
290 747 446 790 effecit.
508 748 594 796 Qui
616 747 902 803 chirographa
923 747 1105 788 Caesaris
1139 746 1406 788 defendisset
1434 748 1540 789 lucri
1572 750 1639 790 sui

79 803 229 856 causa,
251 804 288 845 is
309 805 428 861 leges
446 804 642 855 Caesaris,
661 818 818 859 easque
834 803 1073 860 praeclaras,
1091 809 1138 844 ut
1157 804 1463 859 rempublicam
1480 819 1646 847 conca-⁴
1696 830 1709 851 x

79 866 167 901 tere
188 867 352 915 posset,
374 861 541 903 evertit.
601 861 836 901 Numerum
867 875 1073 902 annorum
1102 860 1334 916 provinciis
1366 863 1838 918 ριόῑοςᾶνίῐςηέκῷΤ

75 915 292 972 idemque,
306 916 405 959 cum
425 924 620 959 actorum
639 916 822 958 Caesaris
844 916 1044 959 defensor
1073 932 1168 958 esse
1188 917 1378 965 deberet,
1401 924 1444 959 et
1464 919 1642 975 in—pub-s‘
1833 953 1835 957 ,

74 972 170 1014 licis
191 981 236 1014 et
254 973 298 1015 in
318 974 494 1030 privatis
516 976 642 1016 rebus
661 982 759 1016 acta
779 974 963 1015 Caesaris
986 973 1175 1031 rescidit.
1232 974 1281 1014 In
1303 975 1491 1031 publicis
1513 976 1638 1026 actis,
1662 959 1838 1023 l50fl12'5.

75 1029 182 1070 nihil
203 1036 269 1071 est
289 1031 384 1088 lege
405 1031 598 1088 gravius3
629 1031 672 1071 in
702 1031 893 1087 privatis,
915 1029 1205 1072 firmissimum
1226 1037 1292 1073 est
1319 1038 1638 1076 testamentum.

78 1085 215 1142 Leges
245 1087 350 1129 alias
381 1088 475 1129 sint}
506 1087 850 1144 promulgatione
882 1088 1076 1128 sustulit:
1109 1088 1229 1140 alias,
1260 1094 1309 1129 ut
1342 1089 1512 1131 tolleret
1541 1105 1640 1146 pro-
1672 1054 1838 1143 (kald,

77 1143 308 1199 mulgatas,
368 1145 668 1201 promulgavit.
746 1144 1067 1186 Testamentum
1119 1144 1283 1186 irritum
1342 1144 1471 1198 fecit3
1522 1147 1641 1203 quod
1656 1141 1824 1202 'md

76 1199 208 1241 etiam
245 1200 430 1243 binfimis
474 1202 642 1243 civibus
692 1215 860 1257 semper
897 1202 1147 1242 cobtentum
1172 1201 1273 1244 “esta
1332 1201 1349 1225 ‘¹
1368 1201 1516 1258 Signa,
1555 1209 1642 1245 eta-

75 1254 215 1307 bulas,
254 1271 362 1313 quas
401 1259 560 1315 populo
602 1258 747 1299 Caesar
786 1258 873 1299 una
911 1273 1010 1300 curn
1049 1258 1185 1300 hortis
1235 1258 1410 1314 legavit,
1446 1274 1517 1301 eas
1566 1260 1640 1302 hic
1658 1262 1714 1304 20
1724 1267 1838 1300 cs

73 1313 230 1368 partim
249 1313 294 1356 in
313 1314 462 1357 hortos
484 1314 682 1372 Pompeii
708 1314 965 1372 deportavit,
985 1314 1141 1371 partim
1160 1315 1206 1357 in
1226 1312 1373 1358 villfffia
1404 1315 1636 1374 Scipionis.

1656 665 1713 734 io

74 1517 92 1535 ²¹
99 1511 250 1568 plenas
271 1515 420 1556 scutis.
478 1512 695 1568 babjectisn.
763 1514 1052 1570 ‘ratumfuiffi
1113 1510 1326 1558 dstatues.
1393 1518 1640 1572 fimagz’neS.

118 1727 150 1758 2.
175 1725 326 1768 Cinnam]
373 1726 476 1759 Cinna
489 1727 566 1759 civis
578 1728 636 1759 suit
656 1727 832 1765 Romanus,

74 1769 131 1810 qui
157 1770 339 1801 crudelitate
364 1771 421 1802 sua
446 1771 607 1812 Rernpub.
632 1773 775 1809 vastavit,
801 1777 834 1804 et

920 1731 972 1760 11.
997 1727 1230 1771 ehirographa]
1275 1730 1405 1762 Caesaris
1432 1731 1638 1774 chirographa

876 1772 979 1803 valere
994 1774 1122 1814 quidem
1137 1773 1235 1803 voluit
1257 1772 1424 1811 Antonius,
1439 1775 1512 1816 quia
1534 1776 1570 1806 iis
1596 1778 1637 1807 ad

75 1813 266 1844 adversarios
280 1814 398 1845 vocatis
413 1814 453 1844 ad
469 1814 586 1855 pileum
600 1816 693 1845 servis
709 1815 796 1846 vicit.

121 1855 171 1886 Ib.
194 1855 333 1898 Sullam]
358 1857 445 1888 Sulla
460 1857 644 1888 dictaturam
659 1858 784 1894 invasit,
799 1858 833 1889 in

76 1897 314 1939 eaquesssumma
323 1900 518 1937 crudelitate,
529 1901 680 1942 superatis
693 1901 832 1942 partibus

75 1940 240 1979 Marianis,
253 1947 360 1974 contra
371 1943 456 1974 cives
470 1954 542 1975 usus
558 1949 615 1974 est.

117 1985 150 2014 3.
174 1983 278 2015 Gladii
303 1986 487 2027 absconditu]
531 1986 647 2023 Cinna,
673 1986 772 2023 Sulla,
800 1992 833 2018 et

74 2026 190 2064 Caesar,
204 2027 397 2058 dominatum
412 2027 470 2059 sibi
482 2028 609 2069 quidem
628 2031 832 2072 usurpabant,

71 2070 130 2102 sed
144 2079 207 2101 non
222 2070 329 2111 aperte
342 2075 379 2100 ut
392 2069 558 2102 Antonius.

115 2113 148 2144 5.
170 2113 294 2155 Agmine
314 2113 487 2155 quadrata]
532 2114 749 2156 Sequebantur
764 2114 832 2145 An-

70 2155 192 2230 }onium
205 2155 318 2188 milites
331 2167 453 2199 semper
466 2157 579 2200 parati,
593 2158 682 2200 quasi
695 2158 736 2189 ad
751 2168 832 2201 proe-

86 2209 160 2231 ium.

112 2241 146 2273 7.
170 2239 396 2286 obelum-nimus]
439 2242 656 2276 obdurescere
685 2243 830 2276 dicuntur

69 2283 125 2328 qni
141 2284 254 2316 callum
269 2287 440 2318 obducunt.

114 2327 166 2359 Ib.
189 2327 254 2359 cal.
268 2328 360 2371 Jam]
406 2329 554 2362 Calendis
576 2330 680 2362 Juniis
693 2330 786 2361 rediit
797 2330 830 2361 in

71 2369 192 2402 Urbem
202 2370 358 2403 Antonius
368 2383 377 2410 ;
390 2383 452 2414 quo
463 2378 602 2415 tempore
612 2379 738 2415 propter
748 2373 830 2404 illius

71 2419 190 2456 metum
219 2423 312 2446 nemo
347 2420 470 2447 senator
495 2416 527 2446 in
556 2422 697 2448 senatum
726 2417 831 2447 venire

71 2466 162 2489 ausus
177 2462 236 2489 est.

116 2502 150 2532 9.,
170 2498 214 2531 Δί
225 2500 302 2542 ista]
347 2500 503 2532 Antonius
526 2502 684 2539 videlicet,
706 2502 759 2544 qui
775 2507 834 2553 ty·

71 2551 184 2574 rannus
198 2549 275 2581 erat,
289 2555 353 2576 non
368 2545 503 2586 indiguit
518 2557 577 2587 ope
601 2545 737 2582 senatus,
753 2556 824 2576 cum

69 2585 167 2617 vellet
178 2586 296 2629 Remp.
309 2589 350 2618 ad
366 2588 524 2618 arbitrium
537 2599 626 2620 suum
641 2599 759 2630 regere.

114 2631 168 2659 10.
190 2628 345 2661 Mirabilia
358 2630 527 2673 facinora]
574 2632 635 2663 Per
656 2633 711 2662 illa
735 2631 827 2662 mira-

71 2670 145 2702 bilia
158 2671 306 2710 t'acinora,
320 2673 466 2716 intelligit
483 2685 522 2706 ea
536 2685 607 2716 quae
630 2680 740 2715 praeter
762 2685 827 2705 om-

71 2714 158 2746 nium
192 2715 428 2748 admirationem
463 2716 552 2749 fiunt.
605 2717 730 2749 Itonia:
755 2727 828 2747 nam

67 2756 180 2799 postea?⁴
193 2758 333 2798 exponit,
348 2769 418 2800 quae
440 2760 588 2795 scelerate
611 2766 645 2794 et
666 2759 829 2793 ambitiose

71 2800 112 2832 ab
126 2799 266 2834 Antonio
280 2800 364 2835 sacta
376 2807 461 2836 sunt.

877 1816 1035 1846 avaritiam
1047 1826 1132 1846 suam
1145 1821 1178 1846 et
1189 1816 1351 1848 libidinem
1365 1818 1562 1854 abutebatur,
1577 1821 1636 1850 sed

875 1869 938 1888 non
955 1858 1030 1889 alias
1046 1858 1175 1890 Caesaris
1187 1859 1293 1900 leges;
1316 1860 1391 1901 quia
1403 1860 1561 1902 Rempub.
1573 1870 1637 1894 sta.

876 1901 1040 1938 biliebant,
1056 1911 1151 1943 quam
1167 1907 1305 1933 evertere
1320 1903 1462 1934 funditus
1477 1904 1611 1936 volebat.

919 1947 973 1976 13.
997 1944 1160 1975 Numerum
1172 1946 1342 1987 annorum]
1379 1946 1505 1977 Tulerat
1519 1947 1638 1985 Caesar,

876 1997 916 2018 ne
938 1987 1106 2028 provinciae
1127 1988 1277 2029 praetoriae
1300 1989 1370 2029 plus
1393 1989 1486 2030 quam
1509 2000 1637 2028 annum,

875 2039 917 2060 ne
939 2030 1008 2071 plus
1022 2030 1115 2071 quam
1139 2031 1295 2061 biennium
1317 2031 1493 2062 consulares
1515 2033 1637 2064 obtine-

875 2077 991 2103 rentur.
1010 2071 1056 2103 At
1065 2082 1170 2103 eorum
1181 2073 1344 2114 imperium
1360 2074 1401 2104 ad
1416 2074 1520 2116 plures
1535 2085 1634 2108 annos

875 2115 1052 2156 prorogavit
1065 2114 1234 2149 Antonius.

919 2159 971 2188 16.
1002 2157 1214 2189 firmissimum
1237 2164 1277 2190 est
1306 2161 1534 2202 testamentum]
1585 2161 1634 2193 Ex

873 2200 1024 2242 Ulpiano,
1039 2206 1236 2232 testamentum
1258 2207 1299 2233 est
1319 2205 1423 2234 mentis
1442 2210 1544 2235 nostrae
1565 2216 1635 2236 con·

872 2245 988 2275 testatio
1000 2246 1032 2274 in
1045 2245 1077 2274 id
1091 2245 1255 2276 sollenniter
1257 2244 1360 2286 facta,
1374 2251 1410 2276 ut
1428 2254 1492 2287 post
1513 2254 1632 2279 mortem

871 2293 999 2318 ‘nostram
1033 2287 1139 2319 valeat.
1184 2288 1288 2325 Quare
1324 2289 1529 2320 firmissimum
1565 2301 1634 2323 om·

872 2330 971 2368 nium,
989 2339 1058 2369 quae
1075 2331 1152 2361 fiunt
1166 2329 1185 2361 ιῑ
1201 2331 1338 2373 privatis,
1352 2332 1459 2364 haberi
1474 2334 1582 2366 debet.

917 2375 968 2404 1⁷.
992 2372 1061 2404 Sine*
1071 2374 1328 2416 promulgatione]
1366 2375 1431 2406 Lex
1446 2377 1633 2418 promulgari

874 2421 939 2447 tum
966 2416 1139 2453 dicebatur,
1162 2416 1233 2448 cum
1259 2417 1378 2458 populo
1401 2420 1634 2460 proponebatur

874 2459 924 2490 vel
939 2459 1080 2496 ferenda,
1093 2459 1142 2490 vel
1158 2460 1347 2501 abroganda.
1367 2460 1458 2492 Ferre
1474 2462 1567 2499 enim,
1581 2464 1632 2494 vel

877 2503 1025 2544 abrogare
1038 2503 1152 2544 legem,
1165 2503 1326 2544 sinejussu
1339 2505 1448 2545 populi
1460 2515 1522 2535 non
1535 2505 1631 2537 licuit.

911 2545 962 2578 Ib.
985 2547 1068 2577 Alias
1093 2552 1127 2577 ut
1150 2547 1270 2583 tolleret,
1294 2545 1364 2589 850]
1408 2547 1507 2577 Veras
1533 2548 1630 2589 leges,

869 2599 946 2630 quas
963 2589 1074 2620 tulerat
1092 2589 1209 2628 Caesar,
1225 2590 1367 2628 sustulit3
1389 2595 1421 2619 et
1442 2589 1533 2620 falsas
1557 2601 1632 2632 pro-

870 2631 1030 2671 mulgavit,
1046 2637 1078 2663 et
1092 2633 1234 2674 exposuit
1250 2633 1377 2673 populo.

913 2676 967 2705 21.
990 2673 1028 2705 In
1042 2675 1133 2706 hortos
1146 2675 1301 2715 Pompeii]
1345 2673 1483 2705 Domum
1504 2679 1537 2706 et
1557 2676 1632 2709 hor.

872 2722 919 2748 tos
935 2717 1079 2759 Pompeii
1092 2717 1248 2749 Antonius
1263 2721 1390 2749 emerat.

915 2759 966 2791 Ib.
992 2759 1098 2792 Villam
1112 2760 1279 2801 Scipionis]
1323 2759 1401 2791 Haec
1413 2760 1487 2791 villa
1509 2766 1575 2793 erat
1594 2763 1632 2795 in.

872 2802 1048 2844 Tiburtino,
1062 2814 1156 2848 quam
1171 2803 1210 2837 ab
1224 2802 1315 2836 basta
1328 2802 1404 2837 emit
1416 2803 1586 2838 Antonius.
