1790 3090
111 192 174 235 52
729 189 822 223 PRO
847 188 964 223 LEGE
985 190 1201 226 MANJLIA.

183 273 317 310 terras
337 273 558 320 venerunt,
580 267 709 322 eique
727 283 773 310 se
793 283 942 311 omnes
963 269 1235 312 Cretensium
1254 269 1451 313 civitates
1461 270 1616 314 dedere
1627 273 1739 316 velle

184 325 412 367 dixerunt?
434 325 575 373 Quid?
606 324 721 366 idem
749 325 841 381 ipse
864 326 1157 379 Mithridates,
1188 342 1330 369 nonne
1361 327 1416 369 ad
1437 329 1636 370 eumdem
1657 329 1740 371 Cn.

185 381 439 439 Pompeium
458 383 648 438 legatum
661 397 797 437 usque
819 383 864 424 in
884 382 1140 440 Hispaniam
1153 384 1302 426 misit?
1334 399 1517 441 eumque
1537 385 1740 443 Pompei-

115 440 172 482 40
184 454 234 480 us
250 440 440 495 legatum
462 453 629 494 semper
638 438 875 493 judicavit3
906 439 936 480 ii
958 440 1114 495 quibus
1131 456 1296 496 semper
1312 449 1401 483 erat
1422 443 1665 491 molestum,
1683 444 1740 485 ad

184 510 280 536 eum
300 495 571 551 potissimum
591 509 685 536 esse
699 495 891 546 missum,
911 496 928 519 ‘¹
941 497 1254 551 speculatorem
1271 497 1402 553 quam
1417 499 1609 554 legatum
1623 499 1741 554 judi-

183 566 279 593 care
300 552 551 594 maluerunt.
613 551 806 593 Potestis
837 551 968 608 igitur
981 553 1074 608 jam
1095 554 1366 605 constituere,
1390 555 1596 607 Quirites,
1627 556 1740 597 hano

182 608 496 659 auctoritatem,
528 608 674 649 multis
696 607 847 665 postea
866 609 992 650 rebus
1015 609 1165 664 gestis,
1185 610 1439 667 magnisque
1456 612 1610 654 vestris
1623 612 1742 668 judi-

183 664 262 706 ciis
279 665 598 721 amplificatam,
631 666 837 721 quantum
872 665 987 721 apud
1008 665 1103 706 illos
1125 681 1260 723 reges,
1293 667 1499 724 quantum
1530 669 1644 726 apud
1665 683 1740 711 ex-

112 722 169 770 45
183 727 293 763 teras
313 721 510 764 nationes
530 721 755 764 valituram
776 737 870 764 esse
892 721 1164 766 existimetis.

792 836 810 860 ‘¹
823 838 922 891 etvpl
923 842 1139 880 oratorem.

178 959 271 998 gitur,
297 959 353 1001 qui
383 964 489 991 contra
515 960 680 992 Cretenses
710 961 825 992 bellum
850 972 938 1003 gere·
982 963 1039 1002 bus
1052 962 1214 994 molestum
1230 967 1306 1000 erat,
1318 962 1389 995 cinu
1404 963 1555 994 haberent
1569 963 1739 996 exercitum

177 1003 242 1032 bat.
980 1006 1013 1036 in
1028 1006 1195 1047 Hispania,
1209 1017 1272 1038 non
1287 1009 1327 1038 ad
1343 1017 1391 1046 se,
1411 1008 1468 1038 sed
1484 1007 1525 1038 ad
1540 1006 1739 1049 Pompeium,

220 1046 272 1076 37.
298 1044 389 1085 Eique
403 1046 521 1087 omnes]
567 1047 643 1078 Non
670 1047 767 1078 solum
788 1047 833 1078 illi
854 1048 938 1089 pira·
979 1049 1100 1089 legatos
1114 1050 1204 1080 mitti.

176 1093 216 1118 tae
233 1087 286 1129 qui
299 1088 520 1120 obsidebantur
540 1089 558 1118 a
574 1090 721 1126 Metello,
745 1091 799 1121 sed
830 1101 936 1121 omnes
1023 1094 1076 1122 41.
1118 1093 1355 1133 Speculatorem]
1389 1092 1547 1123 Credibile
1573 1091 1740 1124 admodum

174 1131 301 1171 reliquae
315 1134 407 1161 totius
425 1132 532 1161 insulan
545 1133 698 1168 civitates,
711 1134 827 1163 dedere
841 1144 874 1163 se
885 1144 937 1164 ve·
980 1140 1038 1169 est,
1063 1134 1164 1174 potius
1180 1136 1404 1176 speculatorem
1429 1136 1521 1176 quam
1545 1135 1681 1176 legatum
1696 1136 1737 1165 ad

176 1173 278 1203 nienti
291 1173 444 1213 Pompeio
457 1174 628 1205 voluerunt.
675 1175 822 1215 Legimus
837 1177 936 1206 enim—
979 1175 1147 1207 Bletellum
1163 1183 1195 1207 et
1208 1178 1396 1218 Perpernam
1412 1177 1626 1218 misisse,quia
1636 1177 1738 1209 foedus

175 1216 248 1246 vero
265 1217 348 1257 apud
365 1216 498 1256 Livium,
509 1216 563 1247 lib.
576 1220 650 1248 100.
665 1217 749 1258 quod
765 1218 934 1250 Cretenses
977 1229 1047 1249 cum
1064 1219 1199 1251 Sertorio
1213 1220 1413 1251 Mithridates
1428 1220 1568 1252 iniverat.

175 1258 294 1299 legatos
326 1259 464 1290 miserint
489 1260 528 1290 ad
545 1260 742 1301 Pompeium,
764 1267 798 1291 ut
827 1272 933 1292 eorum
1020 1264 1074 1294 42.
1128 1263 1251 1294 Potestis
1284 1261 1482 1305 cmzstituere]
1541 1262 1738 1304 Complexio,

176 1301 315 1333 civitates
332 1303 494 1333 deditione
511 1303 673 1344 reciperet.
977 1304 1039 1345 qua
1055 1306 1225 1343 concludit,
1251 1307 1291 1337 ad
1317 1306 1395 1337 illud
1410 1306 1527 1337 bellum
1551 1306 1738 1337 mittendum

217 1348 272 1376 40.
295 1344 437 1385 quuibus
452 1352 514 1376 erat
526 1347 702 1387 molestum]
765 1347 933 1378 Probabile
978 1358 1046 1378 esse
1063 1348 1261 1391 Pompeium,
1288 1349 1360 1382 cum
1384 1354 1472 1381 tanta
1500 1349 1541 1380 sit
1565 1349 1646 1380 illius
1662 1359 1736 1381 auc-

175 1392 223 1419 est
236 1387 403 1419 Metellum
417 1393 449 1419 et
473 1389 664 1430 Perpernam
679 1390 850 1431 designari,
865 1391 936 1433 qui·
978 1390 1095 1422 toritas.

762 1571 790 1606 Q
798 1572 825 1600 U
836 1570 858 1599 A
869 1570 964 1598 RTA
1009 1570 1070 1598 PA
1078 1569 1105 1598 R
1113 1570 1131 1598 s
1139 1587 1149 1598 .

543 1671 603 1711 In
622 1671 709 1724 qud
723 1671 935 1725 probatur
945 1671 1141 1726 felicitas
1161 1672 1363 1726 Pompeii.

232 1781 339 1824 XII.
352 1781 588 1838 Reliquum
596 1790 676 1835 est,
694 1792 743 1826 ut
751 1784 803 1826 de
818 1784 1037 1834 felicitate,
1055 1800 1185 1842 quam
1196 1791 1420 1841 apraestare
1433 1784 1486 1826 de
1500 1798 1545 1826 se
1561 1783 1654 1841 ipso
1662 1798 1735 1826 ne-

174 1853 244 1880 mo
262 1845 418 1895 potest,
436 1841 682 1882 meminisse
705 1849 748 1883 et
763 1857 1097 1884 commemorare
1119 1843 1172 1884 de
1189 1842 1322 1883 altero
1343 1856 1590 1898 possumus,
1607 1841 1736 1896 (siout

175 1911 344 1952 aequum
366 1903 432 1937 est
444 1896 607 1938 homini
624 1898 676 1939 de
697 1905 912 1955 potestate
930 1899 1128 1950 deorum)
1149 1898 1301 1940 timide
1315 1906 1356 1940 et
1369 1913 1509 1954 pauca
1524 1898 1733 1940 dicamus.

174 1951 271 2008 Ego
286 1952 400 1993 enim
413 1953 475 1994 sic
488 1955 699 2006 existimo,
717 1955 926 2006 Maximo,
947 1955 1173 2006 Marcello,
1197 1955 1404 2011 Scipioni,
1420 1954 1575 2005 Mario,
1598 1961 1641 1995 et
1653 1970 1736 1996 cae-

106 2012 132 2050 5
174 2008 276 2049 teris
297 2011 463 2065 magnis
484 2011 827 2068 imperatoribus,
840 2027 928 2053 non
948 2012 1085 2054 solum
1102 2018 1273 2068 propter
1285 2011 1499 2064 virtutem,
1514 2011 1590 2052 sed
1604 2011 1733 2053 etiam

173 2072 346 2121 propter
373 2067 601 2118 fortunam,
635 2068 790 2125 saepius
807 2069 984 2124 imperia
1003 2069 1220 2120 mandata,
1251 2074 1380 2123 atque
1402 2068 1616 2109 exercitus
1637 2083 1731 2109 esse

175 2121 441 2164 commissos.
503 2123 604 2166 Fuit
619 2125 733 2166 enim
745 2124 939 2180 profecti)
953 2125 1212 2181 quibusdam
1226 2123 1405 2165 summis
1418 2124 1519 2166 viris
1534 2124 1732 2181 quaedam

174 2178 227 2219 ad
250 2179 576 2234 amplitudinem
598 2188 641 2222 et
661 2181 855 2237 gloriam,
875 2188 917 2222 et
937 2182 992 2223 ad
1010 2196 1076 2222 res
1097 2193 1274 2237 magnas
1295 2180 1405 2223 bene
1422 2181 1648 2237 gerendaS,
1669 2181 1733 2222 di-

172 2234 329 2277 vinitus
346 2236 549 2293 adjuncta,
568 2238 753 2281 fortuna.
780 2239 792 2292 ,Ἀ
814 2238 882 2279 De
903 2238 975 2295 huj
984 2254 1031 2280 us
1044 2245 1190 2281 autem
1202 2236 1386 2280 hominis
1407 2237 1628 2290 felicitate,
1643 2253 1729 2295 quo

673 2359 690 2375 ἃ
696 2354 934 2405 praedicare
952 2358 1110 2396 certam
1120 2354 1234 2409 fore.

218 2464 248 2491 1.
274 2462 370 2497 Quam
383 2463 544 2505 praestare]
589 2463 677 2496 Nihil
705 2465 841 2496 humana
863 2466 933 2497 seli·
1019 2466 1070 2497 Ib.
1089 2466 1242 2508 Scipioni]
1301 2465 1479 2501 Africanus,
1513 2474 1610 2495 annos
1641 2470 1731 2497 natus

172 2504 266 2535 citate
296 2506 519 2537 inconstantius
536 2512 592 2539 est.
639 2508 734 2539 Unde
763 2509 882 2540 Seneca
898 2509 930 2540 in
975 2509 1087 2550 viginti
1110 2514 1253 2551 quatuor,
1287 2509 1320 2539 in
1353 2507 1537 2549 Hispaniam
1570 2518 1641 2538 curn
1673 2510 1732 2539 im·

172 2546 336 2588 Agamem.
380 2548 474 2580 Nulla
490 2551 569 2591 longi
584 2552 715 2590 temporis
719 2551 862 2593 felicitas.
973 2553 1060 2593 perio
1090 2553 1245 2584 consulari
1279 2552 1387 2583 missus
1420 2555 1478 2583 est.
1522 2549 1662 2584 Africam
1684 2552 1732 2583 vi-

215 2592 246 2620 4.
271 2590 425 2633 Marinum]
462 2592 576 2623 Fabius
602 2594 757 2625 Maximus
781 2600 931 2625 cunctan-
973 2597 1026 2631 cit,
1061 2600 1104 2632 et,
1141 2595 1239 2626 relata
1273 2595 1385 2636 insigni
1407 2593 1546 2630 victoria,
1577 2594 1676 2625 redire
1698 2595 1731 2625 in

173 2633 215 2663 do
230 2633 419 2664 Annibalem
450 2636 617 2675 superavit.
673 2637 706 2668 Is
736 2637 868 2669 dictator
898 2642 931 2668 et
972 2638 1111 2669 Africam
1150 2638 1338 2670 Annibalem
1373 2637 1494 2678 coegit:
1538 2636 1585 2668 bis
1622 2638 1730 2669 consul

171 2675 336 2717 quinquies
352 2678 457 2708 consul
472 2678 540 2708 fuit.
971 2681 1040 2712 fuit.

216 2718 266 2749 Ib.
289 2719 456 2761 Marcello.]
481 2721 651 2752 Marcellus
667 2723 831 2764 quinquies
854 2735 928 2755 con·
1014 2724 1063 2756 Ib.
1089 2724 1216 2765 Maria]
1251 2723 1370 2754 Marius
1405 2720 1588 2764 Jugurtham
1625 2733 1729 2765 regem

171 2762 217 2791 sul
229 2763 299 2799 fuit,
323 2762 431 2793 Gallos
446 2763 530 2800 vicit,
546 2763 690 2796 Insubres
713 2767 835 2807 reipub.
858 2767 930 2798 sub·
972 2767 1061 2806 vicit,
1078 2768 1117 2798 de
1140 2778 1203 2808 quo
1219 2766 1428 2808 triumphavit.
1471 2766 1640 2802 Teutones,
1652 2765 1731 2796 Am-

163 2802 254 2843 jecit,
269 2804 430 2837 Annibalis
459 2807 630 2840 exercitum
654 2809 694 2840 ad
709 2808 825 2842 Nolam
837 2810 931 2848 fudit,
971 2809 1094 2846 broneS,
1128 2811 1269 2842 Cimbros
1290 2808 1431 2842 funditus
1454 2808 1590 2842 delevitz
1605 2806 1730 2851 'septies

170 2847 338 2889 Syracusas
362 2850 562 2891 expugnavit.
972 2854 1079 2885 consul
1094 2853 1162 2886 fuit.
