1790 3090
43 123 94 164 18

43 198 100 238 20
114 201 229 257 quid·
244 218 339 247 esse
361 206 542 249 videare.
602 206 662 248 Ut
689 208 733 250 in
754 208 970 250 actoribus
993 210 1156 250 Graecis
1186 208 1278 250 fieri
1312 207 1520 258 videmus,
1551 209 1667 264 saepe

114 258 238 302 illum
274 262 347 318 qui
379 270 445 304 est
478 264 761 306 secundarum
807 272 881 307 aut
914 266 1133 308 tertiarum
1172 265 1370 322 partium,
1400 263 1497 306 cum
1530 265 1670 321 possit

112 315 339 373 *aliquanto
377 320 531 360 clarius
567 320 722 372 dicere,
767 324 894 378 quam
929 323 1018 378 ipse
1066 323 1306 378 primarum,
1349 321 1530 362 multum
1557 337 1669 362 sum-

115 373 298 423 mittere,
332 382 377 416 ut
396 376 469 417 ille
490 376 688 432 princeps
710 379 837 433 quam
858 378 1040 420 maxime
1064 379 1274 431 excellat3
1307 378 1370 419 sic
1387 377 1517 419 faciet
1539 378 1671 419 Allie-

116 444 220 472 nus:
253 432 332 472 tibi
350 433 519 483 serviet,
551 432 630 474 tibi
648 434 985 485 lenocinabitur3
1015 434 1155 476 minus
1177 435 1395 491 aliquanto
1419 434 1668 485 contendet,

40 483 103 523 ’25
116 487 248 543 quam
264 495 423 543 potest.

175 544 303 586 XIII,
334 545 432 586 Jam
447 547 532 588 hoc
555 547 837 598 considerate,
858 547 1100 603 cujusmodi
1118 554 1389 589 accusatores
1408 548 1450 588 in
1472 548 1672 603 tantoju-

113 600 233 641 dicio
247 601 381 642 simus
396 603 603 654 habituri3
626 603 722 644 cum
736 612 779 645 et
798 604 890 660 ipse
905 605 1098 645 Allienus
1116 619 1168 645 ex
1187 604 1238 645 ea
1252 605 1469 655 facultate,
1485 605 1520 645 si
1543 618 1673 661 quam

114 656 260 706 habet,
293 658 558 714 aliquantum
591 660 859 702 detracturus
885 661 954 711 sit,
987 668 1030 702 et
1065 661 1266 702 Caecilius
1297 667 1387 701 tum
1408 661 1594 716 denique
1627 676 1671 702 se

118 713 283 769 aliquid
323 715 511 757 futurum
540 724 674 771 putet,
721 717 757 758 si
790 718 986 758 Allienus
1020 716 1159 758 minus
1193 718 1423 758 vehemens
1456 716 1596 767 fuerit,
1630 723 1674 758 et

71 765 202 818 5sibi
237 771 394 826 primas
430 772 474 812 in
496 773 679 814 dicendo
717 782 860 829 partes
892 774 1166 816 concesserit.
1228 774 1437 821 Quartum
1458 787 1587 828 quem
1618 773 1675 814 sit

112 826 356 878 habiturus,
388 843 475 868 non
493 829 633 880 video,
669 830 751 871 nisi
783 845 910 886 quern
930 830 1038 871 forte
1070 845 1121 871 ex
1152 831 1227 871 illo
1249 845 1377 886 grege
1399 836 1672 880 moratorum,

119 883 193 937 qui
215 885 574 940 subscriptionem
596 886 677 927 sibi
699 887 984 942 postularunt,
1006 894 1022 910 a
1039 887 1295 943 cuicumque
1318 901 1393 928 vos
1414 885 1675 927 delationem

119 939 364 981 dedissetis.
427 941 494 982 Ex
514 942 670 997 quibus
691 943 964 985 alienissimis
981 944 1240 993 hominibus,
1273 944 1333 984 ita
1351 950 1521 999 paratus
1539 942 1674 992 venis,

119 1005 168 1036 ut
198 996 277 1036 tibi
310 997 494 1052 bhospes
532 999 685 1054 aliquis
721 1000 777 1040 sit
809 1000 1092 1055 recipiendus.
1153 1000 1320 1048 Quibus
1357 1014 1437 1055 ego
1473 1014 1560 1040 non
1581 1013 1675 1040 sum

50 1045 106 1087 EO
120 1060 287 1093 tantum
318 1053 524 1094 honorem
561 1055 796 1105 habiturus,
829 1063 888 1106 ut,
921 1057 975 1096 ad
1012 1071 1062 1097 ea
1083 1072 1179 1112 quae
1198 1056 1394 1104 dixerint,
1427 1062 1543 1096 certo
1564 1055 1675 1106 loco,

119 1115 194 1149 aut
215 1109 465 1165 singulatim
499 1111 743 1166 unicuique,
777 1113 1070 1166 respondeam.
1134 1112 1207 1152 Sic
1242 1112 1439 1160 breviter,
1473 1110 1675 1167 quoniam

118 1178 204 1204 non
225 1165 432 1214 consulto,
466 1167 542 1206 sed
565 1181 680 1217 casu,
714 1168 757 1207 in
788 1183 933 1208 eorum
955 1168 1216 1208 mentionem
1248 1167 1397 1218 incidi,
1429 1167 1550 1223 quasi
1571 1182 1658 1223 prae

118 1220 275 1262 teriens
304 1221 569 1262 satisfaciam
593 1223 816 1265 universis.
874 1223 1088 1265 Tanta-ne
1110 1224 1233 1265 vobis
1254 1223 1402 1280 inopia
1417 1223 1565 1265 videor
1581 1239 1676 1265 esse

117 1276 362 1328 amicorum,
392 1285 441 1318 ut
462 1278 580 1328 mihi,
614 1295 699 1321 non
722 1295 773 1320 ex
795 1280 861 1320 liis
899 1295 1007 1335 quos
1029 1295 1198 1321 mecum
1228 1280 1494 1332 adduxerim,
1525 1281 1602 1321 sed
1623 1280 1676 1321 de

47 1324 103 1366 15
117 1334 289 1389 populo,
324 1334 590 1390 subscriptor
627 1337 837 1377 addatur?
867 1337 990 1378 vobis
1030 1343 1175 1378 autern
1216 1344 1337 1378 tanta
1371 1336 1517 1392 inopia
1538 1351 1677 1377 rerum

116 1397 198 1440 est,
220 1397 268 1430 ut
298 1391 404 1431 mihi
437 1406 608 1432 causam
642 1393 865 1448 praeripere
889 1393 1103 1434 conemini
1131 1393 1274 1449 potius
1297 1393 1426 1449 quam
1454 1393 1620 1448 aliquos
1649 1391 1675 1433 ὲ

116 1447 315 1488 columna
338 1447 499 1488 Maenia
519 1449 648 1489 vestri
683 1449 856 1500 ordinis,
888 1464 981 1490 reos
1014 1450 1267 1505 reperiatis?
1328 1449 1579 1499 Custodem,
1611 1449 1677 1491 in-

114 1503 220 1557 quit,
268 1503 413 1545 'Tullio
455 1519 522 1546 nie
559 1506 777 1561 apponite.
857 1506 1005 1553 Quid?
1043 1505 1148 1546 mihi
1180 1504 1310 1560 quam
1345 1505 1493 1546 multis
1529 1512 1676 1547 custo-

114 1559 239 1601 dibus
261 1574 372 1616 opus
395 1561 487 1611 erit,
521 1560 556 1602 si
584 1570 626 1603 te
649 1563 781 1603 semel
802 1562 856 1603 ad.
879 1576 994 1602 meas
1017 1576 1170 1618 capsas
1192 1561 1405 1603 admisero
1427 1563 1435 1603 !
1469 1561 1555 1618 qui,
1587 1577 1675 1603 non

592 131 642 163 IN
667 131 917 171 CAECILIUM,
939 131 1198 164 DIVINATlo.

170 1681 500 1728 ’quemcumque
524 1692 589 1716 vos
610 1678 937 1718 constitui-§setis
958 1681 1255 1717 accusatorem.
1404 1675 1619 1728 bignotus.

157 1791 209 1819 ΞΟ.
232 1787 447 1829 Ιηαειυνίἶ)ιιε.]
489 1789 698 1820 Histrionibus
713 1800 837 1831 nempe.

156 1834 208 1861 2⁹1.
232 1831 455 1872 secundarum]
502 1832 539 1861 In
567 1832 688 1867 fabulis,
709 1833 874 1870 primarum

107 1874 246 1913 'partium
274 1885 405 1914 persona
432 1880 508 1910 erat,
534 1885 603 1915 quae
625 1874 735 1915 saepius
769 1876 874 1915 prodi-

111 1917 166 1946 bat
189 1917 219 1946 in
244 1927 388 1955 sccnam5
426 1919 643 1954 secundarum,
667 1928 736 1958 quae
761 1917 871 1953 minsis,

104 1961 169 1990 vecc.

156 2006 208 2033 24.
232 2001 484 2043 Le›zocinul1ilur.]
529 2003 711 2033 Leuocinari
736 2009 781 2033 cst
805 2014 873 2044 gra-

111 2046 186 2075 tiam
205 2045 262 2074 sibi
277 2045 441 2076 conciliare
458 2058 464 2075 z
490 2057 559 2075 nam
578 2046 724 2077 lenonum
739 2052 873 2076 estnon-

109 2088 214 2118 ciliare
231 2088 357 2124 gratiam
373 2089 454 2117 inter
470 2095 634 2120 amatores·

154 2133 185 2161 6.
211 2131 255 2161 Ex
268 2132 319 2161 illo
340 2131 453 2171 grege]
500 2130 553 2161 Ad
577 2137 791 2172 contemptum
817 2143 870 2161 vo-

111 2180 162 2204 cat
200 2184 336 2214 gregem,
366 2184 477 2214 nempe
511 2175 669 2204 sordidum
705 2180 736 2204 et
765 2174 869 2214 abjec-

112 2223 175 2247 tum
190 2228 289 2257 genus
309 2217 547 2251 causidicorum,
565 2217 618 2257 qui
643 2217 871 2248 adhibebantur

110 2260 150 2289 ad
176 2270 290 2289 moram
304 2259 492 2295 faciendam,
509 2260 582 2289 (111111
599 2260 739 2291 1110110105
754 2271 872 2291 recrea-

109 2308 225 2332 rentur.

153 2348 185 2376 8.
211 2345 368 2384 Exquibus
392 2344 598 2383 alienissimis-3
644 2346 871 2379 Idest‚1nora-

109 2393 192 2417 tores
224 2388 286 2422 isti,
314 2388 374 2429 (sic
399 2388 533 2427 explicat
562 2387 796 2425 Hotomannus)
818 2389 871 2427 qui

106 2430 365 2470 subscriptionem
409 2430 467 2459 sibi
516 2430 721 2470 postularunt,
770 2431 869 2460 nihilo

110 2473 208 2513 inagis
225 2473 334 2503 versati
350 2473 465 2503 suntin
483 2473 627 2513 judiciis,
646 2473 738 2513 quum
760 2478 792 2502 tu
816 2479 871 2502 aut

109 2514 290 2555 Apuleius;
314 2515 455 2556 adeoque
481 2516 499 2544 ῖι
525 2516 591 2546 soro
619 2516 711 2545 alieni
735 2521 818 2550 sunt,
838 2522 871 2547 et

110 2558 206 2597 ignari
242 2559 415 2598 disciplina:
441 2559 734 2599 consuetudinisque
768 2559 870 2588 foren-

111 2601 162 2636 sis,
176 2606 220 2637 ut,
236 2600 304 2632 cum
320 2608 352 2630 tu
369 2606 400 2631 te
423 2611 529 2640 speres
551 2612 642 2642 posse
666 2603 705 2631 ab
729 2601 765 2631 iis
782 2612 868 2631 usum

110 2644 324 2684 rationemque
366 2644 518 2674 forensem
558 2645 731 2682 addiscere,
764 2644 869 2674 contra

108 2687 170 2726 ipsi
193 2688 248 2717 libi
278 2688 412 2717 docendi
442 2686 512 2723 sint,
545 2692 701 2728 tamquam
732 2688 869 2728 hospites

110 2736 142 2759 et
158 2730 325 2772 peregrini,
340 2731 393 2772 qui
418 2740 576 2771 nunquam
599 2731 630 2761 111
654 2730 754 2761 forum
778 2741 869 2762 vene-

109 2778 188 2804 runt.

960 1792 1012 1820 13.
1039 1790 1187 1820 Tanta-ne
1214 1790 1289 1819 vobis
1318 1788 1443 1829 ineptit]
1488 1788 1528 1819 Id
1551 1793 1609 1826 est.
1632 1789 1676 1820 ita

916 1833 1085 1862 destitutus
1102 1833 1200 1873 gratia
1215 1833 1299 1872 apud
1311 1833 1446 1870 judices.

961 1877 1013 1905 14.
1037 1875 1094 1905 Sed
1109 1877 1143 1904 de
1163 1876 1269 1914 populo
1298 1874 1497 1914 subscriptor]
1542 1873 1677 1905 Amatu-

915 1917 998 1947 lente
1015 1918 1045 1947 id
1062 1918 1149 1956 dicit,
1166 1918 1254 1958 quasi
1277 1918 1498 1957 subscriptores
1522 1915 1676 1956 ejusmodi

913 1961 945 1990 in
962 1960 1055 2000 vulgo
1068 1960 1251 1990 numerandi
1269 1961 1340 1990 sint.

963 2005 1011 2033 17.
1052 2003 1194 2034 Columna
1228 2002 1364 2042 Maenia]
1410 2001 1566 2033 Columna
1593 2003 1676 2033 Mae-

917 2046 969 2076 nia
993 2052 1058 2077 erat
1084 2047 1115 2075 in
1138 2046 1216 2081 foro,
1241 2047 1281 2076 ad
1307 2055 1401 2086 quam
1425 2046 1519 2080 sures,
1536 2050 1568 2075 et
1592 2046 1674 2076 servi

913 2099 1047 2129 nequam
1099 2089 1306 2129 puniebantur
1355 2087 1373 2117 ῖι
1418 2088 1594 2124 triumviris,
1642 2094 1675 2119 et

914 2132 1039 2161 minoris
1062 2137 1143 2160 notae
1169 2131 1214 2160 rei
1241 2131 1483 2168 accusabantur3
1515 2131 1555 2160 ad
1581 2142 1674 2171 quarn

915 2175 1050 2214 denique
1095 2185 1224 2214 magnus
1262 2174 1475 2203 vilissimorum
1514 2173 1674 2204 hominum

913 2227 1076 2247 concursus
1093 2217 1198 2249 fiebat.
1245 2215 1353 2252 Porro,
1369 2215 1437 2246 csnn
1461 2216 1597 2246 Maenius
1624 2228 1675 2246 su-

916 2271 965 2289 am
991 2261 1116 2289 domum
1143 2260 1257 2290 Catoni
1279 2259 1438 2293 venderet,
1466 2263 1500 2288 ut
1525 2259 1567 2288 ibi
1595 2259 1674 2289 basi-

916 2302 975 2333 lica
1009 2303 1223 2337 aedificaretur,
1253 2302 1377 2341 excepit
1400 2300 1452 2340 jus
1493 2301 1552 2330 sibi
1582 2303 1672 2332 unius

915 2345 1078 2382 coluinnae,
1106 2351 1140 2375 ut
1172 2346 1244 2375 inde
1280 2344 1370 2374 ludos
1398 2345 1466 2383 ipse
1494 2349 1526 2373 et
1556 2346 1672 2384 posteri

914 2392 1100 2428 spectarent.
1428 2421 1435 2424 .

957 2429 1005 2460 Ib.
1032 2429 1207 2470 Custodem]
1263 2428 1505 2460 Accusator-ibus
1526 2430 1672 2460 custodes

914 2473 1176 2513 apponebantur,
1221 2483 1261 2503 ne
1297 2473 1358 2512 ipsi
1393 2479 1670 2512 corrumperentur.

914 2515 992 2545 Rcis
1007 2516 1102 2546 etiam
1118 2516 1162 2545 fas
1176 2515 1235 2545 fuit
1249 2515 1477 2546 accusatoribus
1501 2525 1671 2555 apponere,

915 2559 968 2598 qui
983 2564 1094 2589 cuncta
1119 2557 1256 2597 nossent,
1271 2568 1339 2598 quae
1363 2563 1522 2588 accusator
1536 2563 1670 2589 attenta-

912 2608 970 2637 ret,
988 2607 1021 2630 ut
1035 2601 1109 2630 nihil
1124 2601 1236 2631 fraudis
1250 2602 1391 2631 subesset
1404 2600 1577 2640 injudicio.

958 2645 1006 2674 19.
1030 2644 1077 2673 Ad
1091 2654 1166 2673 meas
1178 2644 1305 2684 capsus]
1352 2643 1456 2683 Capsa
1478 2643 1496 2672 a
1511 2643 1668 2682 capiendo

913 2687 1044 2717 dicitur:
1069 2687 1099 2716 in
1116 2686 1152 2716 iis
1175 2686 1274 2728 capsis
1301 2685 1403 2716 literas
1425 2691 1456 2715 et
1482 2685 1601 2716 tabulas
1625 2686 1669 2716 ait

913 2741 945 2760 50
968 2730 1183 2771 repositurum,
1203 2740 1271 2770 quae
1298 2740 1336 2761 ex
1360 2727 1465 2760 Sicilia
1492 2728 1670 2765 afferentur,

913 2775 937 2804 ai
949 2773 1076 2804 Verrem
1093 2778 1228 2806 accuset.
