1790 3090
107 169 194 223 262

106 1269 160 1308 65
181 1269 329 1311 consul
385 1269 672 1312 ministrabas,

815 182 862 214 tN
894 183 1108 217 PISONEM.

187 257 409 300 madentes
430 259 725 300 cincinnorum
745 258 935 310 fimbriae,
958 268 1001 301 et
1021 261 1202 301 fluentes
1234 268 1549 318 cerussataeque
1579 263 1742 314 buccae,

188 313 330 369 dignae
352 315 518 370 Capua,
545 315 620 355 sed
651 314 724 355 illa
753 322 918 366 vetere;
950 331 1048 357 nam
1079 317 1171 358 haec
1203 317 1390 373 quidem,
1411 333 1507 374 quae
1528 334 1642 360 nunc
1661 327 1740 371 est,

188 370 632 425 splendidissimorum
681 371 916 422 hominum,
951 372 1278 414 fortissimorum
1318 374 1516 426 virorum,
1557 375 1742 430 optimo-

110 424 166 465 50
186 440 276 466 rum
316 427 486 477 civium,
525 426 716 482 mihique
766 427 1135 479 amicissimorum,
1183 430 1454 472 multitudine
1505 431 1738 472 redundat:

185 496 364 537 qnorum
388 482 548 538 Capuae
571 490 612 523 te
635 489 933 538 praetextatum
957 499 1080 525 nemo
1103 485 1315 541 adspexit,
1337 487 1411 542 qui
1441 502 1527 528 non
1555 494 1744 542 gemeret

184 537 399 579 desiderio
422 539 532 590 meij.
565 540 687 594 cujus
711 540 909 590 consilio,
928 541 1025 580 curn
1048 541 1288 582 universam
1311 543 1634 598 rempublicam,
1650 550 1739 584 tum

183 593 299 634 illam
322 594 458 650 ipsam
481 596 641 646 urbem,
664 595 944 636 meminerant
963 612 1057 638 esse
1078 605 1301 639 servatam.
1347 599 1421 639 Me
1441 599 1635 640 inaurata
1657 606 1743 640 sta-

183 650 260 690 tua
283 651 514 692 donarant:
546 667 613 693 me
632 659 856 707 patronum
879 667 1006 693 unum
1029 653 1320 695 adsciverant:
1354 653 1380 695 a
1409 670 1476 696 me
1507 670 1552 696 se
1582 655 1739 697 habere

108 705 164 745 55
183 706 327 757 vitam,
350 707 557 759 fortunas,
579 708 752 759 liberos,
774 708 1110 751 arbitrabantur:
1142 725 1208 751 me
1240 718 1282 751 et

1312 717 1563 766 praesentem
1590 718 1740 753 contra

182 762 453 804 latrocinium
475 771 598 805 tuum
619 764 707 805 suis
729 765 912 806 decretis
943 765 1182 822 legatisque
1204 767 1500 818 defenderunt,
1524 774 1567 809 et
1587 768 1741 809 absen-

181 825 284 870 tem,
319 819 512 875 principe
546 821 626 862 Cn.
663 821 872 876 Pompeio
915 823 1137 874 referente,
1171 830 1215 864 et
1247 824 1300 864 de
1333 838 1511 879 corpore
1552 823 1738 879 Reipub.

182 880 352 916 tuorum
385 878 594 917 scelerum
621 878 706 917 tela
733 878 975 929 revellente,
997 879 1265 921 revocarunt.

1325 881 1394 920 An
1427 887 1472 921 tu
1509 894 1600 921 eras
1636 894 1740 921 con-

182 931 262 978 sul,
286 933 383 971 cum
415 931 458 972 in
493 933 660 973 Palatio
691 948 788 973 mea
809 934 959 974 domus
991 935 1182 986 ardebat,
1215 950 1300 977 non
1337 951 1441 977 casu
1475 936 1635 992 aliquo,
1663 937 1740 978 sed

108 984 162 1025 60
181 985 351 1042 ignibus
373 987 559 1042 injectis,
582 988 814 1044 instigante
835 991 901 1029 te‘?

962 990 1145 1045 Ecquod
1176 991 1219 1031 in
1250 992 1331 1032 hac
1364 993 1465 1033 urbe
1497 1007 1634 1047 majus
1663 1007 1740 1034 un·-

180 1057 310 1098 quam
328 1043 574 1084 incendium
594 1044 686 1095 fuit,
709 1045 776 1085 cui
798 1059 885 1085 non
907 1047 1058 1086 consul
1078 1048 1348 1088 subvenerit?
1387 1049 1447 1088 At
1466 1056 1527 1099 tu,
1547 1049 1623 1090 illo
1643 1049 1738 1105 ipso

179 1106 384 1154 tempore,
399 1101 514 1155 apud
531 1115 701 1141 socrum
718 1108 834 1141 tuam
849 1102 982 1156 prope
1002 1101 1027 1142 Ξι
1040 1102 1146 1143 meis
1161 1103 1342 1154 aedibus,
1359 1105 1481 1159 cujus
1492 1105 1666 1146 domum
1683 1105 1738 1146 ad

179 1169 318 1196 meam
355 1157 688 1197 exhauriendam
726 1158 1007 1212 patefeceras,
1041 1159 1239 1210 sedebas,
1273 1173 1357 1199 non
1396 1160 1626 1212 extinctor,
1662 1162 1740 1203 sed

174 1218 329 1252 auctor
360 1213 570 1263 incendii3
602 1220 645 1254 et
679 1213 875 1255 ardentes
912 1215 1027 1257 faces
1060 1214 1198 1256 Furiis
1236 1215 1460 1257 Clodianis
1493 1215 1615 1271 paene
1647 1217 1740 1273 ipse

734 1269 803 1311 An
844 1270 943 1312 vero

223 1569 276 1598 47.
301 1568 452 1600 Madentes
466 1570 828 1612 cincinnorumfimbria]
874 1570 940 1602 Ga-

179 1611 278 1641 binius
296 1612 424 1652 gerebat
440 1612 569 1652 capillos
586 1614 764 1652 promissos,
778 1615 808 1644 in
824 1614 941 1644 cincin-

180 1663 248 1689 nos,
272 1654 357 1685 velut
379 1655 523 1690 fimbrias,
547 1656 694 1692 vibratos,
719 1663 751 1687 et
774 1657 941 1696 unguentis

180 1697 348 1727 delibutos.
392 1697 454 1727 Per
477 1705 636 1739 unguenta
651 1699 722 1730 verr}
741 1700 889 1740 intelligit
905 1700 940 1730 li-

182 1749 295 1779 quores
314 1739 464 1779 pretiosos
488 1746 521 1769 et.
541 1742 695 1777 odoratos,
713 1743 825 1781 quibus
847 1747 943 1783 caput

185 1782 224 1811 ad
243 1783 353 1811 fastum
371 1782 531 1812 delicatuli
546 1784 789 1824 adspergebant.

224 1823 274 1854 Ib.
298 1823 431 1854 Fluentes
461 1825 580 1866 bracem]
642 1827 796 1857 Fluebant
831 1828 937 1858 buccae

181 1866 320 1904 Gabinii,
344 1867 470 1897 fortasee
497 1874 622 1908 propter
647 1869 816 1899 balbutiem
844 1881 936 1910 quam

180 1909 348 1939 affectabat
374 1912 544 1940 venustatis
571 1911 682 1947 cannah
715 1923 798 1947 nam,
825 1918 858 1942 ut
896 1913 939 1943 ait

181 1951 276 1982 Ovid.
293 1954 324 1982 3.
341 1952 380 1981 de
397 1952 474 1982 Arte
490 1952 651 1983 Atuandi:

222 2036 261 2068 In
288 2039 357 2067 vilio
380 2038 461 2067 decor
483 2043 533 2073 est,
559 2040 687 2078 quaedam
716 2039 791 2069 male
821 2040 937 2070 reddere

308 2080 406 2109 verba:

267 2122 392 2153 Discunt
410 2133 486 2163 posse
507 2123 612 2159 mimis,
637 2124 722 2165 quum
742 2124 871 2164 potuere,
897 2125 936 2155 Io-

307 2177 368 2206 qut.

224 2250 272 2280 ll).
299 2249 485 2291 Cerussata]
513 2249 698 2288 cerussam,
715 2252 745 2281 id
763 2258 820 2288 est,
833 2252 937 2283 tinctae

178 2292 314 2323 cerussa.
359 2293 455 2322 Porro
482 2303 605 2323 cerussa
628 2295 687 2324 suit
715 2305 811 2335 genus
839 2295 937 2336 qnod-

180 2336 251 2365 dam
279 2335 442 2376 pigmenti,
465 2346 526 2375 quo
551 2346 595 2372 se,
621 2338 660 2367 ad
685 2338 851 2368 candorem
881 2337 939 2368 sibi

181 2378 406 2412 adhibendum,
421 2377 592 2408 illinebant.

224 2423 275 2450 48.
299 2420 355 2449 Sed
375 2420 424 2449 itltt
445 2421 562 2460 vetera]
611 2420 728 2461 Capnae
752 2422 825 2452 olim
850 2422 937 2452 luxus

179 2466 211 2491 et
234 2462 378 2503 superbia
402 2462 492 2502 longe
510 2463 671 2503 potentius
686 2465 938 2500 dominabantur,

180 2505 272 2544 quam
288 2505 352 2534 istis
370 2505 528 2535 Ciceronis
544 2506 744 2543 temporibus.

223 2549 274 2577 51.
314 2548 550 2588 Praetextrttzem]
598 2548 763 2578 Duumviri
793 2548 835 2578 illi
875 2559 939 2578 ina-

179 2590 324 2630 gistratus
340 2590 424 2630 apud
443 2589 671 2631 Capuanosjus
685 2592 844 2622 habebant
861 2602 938 2631 prze-

180 2638 282 2662 textze.

221 2676 272 2704 5¹⁴3.
299 2674 446 2705 Desiderio
458 2675 538 2715 mei.]
585 2675 769 2706 Ciceronem
785 2676 937 2717 optabant

179 2717 374 2748 duumvirum
393 2717 558 2758 Campani,
575 2728 637 2748 non
656 2719 812 2749 Pisonem.

221 2761 274 2790 573.
314 2760 456 2789 Inauracd
485 2760 608 2801 staturi]
655 2762 809 2802 Campani
846 2761 936 2791 inau-

178 2802 241 2833 rata
265 2803 366 2833 statuit
382 2803 565 2835 Ciceronem
589 2804 794 2842 donaverunt,
812 2811 938 2846 propter

993 1271 1157 1330 reliquo
1197 1279 1388 1330 tempore
1427 1273 1648 1315 consulem
1697 1281 1740 1316 te

985 1570 1112 1612 aliquod
1127 1571 1209 1601 haud
1229 1570 1322 1602 dubie
1331 1569 1531 1611 beneficium,
1541 1570 1625 1612 quod
1639 1569 1741 1601 abillo

985 1619 1183 1654 acceperant:
1206 1615 1274 1650 scd,
1285 1615 1375 1656 quale
1387 1615 1462 1645 illud
1474 1614 1577 1650 fuerit,
1588 1623 1738 1655 nusquam

986 1657 1145 1697 reperitur.

1028 1702 1082 1730 54.
1114 1700 1306 1741 Patronum]
1349 1699 1396 1730 Ex
1426 1699 1555 1730 Romuli
1588 1698 1743 1734 instituto,

987 1742 1167 1783 permissum
1183 1748 1230 1773 est
1243 1742 1374 1784 plebeiis
1399 1753 1436 1772 ex
1459 1742 1595 1782 patriciis
1610 1741 1668 1772 sibi
1691 1752 1741 1772 as·

988 1796 1108 1815 sumere
1135 1796 1213 1826 quos
1236 1786 1364 1820 vellent,
1388 1786 1439 1826 qui
1467 1785 1603 1825 ipsorum
1631 1794 1739 1814 causas

982 1828 1194 1868 susciperent3
1219 1839 1256 1858 ex
1272 1839 1333 1868 quo
1349 1827 1393 1857 illi
1410 1828 1536 1868 quidem
1558 1827 1694 1868 patroni,
1706 1826 1738 1857 hi

982 1869 1054 1900 ver&
1079 1870 1220 1906 clientes,
1247 1870 1441 1901 dicebantur.
1489 1869 1559 1900 Hoc
1582 1869 1665 1899 idem
1686 1870 1738 1910 jus

983 1913 1089 1952 postea
1104 1913 1141 1943 ad
1159 1914 1304 1943 civitates
1327 1913 1536 1942 transmissum
1551 1917 1609 1947 est,
1626 1912 1738 1952 quibus

981 1955 1107 1985 liberum
1118 1956 1176 1985 fuit
1192 1956 1247 1985 sibi
1266 1961 1411 1995 patronos
1424 1955 1535 1984 Rom-<e
1551 1954 1736 1993 adsciscere,

981 1997 1033 2038 qui
1050 2008 1102 2027 eas
1120 1998 1336 2028 defenderent.

1023 2041 1076 2071 55.
1101 2040 1140 2070 Ec
1161 2039 1354 2080 praesentem.]
1401 2039 1518 2070 Censet
1542 2038 1736 2069 Abrahamus

981 2083 1101 2112 venisse
1119 2083 1261 2123 Capuam
1278 2083 1472 2117 Ciceronem,
1490 2081 1560 2112 cum
1585 2081 1682 2112 abiret
1704 2081 1736 2111 in

981 2125 1134 2160 exsilium,
1151 2131 1183 2155 et
1207 2125 1362 2156 communi
1387 2124 1479 2154 totius
1503 2124 1636 2154 civitatis
1661 2134 1737 2155 voce

981 2167 1115 2198 Romam
1132 2168 1252 2208 legatos
1267 2168 1375 2198 missos
1391 2177 1472 2203 esse,
1486 2166 1539 2207 qui
1556 2177 1610 2207 pro
1626 2177 1664 2197 eo
1680 2167 1736 2197 de-

980 2216 1191 2251 precarentur.

1025 2255 1077 2283 56.
1100 2254 1279 2294 Absentem]
1305 2251 1386 2283 Cum
1402 2252 1513 2283 Cicero
1537 2262 1554 2281 a
1578 2250 1737 2293 Capuanis

981 2296 1136 2335 profectus
1149 2296 1258 2325 fuisset
1274 2295 1305 2324 in
1322 2295 1474 2332 exsilium,
1488 2293 1668 2335 Pompeius,
1681 2294 1734 2334 qui

982 2344 1055 2368 tune
1073 2338 1214 2369 duumvir
1237 2343 1302 2368 erat
1324 2339 1407 2378 apud
1431 2337 1512 2373 illos,
1527 2337 1568 2367 de
1584 2336 1735 2367 Cicerone

983 2380 1014 2410 in
1031 2391 1135 2410 eorum
1152 2385 1260 2411 senatu
1275 2381 1390 2410 retulit.

1025 2425 1078 2453 58.
1104 2423 1229 2454 Tum-tem
1253 2423 1386 2453 scelerum
1413 2422 1498 2462 tela]
1544 2421 1734 2461 Metaphora

982 2471 1106 2505 sumpta.
1131 2466 1148 2495 ᾗ
1167 2466 1354 2501 vulneribus,
1378 2466 1466 2505 quasi
1493 2474 1590 2505 grave
1609 2464 1735 2504 aliquod

982 2508 1092 2537 vulnus
1118 2509 1269 2539 inflictum
1296 2507 1404 2537 fuisset
1427 2505 1608 2545 reipublicae
1635 2506 1653 2536 a
1683 2506 1736 2537 Pi-

983 2560 1069 2585 sone,
1087 2549 1156 2581 cum
1170 2551 1254 2580 abire
1268 2551 1299 2580 in
1315 2550 1453 2579 exsilium
1468 2549 1650 2579 Ciceronem
1668 2559 1738 2590 per⁴

983 2592 1076 2622 misit.

1026 2637 1078 2665 62.
1101 2635 1189 2674 Apud
1203 2645 1313 2665 socrum
1328 2633 1436 2673 tuam]
1477 2633 1556 2670 Quae
1568 2633 1735 2670 fueritilla,

980 2677 1147 2717 ignoratur,
1163 2678 1236 2718 quia
1260 2682 1399 2707 auctores
1423 2676 1558 2706 Romani
1572 2677 1621 2706 vix
1642 2677 1674 2706 in
1690 2677 1737 2706 sa-

981 2720 1072 2750 miliis
1087 2720 1269 2750 feminarum
1285 2719 1411 2749 uomina
1427 2719 1635 2760 appellarunt.

1024 2763 1075 2793 64.
1101 2762 1199 2792 Furiis
1236 2762 1412 2801 Clodianis]
1473 2761 1624 2801 Intelligit
1653 2761 1733 2792 viros

983 2805 1156 2841 seditiosos,
1172 2804 1225 2847 qui
1244 2805 1262 2835 a
1278 2804 1391 2836 Clodio
1406 2804 1554 2836 concitati
1566 2808 1647 2836 sunt.
