1858 3095
688 199 739 233 ΙΝ
763 198 1020 233 cA‘nLrNAM
1044 202 1072 232 1.
1685 204 1737 245 91

117 275 143 315 a
158 280 234 316 tuo
250 276 410 317 scelere
428 275 680 325 abhorreat3
713 290 800 317 non
815 283 881 318 est
897 277 1134 318 ferendum.
1165 275 1459 326 Quamobrem
1476 277 1668 331 discede,

114 339 242 387 atque
275 334 387 374 hunc
417 332 520 373 mihi
553 331 749 373 timorem
780 333 924 390 eripe;
957 335 992 374 si
1019 334 1076 375 sit
1097 350 1236 387 verus,
1259 351 1312 376 ne
1335 334 1573 390 opp1·i1nar;
1605 337 1669 376 sin

115 388 264 441 falsus,
286 398 332 431 ut
352 389 523 430 tandem
543 388 773 444 aliquando
796 391 944 432 timere
966 391 1175 434 desinam.
1239 392 1344 433 11ωο
1376 392 1410 433 si
1442 398 1585 432 tecuin
1606 398 1671 441 (ut

117 445 225 497 dixi)
248 447 383 503 patria
412 446 620 501 loquatur,
642 460 782 486 nonne
815 447 1040 503 impetrare
1062 450 1233 500 debeat,
1256 448 1424 489 etiamsi
1446 448 1531 488 vim
1553 448 1673 488 adhi-

116 502 217 544 bere
238 517 323 544 non
345 501 512 557 possit?
573 502 704 554 Quid,
726 502 839 558 quod
871 512 916 545 tu
948 511 989 545 te
1023 504 1110 561 ipse
1143 506 1184 546 in
1217 505 1459 547 custodiam
1481 504 1747 550 dedisti?80

118 559 235 614 quid,
253 557 383 614 quod,
402 558 587 600 vitandae
600 559 858 616 suspicionis
879 560 1026 612 causa,
1041 562 1154 617 apud
1177 562 1240 603 Μ.
1261 561 1469 617 Lepidum
1490 568 1531 602 te
1554 561 1673 602 habi-

118 623 208 656 tare
229 615 336 655 velle
357 614 536 656 dixisti?
569 615 595 657 a
618 631 703 671 quo
724 631 811 657 non
831 625 1044 673 receptus,
1066 618 1195 658 etiam
1215 618 1270 658 ad
1293 632 1360 658 me
1384 617 1523 658 venire
1544 633 1672 659 ausus

119 685 190 722 es;
221 678 365 728 atque,
382 679 429 712 ut
450 672 566 713 domi
589 687 693 713 meze
714 680 755 713 te
778 674 1251 730 asserva1·e1n,rogiisti.
1313 674 1424 715 Cum
1440 673 1466 714 a
1483 688 1551 715 me
1568 689 1674 730 quo-

117 741 199 782 que
217 727 261 768 id
277 742 531 784 responsum
548 729 756 780 rtulisses,
775 744 839 770 me
857 730 972 770 nullo
987 730 1114 771 modo
1129 744 1254 785 posse
1271 730 1426 771 iisdem
1439 730 1673 786 parietibus

118 783 210 824 tuto
232 799 327 826 esse
350 793 508 837 tecum,
530 785 605 841 qui
625 799 781 840 magno
804 785 848 826 in
869 786 1060 841 periculo
1082 801 1237 838 esseni,
1259 786 1378 843 quod
1396 787 1549 828 iisdem
1571 803 1675 828 moe-
1693 791 1747 832 85

118 840 246 881 nibus
279 842 622 892 contineremur3
655 842 710 883 ad
741 842 795 890 Q.
826 842 1052 884 Metellum
1082 850 1306 898 praetorem
1326 843 1506 895 venisti3
1537 843 1563 884 a
1590 859 1675 900 quo

119 896 383 953 repudiatus,
415 898 470 939 ad
501 899 695 939 sodalem
725 905 862 950 tuum,
886 899 1021 940 virum
1052 899 1276 955 optimum,
1307 900 1371 942 M.
1404 900 1676 951 Marcellum,

120 953 373 1010 demigrasti
393 971 401 996 :
434 969 562 1011 quein
576 961 622 995 tu
640 955 843 997 videlicet
858 963 902 996 et
919 956 973 996 ad
990 956 1323 997 custodiendum
1340 963 1383 998 te
1399 957 1679 1013 diligentissi-

119 1025 248 1061 mum,
258 1019 302 1052 et
313 1011 367 1052 ad
384 1012 693 1067 suspicandum
706 1012 1050 1068 sagacissimum,
1060 1020 1103 1052 et
1116 1014 1168 1053 ad
1182 1013 1489 1054 vindicandum
1499 1014 1678 1056 fortissi-

118 1082 252 1119 mum,
272 1068 361 1110 fore
382 1068 563 1124 putasti.
624 1067 712 1110 Sed
733 1067 863 1125 quam
893 1068 1022 1123 longe
1045 1069 1211 1110 videtur
1241 1068 1268 1109 a
1299 1084 1467 1111 carcere
1495 1078 1625 1127 atque
1651 1071 1678 1112 a
1695 1076 1752 1117 90

119 1124 304 1166 vinculis
320 1125 472 1167 abesse
489 1125 660 1177 debere,
677 1125 751 1181 qui
769 1141 814 1167 se
830 1121 1079 1182 ipsum'jam
1095 1125 1274 1181 dignum
1291 1127 1494 1168 custodia
1509 1128 1679 1183 judica-

118 1181 255 1222 verit?

178 1237 256 1279 IV.
287 1238 396 1285 Quae
427 1238 525 1279 cum
557 1239 618 1280 ita
655 1238 756 1289 sint,
789 1238 991 1290 Catilina,
1026 1239 1213 1290 dubitas,
1247 1239 1284 1280 si
1320 1239 1392 1281 hic
1432 1242 1562 1282 emori
1599 1249 1679 1282 ³²ae-

121 1308 208 1350 quo
242 1294 385 1336 animo
413 1310 499 1336 non
531 1302 670 1351 potes,
702 1295 817 1336 abire
849 1295 893 1336 in
926 1295 1091 1351 aliquas
1124 1303 1272 1346 terras,
1302 1304 1345 1337 et
1371 1297 1502 1339 vitam
1535 1298 1677 1350 istam,

119 1350 265 1391 multis
297 1351 520 1409 suppliciis
553 1352 684 1406 justis
715 1351 956 1406 debitisque
988 1359 1192 1407 ereptam,
1224 1352 1337 1407 fugae
1371 1354 1678 1411 solitudinique

120 1407 354 1448 mandare?
411 1406 554 1459 Refer,
588 1407 748 1463 inquiS,
780 1408 834 1448 ad
868 1414 1064 1448 senatum
1103 1409 1163 1460 (id
1199 1408 1311 1449 enim
1346 1410 1586 1463 postulas):
1619 1419 1678 1463 et,

119 1463 158 1504 si
191 1463 264 1504 hic
296 1463 400 1505 ordo
433 1463 515 1504 sibi
547 1465 719 1520 placere
750 1464 999 1515 decreverit,
1032 1470 1074 1504 te
1105 1464 1165 1505 ire
1199 1465 1243 1504 in
1275 1465 1486 1516 exsilium,
1512 1468 1679 1509 obtem-

123 1527 370 1576 peraturum
409 1527 452 1562 te
493 1535 587 1562 esse
625 1520 747 1562 dicis.
819 1520 919 1562 Non
954 1520 1133 1563 referam
1159 1521 1237 1571 (id,
1271 1522 1388 1578 quod
1421 1523 1622 1566 abhorret
1652 1524 1679 1566 ὲ

121 1577 230 1618 meis
263 1577 498 1630 moribus);
531 1584 574 1618 et
608 1584 753 1618 tamen
784 1576 939 1619 faciam
971 1584 1019 1618 ut
1057 1577 1289 1633 intelligas,
1322 1579 1423 1634 quid
1458 1579 1503 1621 hi
1542 1581 1596 1623 de
1635 1589 1681 1623 te

121 1633 323 1675 sentiant.
383 1633 600 1690 Egredere
636 1648 688 1675 ex
724 1634 841 1687 urbe,
875 1633 1090 1690 Catilina:
1121 1634 1256 1675 libera
1287 1633 1500 1693 Rempub.
1537 1645 1679 1680 metu:

121 1689 169 1731 in
201 1690 411 1742 exsilium,
440 1691 477 1732 si
509 1691 621 1732 hanc
651 1705 805 1732 vocem
838 1698 1082 1747 exspectaS,
1103 1691 1388 1747 proficiscere.
1448 1693 1564 1742 Quid
1600 1702 1680 1747 est,

125 1746 345 1788 Catilina?
376 1747 534 1804 ecquid
575 1748 790 1789 attendis?
827 1748 985 1804 ecquid
1016 1748 1320 1789 animadvertis
1360 1749 1510 1791 horum
1549 1752 1678 1793 silen-
1702 1759 1754 1800 10

124 1803 264 1845 tium?
294 1804 529 1860 patiuntur,
549 1811 709 1846 tacent.
769 1804 885 1852 Quid
907 1812 1132 1861 exspectas
1152 1805 1478 1848 bauctoritatem
1499 1808 1684 1864 loquen-

125 1861 248 1912 tium,
271 1876 451 1917 quorum
470 1863 738 1904 voluntatem
758 1862 987 1903 tacitorum
1008 1861 1215 1919 perspicis
1231 1862 1247 1902 ’ἒ
1309 1864 1382 1912 At,
1405 1864 1441 1904 si
1462 1864 1547 1906 hoc
1567 1866 1683 1907 idem

125 1918 228 1960 huic
241 1918 508 1962 adolescenti
522 1919 700 1976 optimo,
714 1919 765 1961 P.
780 1918 945 1972 Sextio,
963 1918 999 1960 si
1013 1919 1246 1961 fortissimo
1258 1918 1362 1972 vim,
1377 1920 1442 1962 M.
1457 1921 1682 1975 Marcello,

1726 1476 1752 1514 tn

395 2037 655 2089 ‘accepisses
802 2037 975 2088 aquieto.
1121 2033 1414 2076 bsententiam.

171 2148 224 2178 87.
247 2146 376 2177 sodalem
398 2147 509 2188 tuum]
556 2147 744 2178 sodalitates
770 2147 881 2177 Romae

128 2190 260 2225 suerunt,
281 2200 350 2231 quae
373 2190 491 2230 legibus
515 2191 785 2226 concede-baninu
810 2189 882 2219 hinc

128 2238 233 2263 autem
259 2233 382 2263 sodales
396 2233 472 2263 dicti
495 2238 575 2268 sunt,
593 2238 670 2263 testo
691 2232 795 2268 Festo,
809 2231 883 2271 ‹11th

127 2276 192 2305 ωιιὶ
206 2276 329 2306 sederent
344 2282 496 2316 essentque.
534 2276 662 2307 Marcus
677 2282 780 2306 autem
797 2275 885 2306 Mar-

125 2320 225 2350 cellus
241 2329 319 2350 unus
335 2330 372 2349 ex
394 2319 484 2350 sociis
498 2319 643 2350 Catilium
658 2319 726 2354 fuit,
751 2329 806 2359 pro
822 2329 884 2360 quo

131 2359 247 2394 Cicero
264 2362 372 2403 postea
386 2363 467 2403 apud
486 2362 638 2393 Caesarem
654 2362 744 2392 dixit.

173 2408 204 2437 3.
229 2404 320 2446 Fugae
347 2406 552 2446 solitudinique
580 2404 744 2445 mandam]
790 2405 884 2434 Blan-

131 2452 206 2481 dare
223 2459 255 2479 se
270 2450 365 2488 sugae,
381 2448 412 2478 id
430 2455 487 2484 est,
503 2448 684 2489 profugere:
707 2454 734 2478 et
748 2449 887 2479 mandare

129 2504 157 2524 se
170 2492 321 2524 solitudini
333 2497 391 2530 est,
407 2502 439 2522 se
452 2491 618 2527 occultare,
629 2496 661 2522 et
673 2491 778 2532 fugere
792 2491 891 2521 homi-

134 2547 208 2567 num
224 2535 413 2566 societatem.

177 2582 208 2610 4.
233 2577 332 2620 Ibfer,
359 2579 464 2618 inquis,
490 2579 529 2608 «ul
557 2577 714 2619 senatum]
760 2577 890 2608 Nullum

135 2631 272 2663 uuquam
280 2621 374 2652 fiebat
382 2620 709 2662 senatus-consultum,
721 2620 794 2664 quin
806 2620 889 2662 prius

135 2664 155 2694 εἰ
170 2664 295 2696 consule
308 2664 479 2697 referretur.

179 2709 210 2738 6.
230 2707 371 2739 Abhorret
399 2708 417 2737 ᾰ
447 2709 515 2739 meis
543 2708 692 2749 moribus]

135 2749 221 2781 omni
252 2751 416 2782 severitate
440 2757 472 2782 et
496 2751 610 2782 duritia
633 2751 742 2782 Cicero
766 2751 886 2781 alienus

134 2798 229 2831 esset,
242 2793 406 2824 videbatur
416 2799 523 2825 contra
532 2804 618 2825 suam
630 2801 769 2825 naturam
783 2804 888 2836 agere,

133 2837 158 2869 si
181 2837 221 2869 de
247 2835 384 2868 Catilina
405 2837 530 2871 referret
551 2838 593 2870 ad
616 2842 771 2878 senatum,
790 2837 808 2869 a
827 2848 888 2881 quo

738 2706 818 2739 Cum
847 2707 885 2737 ab

925 2147 1143 2186 proculdubio
1166 2147 1361 2177 damnandus
1385 2154 1470 2178 erat:
1495 2148 1590 2189 quare
1607 2149 1684 2180 nihil

925 2190 966 2220 de
992 2201 1031 2220 co
1056 2190 1182 2220 retulit:
1207 2190 1298 2230 igitur
1323 2191 1433 2220 salsum
1461 2197 1508 2221 cst
1531 2193 1615 2232 quod
1642 2193 1685 2222 ait

927 2233 1003 2269 Dio,
1018 2232 1300 2263 senatos-consulto
1321 2245 1358 2263 ex
1375 2233 1457 2263 Urbe
1474 2235 1585 2265 abiisse
1599 2236 1686 2266 Caii-

928 2277 1034 2312 linani,
1048 2276 1249 2317 quianullum
1261 2276 1453 2318 serripotuit‚
1462 2277 1518 2306 nisi
1532 2279 1684 2309 resen-ente

928 2319 1080 2350 Cicerone
1096 2319 1234 2350 consule.

973 2367 1025 2392 11.
1049 2361 1236 2400 Patiuntur]
1291 2361 1458 2393 Catilinam
1485 2363 1528 2394 irc
1554 2363 1585 2394 in
1608 2363 1687 2395 exsi-

929 2405 1004 2436 lium
1021 2404 1279 2446 patiuuturfacile
1296 2411 1464 2437 senatores·

971 2448 1021 2479 Il).
1047 2448 1182 2489 Tacent]
1236 2448 1385 2479 'rat-endo
1415 2449 1590 2490 approbant
1617 2449 1686 2491 ejus

932 2492 1166 2534 profectionem.

978 2538 1030 2566 152.
1053 2533 1246 2574 Taenarum-J
1302 2533 1340 2564 Id
1373 2539 1431 2573 est,
1462 2535 1520 2565 etsi
1551 2540 1686 2571 taceant,

932 2582 1037 2608 tamen
1052 2579 1110 2607 hoc
1125 2588 1180 2608 suo
1195 2577 1318 2607 silentio
1334 2577 1524 2608 voluntatem
1540 2578 1585 2608 illi
1600 2589 1685 2608 suain

934 2621 1007 2652 satis
1021 2621 1175 2661 aperiunt.

973 2666 1024 2695 13.
1049 2663 1127 2695 Pub.
1166 2663 1286 2704 Sextia]
1348 2662 1469 2693 Sextius
1507 2664 1565 2693 hoc
1604 2674 1685 2694 anno

930 2713 1062 2748 quaestor
1072 2706 1201 2737 Antonii
1212 2705 1345 2738 consulis
1354 2712 1430 2742 erat,
1438 2716 1494 2746 pro
1504 2715 1567 2746 quo
1574 2705 1685 2739 Cicero

930 2751 1097 2781 orationem
1114 2750 1234 2781 habuit.

975 2793 1023 2825 lb.
1047 2793 1093 2824 Μ.
1109 2792 1276 2832 Marcellin]
1316 2790 1349 2822 Is
1365 2791 1413 2823 M.
1430 2790 1601 2824 Marcellus
1615 2792 1686 2830 fuit,

933 2847 1026 2881 quein
1043 2836 1152 2871 Cicero
1169 2833 1324 2868 defendit.
