1790 3090
76 135 157 177 114

142 212 306 264 urbem,
341 210 550 253 hodierno
591 206 676 261 die,
707 210 883 251 deorum

716 132 767 165 IN
793 130 1058 164 CATILINAM
1081 129 1150 165 111.

932 207 1239 251 immortalium
1286 220 1453 249 summo
1499 222 1600 265 erga
1629 222 1706 250 vos

97 269 125 308 5
143 284 299 320 amore,
319 268 551 317 laboribus,
574 265 785 319 consiliis,
813 266 1102 322 periculisque
1140 265 1260 316 meis,
1283 280 1335 306 ex
1368 264 1542 305 flamma
1573 272 1705 322 atque

141 327 266 375 ferro,
288 340 339 366 ac
360 323 480 380 paene
504 338 556 364 ex
574 323 770 364 faucibus
793 323 886 374 fati,
908 330 1112 379 ereptam,
1131 329 1174 364 et
1193 322 1316 363 vobis
1339 327 1634 363 conservatam
1654 337 1705 363 ac

140 384 397 430 restitutam,
416 380 585 421 videtis.

645 387 660 402 ὃ
676 379 746 430 Et,
769 379 805 420 si
829 394 913 420 non
935 380 1074 420 minus
1096 379 1220 420 nobis
1235 378 1419 434 jucundi
1436 384 1564 433 atque
1584 378 1706 419 illus-

141 446 226 480 tres
248 445 346 478 sunt
366 437 393 477 ii
415 437 507 477 dies
529 436 684 492 quibus
704 451 1018 487 conservamur,
1041 435 1171 491 quam
1192 435 1255 475 illi
1288 435 1443 491 quibus
1465 434 1701 485 nascimur;

142 495 258 551 quod
279 493 428 535 salutis
450 502 567 534 certa
584 492 734 533 laetitia
754 499 834 542 est,
860 492 1067 533 nascendi
1093 491 1254 532 incerta
1275 491 1492 542 conditi03
1525 498 1568 532 et
1588 490 1706 547 quod

72 549 123 589 10
142 550 234 592 sine
256 565 385 592 sensu
405 550 633 600 nascimur,
655 564 753 590 cum
776 549 998 604 voluptate
1020 562 1341 599 conservamur3
1373 547 1578 604 profecto,
1602 562 1706 604 quo-

141 608 257 649 niam
289 607 419 657 illum,
452 607 524 662 qui
555 607 666 647 hanc
693 606 841 646 urbem
873 604 1083 652 condidit,
1123 603 1357 645 Romulum
1387 605 1441 645 ad
1479 604 1584 645 deos
1628 604 1707 645 im-

139 664 342 705 mortales
378 661 678 704 benevolentia
710 661 910 718 famaque
946 660 1225 711 sustulimus3
1258 675 1352 701 esse
1374 661 1489 716 apud
1508 675 1584 702 vos
1606 675 1707 716 pos-

139 726 342 775 terosque
362 726 526 761 vestros
549 719 592 759 in
614 720 773 760 honore
807 718 985 759 debebit
1006 718 1057 770 is,
1080 718 1154 774 qui
1186 717 1381 758 eamdem
1416 716 1527 757 hanc
1557 718 1706 759 urbem

140 777 361 818 conditam
397 776 787 831 amplificatamque
823 775 1026 826 servavit3
1057 789 1157 815 nam
1193 774 1271 814 toti
1295 772 1404 824 urbi,
1426 773 1614 828 templis,
1635 774 1706 814 de-

69 829 121 870 15
139 833 288 884 lubris,
305 831 432 874 tectis
450 847 501 873 ac
515 832 741 880 moenibus,
758 832 977 887 subjectos
994 831 1227 887 propejam
1243 829 1382 886 ignes,
1397 829 1707 871 circumdatos-

140 905 238 945 que,
257 889 531 930 restinximus
547 905 556 929 :
588 888 803 944 iidemque
826 887 994 944 gladios
1010 887 1054 929 in
1071 887 1286 943 Rempub.
1300 886 1529 928 destrictos
1546 885 1706 927 retudi-

140 961 251 996 mus,
274 959 585 1000 mucronesque
607 959 752 985 eorum
775 944 978 999 &jugulis
1000 945 1153 985 vestris
1170 943 1412 999 rejecimus.

1473 943 1581 990 Quae
1602 957 1706 999 quo-

139 1002 256 1043 niam
285 1001 330 1041 in
363 1010 514 1042 senatu
541 1001 766 1050 illustrata,
788 1000 1021 1055 patefacta,
1046 1007 1354 1055 compertaque
1386 1006 1487 1040 sunt
1515 1014 1593 1055 per
1622 1014 1706 1050 me,

138 1059 261 1099 vobis
277 1058 369 1114 jam
391 1072 603 1113 exponam
622 1056 821 1107 breviter,
844 1056 1047 1107 Quirites,
1066 1064 1125 1106 ut,
1148 1063 1192 1097 et
1213 1062 1445 1111 quanta‚et
1466 1055 1597 1111 quain
1619 1070 1706 1096 ma-

66 1112 122 1152 20
140 1115 309 1163 nifesta,
333 1121 375 1154 et
395 1114 481 1169 qua
504 1113 667 1154 ratione
689 1112 948 1168 investigata
979 1121 1022 1156 et
1053 1114 1363 1169 comprehensa
1393 1111 1494 1164 sint,
1516 1127 1609 1165 vos,
1632 1112 1705 1171 qui

139 1170 362 1230 ignoratiS,
384 1172 457 1224 [ex
478 1170 605 1224 actis]
629 1169 739 1212 scire
759 1168 953 1228 possitis.

815 1347 831 1363 ²²
846 1341 955 1395 quod
982 1343 1033 1382 si.

181 1516 212 1545 6.
259 1513 303 1543 Er
329 1511 473 1554 faucibus
500 1510 596 1553 fati]
655 1510 845 1552 Metaphora
882 1511 902 1540 εἴ

137 1556 249 1586 belluis
292 1555 456 1585 ferocibus.
521 1554 632 1584 Fatum
668 1554 845 1583 sumebatur
882 1553 900 1583 ὲ

138 1599 255 1629 Sto'icis
278 1609 335 1639 pro
348 1597 426 1628 serie
442 1596 579 1638 quadarn
602 1596 786 1626 immutabili
800 1607 900 1626 rerum

137 1642 287 1677 omnium,
312 1642 364 1682 qui
396 1640 513 1669 homini
542 1639 671 1670 cuilibet
702 1639 825 1669 evenire
857 1639 901 1669 ita

137 1684 310 1715 necessario
332 1684 501 1719 debebant,
517 1690 551 1712 ut
567 1693 606 1712 ne
631 1682 759 1723 quidem
783 1682 802 1712 ἐ
826 1681 897 1713 Deo

138 1733 266 1768 possent
300 1726 465 1756 immutari.
525 1724 620 1761 Quod
659 1731 762 1754 autem
800 1725 898 1754 fatum

138 1781 195 1810 pro
221 1770 345 1800 interitu
380 1768 462 1808 saepe
497 1769 535 1798 ab
559 1769 595 1797 iis
620 1773 800 1805 sumeretur,
825 1768 898 1798 hinc

138 1813 255 1843 factum
279 1818 336 1848 est,
361 1818 394 1841 ut
412 1812 573 1841 crederent
606 1811 650 1840 illi
681 1816 811 1846 veteres,
836 1821 897 1851 quo

139 1857 287 1896 temporis
331 1860 489 1885 momento
533 1854 600 1894 quis
637 1859 824 1889 nasceretur,
861 1864 899 1883 eo

138 1898 206 1939 ipso
229 1899 364 1929 fataliter
389 1899 429 1927 de
457 1896 537 1926 illius
561 1901 668 1932 morte,
685 1902 777 1937 atque
796 1898 835 1926 de
850 1896 899 1925 in-

138 1942 242 1977 teritu,
264 1941 423 1972 constitui.
469 1940 563 1976 Quod
594 1940 715 1969 Seneca
747 1939 820 1970 satis
851 1940 900 1969 in-

139 1985 225 2014 dicat
247 1985 294 2015 his
317 1984 429 2022 verbis,
454 1982 626 2022 Primusque
658 1983 718 2013 dies
751 1983 830 2012 dedit
852 1993 900 2012 ecc-

138 2034 271 2059 tremum.

182 2073 213 2101 8.
239 2070 352 2104 Quibus
366 2068 538 2108 noscimur]
600 2066 812 2098 Celebrabant
832 2067 900 2097 Ro-

139 2113 224 2143 mani
240 2114 324 2143 diem
340 2124 427 2143 suurn
444 2111 592 2146 natalem,
608 2116 640 2140 et
655 2111 834 2141 amicorum.

185 2159 215 2187 9.
240 2155 325 2191 Quod
345 2156 449 2186 salutis
474 2160 552 2184 certa
578 2154 680 2183 laetitia
704 2154 771 2194 est]
819 2152 899 2184 Cum

139 2209 368 2235 conservamur,
385 2199 424 2228 de
440 2197 539 2228 salute
554 2196 658 2226 nostra
679 2196 820 2227 dubitare
834 2207 897 2226 non

140 2252 313 2282 possumus,
328 2241 464 2282 ideaque
477 2241 544 2270 dies
559 2239 611 2269 ille
620 2239 709 2269 nobis
724 2239 797 2270 felix
807 2245 855 2270 est
867 2244 899 2269 et

139 2285 248 2324 laetus;
272 2290 313 2321 at,
331 2284 400 2315 esim
426 2283 588 2318 nascimur,
602 2283 753 2313 incertum
780 2288 837 2318 est,
858 2292 897 2312 an

140 2327 222 2358 bona
248 2328 386 2358 mala-ne
408 2327 446 2357 sit
468 2328 570 2356 sutura
593 2326 664 2355 vitae
687 2332 798 2355 nostrie
822 2336 897 2355 con-

140 2370 229 2400 ditio.
274 2371 397 2401 Etenim
421 2369 630 2411 quotocuique
658 2368 721 2398 vita
740 2369 850 2398 misera
867 2373 899 2398 et

140 2413 248 2443 infelix
275 2414 447 2453 contingit?
484 2411 565 2442 certe
600 2410 743 2440 exstitere
778 2411 898 2451 populi,

141 2456 207 2497 qui,
237 2455 306 2486 curn
339 2457 408 2497 quis
441 2459 629 2489 nasceretur,
653 2454 794 2484 miseram
815 2454 897 2484 illius

141 2499 352 2530 conditionem
370 2499 626 2529 lamentabantur.

185 2546 236 2573 11.
259 2541 415 2572 Romulum
430 2543 467 2571 ud
482 2541 571 2580 cleos]
619 2540 668 2571 Sic
687 2540 781 2571 refert
802 2540 843 2569 de
859 2549 898 2570 eo

944 1509 1090 1540 Aurelius
1119 1509 1240 1547 Victor,
1266 1520 1335 1550 cap.
1361 1512 1393 1540 2.
1420 1510 1461 1540 de
1490 1509 1574 1541 Viris
1602 1510 1707 1545 Illust.

947 1553 1019 1582 Cum
1048 1553 1086 1581 at
1115 1551 1230 1591 Capreae
1254 1554 1394 1592 paludem
1417 1555 1569 1583 exercitum
1598 1554 1709 1586 lustra-

943 1602 999 1632 ret,
1029 1606 1171 1634 'nusquam
1192 1598 1355 1635 comparuit
1363 1607 1374 1633 ‚·
1404 1598 1482 1626 uude
1510 1598 1588 1627 inter
1612 1604 1710 1637 patres

945 1644 973 1668 et
990 1639 1130 1677 populum
1156 1639 1292 1669 seditione
1319 1638 1394 1674 orla,
1422 1638 1522 1669 Julius
1553 1639 1709 1677 Proculus,

943 1682 989 1710 vir
1017 1681 1128 1716 nobilis,
1152 1682 1183 1710 in
1214 1683 1371 1711 concionem
1399 1683 1542 1721 processit,
1565 1689 1591 1713 et
1616 1685 1707 1722 jure-

931 1724 1069 1762 jurando
1097 1724 1244 1764 firmavit,
1280 1724 1441 1755 Romulum
1475 1725 1494 1754 ὰ
1515 1736 1543 1755 se
1575 1726 1608 1755 in
1639 1727 1709 1757 colle

944 1766 1097 1800 Quirinali
1130 1768 1222 1796 visum
1253 1769 1420 1808 augustiore
1444 1766 1560 1808 foi-nui,
1582 1768 1647 1799 mim
1669 1770 1708 1800 ad

942 1811 1005 1839 deos
1027 1811 1116 1839 abiret
1126 1821 1135 1845 ,·
1172 1811 1355 1850 eumdemque
1388 1812 1539 1849 proecipere
1571 1818 1607 1842 ut
1629 1813 1703 1843 secli·

942 1854 1067 1882 tionibus
1101 1854 1285 1891 abstinerent,
1317 1854 1453 1883 virtutem
1489 1855 1707 1896 colerent‚·fu-

942 1901 1042 1925 turum
1077 1902 1110 1925 ut
1143 1897 1269 1926 omnium
1300 1898 1432 1937 gentium
1465 1897 1574 1927 domini
1605 1899 1706 1929 eriste-

941 1944 1017 1969 rent.
1096 1938 1197 1978 Hiy‘us
1241 1940 1412 1969 auctoritati
1454 1941 1597 1970 creditum
1641 1947 1705 1979 est,-

941 1982 1012 2011 aedes
1034 1982 1066 2011 in
1093 1982 1161 2011 colle
1194 1981 1348 2015 Quirinali
1379 1982 1504 2011 Romulo
1530 1985 1704 2022 constitut05

942 2026 999 2062 ipse
1024 2035 1079 2064 pro
1100 2025 1151 2054 deo
1172 2025 1281 2064 cultus,
1295 2032 1322 2055 et
1348 2024 1492 2059 Quirinus
1517 2031 1557 2056 est
1578 2027 1706 2066 appella-

943 2072 1000 2096 tus.

989 2111 1039 2140 13.
1065 2108 1251 2150 Debebitis]
1300 2109 1473 2150 Significat,
1485 2116 1604 2147 se,tum
1618 2113 1703 2152 apud

944 2152 1038 2187 cives,
1054 2157 1117 2182 tum
1134 2153 1218 2193 apud
1242 2158 1393 2193 posteros,
1408 2154 1441 2183 in
1456 2154 1572 2184 honore
1587 2155 1703 2186 debere

942 2205 1022 2233 esse,
1039 2194 1122 2235 quod
1148 2195 1256 2225 consul
1285 2196 1364 2227 hanc
1396 2197 1503 2227 urbem
1529 2198 1568 2228 ab
1597 2198 1705 2228 incen-

943 2238 994 2267 dio
1011 2238 1162 2269 servavit:
1187 2239 1271 2269 unde
1297 2249 1330 2269 se
1354 2240 1447 2270 tacite
1474 2251 1544 2271 cum
1566 2239 1702 2271 Romulo

941 2282 1070 2311 confert.

985 2326 1036 2354 14.
1064 2323 1195 2364 Templis,
1211 2325 1363 2366 delubris]
1407 2326 1539 2366 Templa
1561 2327 1704 2357 dicuntur

941 2367 1124 2408 singulorum
1148 2369 1271 2398 Iocorum
1293 2369 1351 2398 diis
1371 2369 1586 2399 attributorum.
1634 2369 1702 2400 De-

941 2408 1031 2440 lubra
1054 2411 1117 2440 verr)
1149 2412 1305 2441 multorum
1337 2413 1440 2441 aetlium
1464 2413 1516 2442 sub
1538 2423 1597 2442 uno
1619 2418 1702 2448 tecto,

940 2451 966 2526 a}
996 2453 1108 2484 diluvio
1140 2454 1249 2493 pluvia:
1293 2456 1490 2492 munitarum,
1527 2455 1586 2487 ἃς.
1652 2456 1703 2487 lta

970 2500 1067 2528 estus.

792 2665 857 2696 NA
863 2665 1045 2697 RRATIO.

138 2750 354 2791 Narratio
361 2749 468 2800 baec,
476 2762 552 2792 seu
558 2749 776 2803 eavposz'tio,
785 2749 896 2791 duas
908 2749 1041 2790 veluti
1042 2752 1192 2803 partes
1199 2748 1505 2802 complectitur,
1514 2762 1700 2803 quarum
