<?xml version="1.0" encoding="UTF-8"?>
<!DOCTYPE html PUBLIC "-//W3C//DTD XHTML 1.0 Transitional//EN"
    "http://www.w3.org/TR/xhtml1/DTD/xhtml1-transitional.dtd">
<html xmlns="http://www.w3.org/1999/xhtml" xml:lang="en" lang="en">
 <head>
  <title>
</title>
<meta http-equiv="Content-Type" content="text/html;charset=utf-8" />
  <meta name='ocr-system' content='tesseract 3.04.00' />
  <meta name='ocr-capabilities' content='ocr_page ocr_carea ocr_par ocr_line ocrx_word'/>
</head>
<body>
  <div class='ocr_page' id='page_1' title='image "./selectaeoratione00ciceuoft_0502.png"; bbox 0 0 1790 3090; ppageno 0'>
   <div class='ocr_carea' id='block_1_1' title="bbox 62 183 1691 322">
    <p class='ocr_par' dir='ltr' id='par_1_1' title="bbox 62 183 1691 322">
     <span class='ocr_line' id='line_1_1' title="bbox 62 183 1076 230; baseline -0.006 0"><span class='ocrx_word' id='word_1_1' title='bbox 62 183 148 230; x_wconf 72' lang='lat'><strong>460</strong></span> <span class='ocrx_word' id='word_1_2' title='bbox 741 188 1004 223; x_wconf 79' lang='lat' dir='ltr'>PHILIPPICA</span> <span class='ocrx_word' id='word_1_3' title='bbox 1027 189 1076 224; x_wconf 89' lang='lat'><strong>11.</strong></span> 
     </span>
     <span class='ocr_line' id='line_1_2' title="bbox 135 263 1691 322; baseline 0.002 -16"><span class='ocrx_word' id='word_1_4' title='bbox 135 263 399 316; x_wconf 66' lang='lat' dir='ltr'><strong>contumelia</strong></span> <span class='ocrx_word' id='word_1_5' title='bbox 430 263 644 315; x_wconf 79' lang='lat' dir='ltr'><strong>describo,</strong></span> <span class='ocrx_word' id='word_1_6' title='bbox 675 263 853 306; x_wconf 65' lang='lat' dir='ltr'><strong>nimium</strong></span> <span class='ocrx_word' id='word_1_7' title='bbox 883 266 1014 307; x_wconf 89' lang='lat' dir='ltr'><strong>debet</strong></span> <span class='ocrx_word' id='word_1_8' title='bbox 1034 265 1105 306; x_wconf 71' lang='lat' dir='ltr'><strong>diu</strong></span> <span class='ocrx_word' id='word_1_9' title='bbox 1126 265 1284 322; x_wconf 87' lang='lat' dir='ltr'><strong>populo</strong></span> <span class='ocrx_word' id='word_1_10' title='bbox 1306 263 1504 307; x_wconf 89' lang='lat' dir='ltr'><strong>Romano</strong></span> <span class='ocrx_word' id='word_1_11' title='bbox 1524 266 1691 314; x_wconf 82' lang='lat' dir='ltr'><strong>tertiam</strong></span> 
     </span>
    </p>
   </div>
   <div class='ocr_carea' id='block_1_2' title="bbox 1535 308 1790 337">
    <p class='ocr_par' dir='ltr' id='par_1_2' title="bbox 1535 308 1790 337">
     <span class='ocr_line' id='line_1_3' title="bbox 1535 308 1790 337; baseline -0.004 -6"><span class='ocrx_word' id='word_1_12' title='bbox 1535 311 1665 333; x_wconf 39' lang='lat' dir='ltr'><strong>trax-⁴</strong></span> <span class='ocrx_word' id='word_1_13' title='bbox 1697 308 1790 337; x_wconf 37' lang='lat'><strong>,⁶7</strong></span> 
     </span>
    </p>
   </div>
   <div class='ocr_carea' id='block_1_3' title="bbox 2 311 1697 2025">
    <p class='ocr_par' dir='ltr' id='par_1_3' title="bbox 136 311 1765 389">
     <span class='ocr_line' id='line_1_4' title="bbox 136 311 1697 389; baseline 0.001 -26"><span class='ocrx_word' id='word_1_14' title='bbox 136 312 448 378; x_wconf 52' lang='lat' dir='ltr'><strong>apensicnem„</strong></span> <span class='ocrx_word' id='word_1_15' title='bbox 483 321 638 389; x_wconf 48' lang='lat' dir='ltr'><strong>Hffibet,</strong></span> <span class='ocrx_word' id='word_1_16' title='bbox 665 322 849 377; x_wconf 88' lang='lat' dir='ltr'><strong>populus</strong></span> <span class='ocrx_word' id='word_1_17' title='bbox 884 322 1120 372; x_wconf 88' lang='lat' dir='ltr'><strong>Romanus,</strong></span> <span class='ocrx_word' id='word_1_18' title='bbox 1163 323 1217 364; x_wconf 89' lang='lat' dir='ltr'><strong>ad</strong></span> <span class='ocrx_word' id='word_1_19' title='bbox 1257 337 1365 379; x_wconf 87' lang='lat' dir='ltr'><strong>quos</strong></span> <span class='ocrx_word' id='word_1_20' title='bbox 1400 311 1697 379; x_wconf 55' lang='lat' dir='ltr'><strong>gubginacula&#39;</strong></span> 
     </span>
    </p>

    <p class='ocr_par' dir='ltr' id='par_1_4' title="bbox 63 364 1692 436">
     <span class='ocr_line' id='line_1_5' title="bbox 63 364 1692 436; baseline 0.001 -16"><span class='ocrx_word' id='word_1_21' title='bbox 63 374 116 416; x_wconf 84' lang='lat'><strong>10</strong></span> <span class='ocrx_word' id='word_1_22' title='bbox 133 378 380 436; x_wconf 78' lang='lat' dir='ltr'><strong>reipublicae</strong></span> <span class='ocrx_word' id='word_1_23' title='bbox 412 365 578 419; x_wconf 57' lang='lat' dir='ltr'><strong>defeffi</strong></span> <span class='ocrx_word' id='word_1_24' title='bbox 590 380 605 429; x_wconf 63' lang='grc' dir='ltr'><strong>ξ’</strong></span> <span class='ocrx_word' id='word_1_25' title='bbox 620 364 705 435; x_wconf 64' lang='lat' dir='ltr'><strong>(qui</strong></span> <span class='ocrx_word' id='word_1_26' title='bbox 738 378 998 435; x_wconf 88' lang='lat' dir='ltr'><strong>ubicumque</strong></span> <span class='ocrx_word' id='word_1_27' title='bbox 1029 385 1232 420; x_wconf 87' lang='lat' dir='ltr'><strong>terrarum</strong></span> <span class='ocrx_word' id='word_1_28' title='bbox 1253 386 1366 432; x_wconf 90' lang='lat' dir='ltr'><strong>sunt,</strong></span> <span class='ocrx_word' id='word_1_29' title='bbox 1398 380 1459 421; x_wconf 88' lang='lat' dir='ltr'><strong>ibi</strong></span> <span class='ocrx_word' id='word_1_30' title='bbox 1481 386 1547 421; x_wconf 89' lang='lat' dir='ltr'><strong>est</strong></span> <span class='ocrx_word' id='word_1_31' title='bbox 1567 394 1692 422; x_wconf 86' lang='lat' dir='ltr'><strong>omne</strong></span> 
     </span>
    </p>

    <p class='ocr_par' dir='ltr' id='par_1_5' title="bbox 5 434 1693 662">
     <span class='ocr_line' id='line_1_6' title="bbox 86 434 1693 500; baseline 0 -23"><span class='ocrx_word' id='word_1_32' title='bbox 86 472 100 490; x_wconf 40' lang='lat'>9</span> <span class='ocrx_word' id='word_1_33' title='bbox 132 435 379 500; x_wconf 65' lang='lat' dir='ltr'><strong>reipublicae</strong></span> <span class='ocrx_word' id='word_1_34' title='bbox 400 434 661 491; x_wconf 67' lang='lat' dir='ltr'><strong>praesidium,</strong></span> <span class='ocrx_word' id='word_1_35' title='bbox 681 435 749 476; x_wconf 91' lang='lat' dir='ltr'><strong>vel</strong></span> <span class='ocrx_word' id='word_1_36' title='bbox 773 435 915 490; x_wconf 73' lang='lat' dir='ltr'><strong>potius</strong></span> <span class='ocrx_word' id='word_1_37' title='bbox 940 436 1034 491; x_wconf 84' lang='lat' dir='ltr'><strong>ipsa</strong></span> <span class='ocrx_word' id='word_1_38' title='bbox 1063 436 1320 492; x_wconf 82' lang='lat' dir='ltr'><strong>respublica,</strong></span> <span class='ocrx_word' id='word_1_39' title='bbox 1344 452 1440 493; x_wconf 80' lang='lat' dir='ltr'><strong>quae</strong></span> <span class='ocrx_word' id='word_1_40' title='bbox 1471 451 1518 477; x_wconf 86' lang='lat' dir='ltr'><strong>se</strong></span> <span class='ocrx_word' id='word_1_41' title='bbox 1549 437 1693 478; x_wconf 86' lang='lat' dir='ltr'><strong>adhuc</strong></span> 
     </span>
     <span class='ocr_line' id='line_1_7' title="bbox 5 485 1693 549; baseline 0.002 -18"><span class='ocrx_word' id='word_1_42' title='bbox 5 516 50 545; x_wconf 33' lang='grc' dir='ltr'><strong>ιζ,</strong></span> <span class='ocrx_word' id='word_1_43' title='bbox 129 485 429 541; x_wconf 69' lang='lat' dir='ltr'><strong>tantummodo</strong></span> <span class='ocrx_word' id='word_1_44' title='bbox 451 492 548 548; x_wconf 52' lang='lat' dir='ltr'><strong>ulti)L</strong></span> <span class='ocrx_word' id='word_1_45' title='bbox 561 497 641 544; x_wconf 87' lang='lat' dir='ltr'><strong>est,</strong></span> <span class='ocrx_word' id='word_1_46' title='bbox 663 492 857 533; x_wconf 90' lang='lat' dir='ltr'><strong>nondum</strong></span> <span class='ocrx_word' id='word_1_47' title='bbox 877 493 1157 549; x_wconf 85' lang='lat' dir='ltr'><strong>recuperavit.</strong></span> <span class='ocrx_word' id='word_1_48' title='bbox 1216 493 1359 534; x_wconf 84' lang='lat' dir='ltr'>Habet</span> <span class='ocrx_word' id='word_1_49' title='bbox 1381 493 1556 549; x_wconf 89' lang='lat' dir='ltr'><strong>quidem</strong></span> <span class='ocrx_word' id='word_1_50' title='bbox 1576 492 1693 534; x_wconf 76' lang='lat' dir='ltr'><strong>certe</strong></span> 
     </span>
     <span class='ocr_line' id='line_1_8' title="bbox 74 546 1692 605; baseline 0.001 -16"><span class='ocrx_word' id='word_1_51' title='bbox 74 548 75 551; x_wconf 66' lang='grc'>’</span> <span class='ocrx_word' id='word_1_52' title='bbox 129 548 375 605; x_wconf 80' lang='lat' dir='ltr'><strong>respublica</strong></span> <span class='ocrx_word' id='word_1_53' title='bbox 395 546 695 590; x_wconf 77' lang='lat' dir='ltr'><strong>adolescentes</strong></span> <span class='ocrx_word' id='word_1_54' title='bbox 717 548 1027 601; x_wconf 88' lang='lat' dir='ltr'><strong>nobilissimos,</strong></span> <span class='ocrx_word' id='word_1_55' title='bbox 1049 556 1220 605; x_wconf 87' lang='lat' dir='ltr'><strong>paratos</strong></span> <span class='ocrx_word' id='word_1_56' title='bbox 1243 549 1506 591; x_wconf 86' lang='lat' dir='ltr'><strong>defensores.</strong></span> <span class='ocrx_word' id='word_1_57' title='bbox 1550 550 1692 598; x_wconf 82' lang='lat' dir='ltr'><strong>Quam</strong></span> 
     </span>
     <span class='ocr_line' id='line_1_9' title="bbox 129 605 1693 662; baseline 0.001 -16"><span class='ocrx_word' id='word_1_58' title='bbox 129 606 290 657; x_wconf 90' lang='lat' dir='ltr'><strong>volent,</strong></span> <span class='ocrx_word' id='word_1_59' title='bbox 319 605 383 646; x_wconf 90' lang='lat' dir='ltr'><strong>illi</strong></span> <span class='ocrx_word' id='word_1_60' title='bbox 414 605 583 655; x_wconf 85' lang='lat' dir='ltr'><strong>cedant,</strong></span> <span class='ocrx_word' id='word_1_61' title='bbox 616 605 704 646; x_wconf 81' lang='lat' dir='ltr'><strong>otio</strong></span> <span class='ocrx_word' id='word_1_62' title='bbox 736 606 1036 659; x_wconf 89' lang='lat' dir='ltr'><strong>consulentes;</strong></span> <span class='ocrx_word' id='word_1_63' title='bbox 1068 612 1212 648; x_wconf 88' lang='lat' dir='ltr'><strong>tamen</strong></span> <span class='ocrx_word' id='word_1_64' title='bbox 1233 606 1258 646; x_wconf 70' lang='lat' dir='ltr'><strong>a</strong></span> <span class='ocrx_word' id='word_1_65' title='bbox 1279 606 1501 662; x_wconf 67' lang='lat' dir='ltr'><strong>republica</strong></span> <span class='ocrx_word' id='word_1_66' title='bbox 1518 620 1693 648; x_wconf 88' lang='lat' dir='ltr'><strong>revoca-</strong></span> 
     </span>
    </p>

    <p class='ocr_par' dir='ltr' id='par_1_6' title="bbox 59 657 1692 833">
     <span class='ocr_line' id='line_1_10' title="bbox 59 657 1692 719; baseline 0 -16"><span class='ocrx_word' id='word_1_67' title='bbox 59 657 112 699; x_wconf 85' lang='lat'><strong>15</strong></span> <span class='ocrx_word' id='word_1_68' title='bbox 129 661 301 703; x_wconf 89' lang='lat' dir='ltr'><strong>buntur.</strong></span> <span class='ocrx_word' id='word_1_69' title='bbox 360 661 420 703; x_wconf 88' lang='lat' dir='ltr'><strong>Et</strong></span> <span class='ocrx_word' id='word_1_70' title='bbox 439 677 595 704; x_wconf 89' lang='lat' dir='ltr'><strong>nomen</strong></span> <span class='ocrx_word' id='word_1_71' title='bbox 614 661 735 718; x_wconf 81' lang='lat' dir='ltr'><strong>pacis</strong></span> <span class='ocrx_word' id='word_1_72' title='bbox 757 662 884 703; x_wconf 88' lang='lat' dir='ltr'><strong>dulce</strong></span> <span class='ocrx_word' id='word_1_73' title='bbox 907 669 987 715; x_wconf 87' lang='lat' dir='ltr'><strong>est,</strong></span> <span class='ocrx_word' id='word_1_74' title='bbox 1009 669 1053 704; x_wconf 88' lang='lat' dir='ltr'><strong>et</strong></span> <span class='ocrx_word' id='word_1_75' title='bbox 1071 663 1167 719; x_wconf 89' lang='lat' dir='ltr'><strong>ipsa</strong></span> <span class='ocrx_word' id='word_1_76' title='bbox 1187 678 1253 705; x_wconf 91' lang='lat' dir='ltr'><strong>res</strong></span> <span class='ocrx_word' id='word_1_77' title='bbox 1274 663 1497 715; x_wconf 83' lang='lat' dir='ltr'><strong>salutaris3</strong></span> <span class='ocrx_word' id='word_1_78' title='bbox 1529 663 1605 704; x_wconf 88' lang='lat' dir='ltr'><strong>sed</strong></span> <span class='ocrx_word' id='word_1_79' title='bbox 1627 663 1692 703; x_wconf 86' lang='lat' dir='ltr'><strong>in·</strong></span> 
     </span>
     <span class='ocr_line' id='line_1_11' title="bbox 128 718 1690 776; baseline 0 -16"><span class='ocrx_word' id='word_1_80' title='bbox 128 725 193 760; x_wconf 88' lang='lat' dir='ltr'><strong>ter</strong></span> <span class='ocrx_word' id='word_1_81' title='bbox 221 734 373 775; x_wconf 86' lang='lat' dir='ltr'><strong>pacem</strong></span> <span class='ocrx_word' id='word_1_82' title='bbox 407 725 450 761; x_wconf 91' lang='lat' dir='ltr'><strong>et</strong></span> <span class='ocrx_word' id='word_1_83' title='bbox 481 720 730 761; x_wconf 85' lang='lat' dir='ltr'><strong>servitutem</strong></span> <span class='ocrx_word' id='word_1_84' title='bbox 754 718 986 776; x_wconf 86' lang='lat' dir='ltr'><strong>plurimum</strong></span> <span class='ocrx_word' id='word_1_85' title='bbox 1006 720 1197 761; x_wconf 83' lang='lat' dir='ltr'><strong>interest.</strong></span> <span class='ocrx_word' id='word_1_86' title='bbox 1259 719 1351 761; x_wconf 85' lang='lat' dir='ltr'><strong>Pax</strong></span> <span class='ocrx_word' id='word_1_87' title='bbox 1373 726 1440 761; x_wconf 89' lang='lat' dir='ltr'><strong>est</strong></span> <span class='ocrx_word' id='word_1_88' title='bbox 1458 719 1690 775; x_wconf 85' lang='lat' dir='ltr'><strong>tranquilla</strong></span> 
     </span>
     <span class='ocr_line' id='line_1_12' title="bbox 127 775 1689 833; baseline 0.001 -17"><span class='ocrx_word' id='word_1_89' title='bbox 127 776 322 827; x_wconf 83' lang='lat' dir='ltr'><strong>libertas3</strong></span> <span class='ocrx_word' id='word_1_90' title='bbox 354 776 535 817; x_wconf 88' lang='lat' dir='ltr'><strong>servitus</strong></span> <span class='ocrx_word' id='word_1_91' title='bbox 557 776 764 817; x_wconf 88' lang='lat' dir='ltr'><strong>malorum</strong></span> <span class='ocrx_word' id='word_1_92' title='bbox 786 776 976 817; x_wconf 88' lang='lat' dir='ltr'><strong>omnium</strong></span> <span class='ocrx_word' id='word_1_93' title='bbox 996 783 1274 833; x_wconf 89' lang='lat' dir='ltr'><strong>postremum,</strong></span> <span class='ocrx_word' id='word_1_94' title='bbox 1299 791 1386 818; x_wconf 89' lang='lat' dir='ltr'><strong>non</strong></span> <span class='ocrx_word' id='word_1_95' title='bbox 1406 775 1538 817; x_wconf 69' lang='lat' dir='ltr'><strong>modo</strong></span> <span class='ocrx_word' id='word_1_96' title='bbox 1555 777 1689 828; x_wconf 89' lang='lat' dir='ltr'><strong>bello,</strong></span> 
     </span>
    </p>

    <p class='ocr_par' dir='ltr' id='par_1_7' title="bbox 126 832 1688 945">
     <span class='ocr_line' id='line_1_13' title="bbox 129 832 1688 889; baseline 0.001 -16"><span class='ocrx_word' id='word_1_97' title='bbox 129 833 206 873; x_wconf 87' lang='lat' dir='ltr'><strong>sed</strong></span> <span class='ocrx_word' id='word_1_98' title='bbox 222 839 357 874; x_wconf 89' lang='lat' dir='ltr'><strong>morte</strong></span> <span class='ocrx_word' id='word_1_99' title='bbox 375 833 516 881; x_wconf 87' lang='lat' dir='ltr'><strong>etiam,</strong></span> <span class='ocrx_word' id='word_1_100' title='bbox 533 832 837 888; x_wconf 88' lang='lat' dir='ltr'><strong>repellendum.</strong></span> <span class='ocrx_word' id='word_1_101' title='bbox 890 832 1021 880; x_wconf 68' lang='lat' dir='ltr'><strong>Quod</strong></span> <span class='ocrx_word' id='word_1_102' title='bbox 1038 834 1073 875; x_wconf 86' lang='lat' dir='ltr'><strong>si</strong></span> <span class='ocrx_word' id='word_1_103' title='bbox 1092 849 1137 875; x_wconf 87' lang='lat' dir='ltr'><strong>se</strong></span> <span class='ocrx_word' id='word_1_104' title='bbox 1154 834 1272 889; x_wconf 90' lang='lat' dir='ltr'><strong>ipsos</strong></span> <span class='ocrx_word' id='word_1_105' title='bbox 1294 833 1355 874; x_wconf 89' lang='lat' dir='ltr'><strong>illi</strong></span> <span class='ocrx_word' id='word_1_106' title='bbox 1377 833 1511 875; x_wconf 81' lang='lat' dir='ltr'><strong>nostri</strong></span> <span class='ocrx_word' id='word_1_107' title='bbox 1533 833 1688 875; x_wconf 89' lang='lat' dir='ltr'><strong>libera-</strong></span> 
     </span>
     <span class='ocr_line' id='line_1_14' title="bbox 126 889 1688 945; baseline 0.001 -16"><span class='ocrx_word' id='word_1_108' title='bbox 126 895 241 931; x_wconf 80' lang='lat' dir='ltr'><strong>tores</strong></span> <span class='ocrx_word' id='word_1_109' title='bbox 262 889 285 931; x_wconf 74' lang='grc' dir='ltr'>ὲ</span> <span class='ocrx_word' id='word_1_110' title='bbox 307 895 542 944; x_wconf 89' lang='lat' dir='ltr'><strong>conspectu</strong></span> <span class='ocrx_word' id='word_1_111' title='bbox 562 895 708 929; x_wconf 89' lang='lat' dir='ltr'><strong>nostro</strong></span> <span class='ocrx_word' id='word_1_112' title='bbox 740 889 1026 942; x_wconf 83' lang='lat' dir='ltr'><strong>abstulerunt;</strong></span> <span class='ocrx_word' id='word_1_113' title='bbox 1058 896 1102 931; x_wconf 90' lang='lat' dir='ltr'><strong>at</strong></span> <span class='ocrx_word' id='word_1_114' title='bbox 1120 891 1360 945; x_wconf 87' lang='lat' dir='ltr'><strong>exemplum</strong></span> <span class='ocrx_word' id='word_1_115' title='bbox 1383 890 1486 931; x_wconf 89' lang='lat' dir='ltr'><strong>facti</strong></span> <span class='ocrx_word' id='word_1_116' title='bbox 1506 889 1688 945; x_wconf 88' lang='lat' dir='ltr'><strong>relique-</strong></span> 
     </span>
    </p>

    <p class='ocr_par' dir='ltr' id='par_1_8' title="bbox 52 941 1686 1228">
     <span class='ocr_line' id='line_1_15' title="bbox 52 941 1686 1003; baseline 0 -16"><span class='ocrx_word' id='word_1_117' title='bbox 52 941 108 982; x_wconf 77' lang='lat'><strong>20</strong></span> <span class='ocrx_word' id='word_1_118' title='bbox 127 951 237 987; x_wconf 89' lang='lat' dir='ltr'><strong>runt.</strong></span> <span class='ocrx_word' id='word_1_119' title='bbox 309 945 393 996; x_wconf 90' lang='lat' dir='ltr'><strong>Illi,</strong></span> <span class='ocrx_word' id='word_1_120' title='bbox 424 945 542 1000; x_wconf 86' lang='lat' dir='ltr'><strong>quod</strong></span> <span class='ocrx_word' id='word_1_121' title='bbox 572 959 697 985; x_wconf 88' lang='lat' dir='ltr'><strong>nemo</strong></span> <span class='ocrx_word' id='word_1_122' title='bbox 729 945 904 996; x_wconf 78' lang='lat' dir='ltr'><strong>fecerat,</strong></span> <span class='ocrx_word' id='word_1_123' title='bbox 950 946 1158 988; x_wconf 86' lang='lat' dir='ltr'><strong>fecerunt.</strong></span> <span class='ocrx_word' id='word_1_124' title='bbox 1218 946 1497 1003; x_wconf 83' lang='lat' dir='ltr'><strong>Tarquinium</strong></span> <span class='ocrx_word' id='word_1_125' title='bbox 1528 946 1686 987; x_wconf 87' lang='lat' dir='ltr'><strong>Brutus</strong></span> 
     </span>
     <span class='ocr_line' id='line_1_16' title="bbox 125 1000 1685 1059; baseline 0.001 -17"><span class='ocrx_word' id='word_1_126' title='bbox 125 1001 241 1042; x_wconf 87' lang='lat' dir='ltr'><strong>bello</strong></span> <span class='ocrx_word' id='word_1_127' title='bbox 263 1007 330 1042; x_wconf 91' lang='lat' dir='ltr'><strong>est</strong></span> <span class='ocrx_word' id='word_1_128' title='bbox 348 1007 614 1056; x_wconf 87' lang='lat' dir='ltr'><strong>persecutus,</strong></span> <span class='ocrx_word' id='word_1_129' title='bbox 645 1000 718 1056; x_wconf 89' lang='lat' dir='ltr'><strong>qui</strong></span> <span class='ocrx_word' id='word_1_130' title='bbox 741 1006 882 1041; x_wconf 89' lang='lat' dir='ltr'><strong>tamen</strong></span> <span class='ocrx_word' id='word_1_131' title='bbox 903 1015 976 1041; x_wconf 85' lang='lat' dir='ltr'><strong>rex</strong></span> <span class='ocrx_word' id='word_1_132' title='bbox 999 1002 1096 1052; x_wconf 86' lang='lat' dir='ltr'><strong>fuit,</strong></span> <span class='ocrx_word' id='word_1_133' title='bbox 1129 1004 1229 1043; x_wconf 77' lang='lat' dir='ltr'><strong>cum</strong></span> <span class='ocrx_word' id='word_1_134' title='bbox 1256 1018 1351 1044; x_wconf 89' lang='lat' dir='ltr'><strong>esse</strong></span> <span class='ocrx_word' id='word_1_135' title='bbox 1371 1003 1521 1044; x_wconf 78' lang='lat' dir='ltr'><strong>Romae</strong></span> <span class='ocrx_word' id='word_1_136' title='bbox 1541 1017 1685 1059; x_wconf 82' lang='lat' dir='ltr'><strong>regem</strong></span> 
     </span>
     <span class='ocr_line' id='line_1_17' title="bbox 124 1057 1683 1114; baseline 0.001 -15"><span class='ocrx_word' id='word_1_137' title='bbox 124 1057 293 1100; x_wconf 87' lang='lat' dir='ltr'><strong>licebat.</strong></span> <span class='ocrx_word' id='word_1_138' title='bbox 318 1057 460 1114; x_wconf 83' lang='lat' dir='ltr'><strong>Spurii</strong></span> <span class='ocrx_word' id='word_1_139' title='bbox 475 1057 652 1098; x_wconf 82' lang='lat' dir='ltr'><strong>Cassius</strong></span> <span class='ocrx_word' id='word_1_140' title='bbox 666 1063 710 1098; x_wconf 91' lang='lat' dir='ltr'><strong>et</strong></span> <span class='ocrx_word' id='word_1_141' title='bbox 723 1057 898 1108; x_wconf 88' lang='lat' dir='ltr'><strong>Melius,</strong></span> <span class='ocrx_word' id='word_1_142' title='bbox 914 1057 977 1098; x_wconf 87' lang='lat' dir='ltr'><strong>M.</strong></span> <span class='ocrx_word' id='word_1_143' title='bbox 989 1057 1195 1110; x_wconf 87' lang='lat' dir='ltr'><strong>Manlius,</strong></span> <span class='ocrx_word' id='word_1_144' title='bbox 1209 1065 1381 1114; x_wconf 89' lang='lat' dir='ltr'><strong>propter</strong></span> <span class='ocrx_word' id='word_1_145' title='bbox 1394 1059 1683 1114; x_wconf 83' lang='lat' dir='ltr'><strong>suspicionem</strong></span> 
     </span>
     <span class='ocr_line' id='line_1_18' title="bbox 123 1114 1685 1172; baseline 0.001 -17"><span class='ocrx_word' id='word_1_146' title='bbox 123 1115 244 1171; x_wconf 82' lang='lat' dir='ltr'><strong>regni</strong></span> <span class='ocrx_word' id='word_1_147' title='bbox 275 1114 520 1171; x_wconf 86' lang='lat' dir='ltr'><strong>appetendi,</strong></span> <span class='ocrx_word' id='word_1_148' title='bbox 551 1120 650 1155; x_wconf 86' lang='lat' dir='ltr'><strong>sunt</strong></span> <span class='ocrx_word' id='word_1_149' title='bbox 670 1114 838 1155; x_wconf 87' lang='lat' dir='ltr'><strong>necati:</strong></span> <span class='ocrx_word' id='word_1_150' title='bbox 872 1114 916 1154; x_wconf 91' lang='lat' dir='ltr'><strong>hi</strong></span> <span class='ocrx_word' id='word_1_151' title='bbox 938 1114 1062 1169; x_wconf 83' lang='lat' dir='ltr'><strong>primi</strong></span> <span class='ocrx_word' id='word_1_152' title='bbox 1083 1129 1182 1156; x_wconf 90' lang='lat' dir='ltr'><strong>cum</strong></span> <span class='ocrx_word' id='word_1_153' title='bbox 1202 1115 1372 1171; x_wconf 84' lang='lat' dir='ltr'><strong>gladiis,</strong></span> <span class='ocrx_word' id='word_1_154' title='bbox 1403 1129 1490 1156; x_wconf 89' lang='lat' dir='ltr'><strong>non</strong></span> <span class='ocrx_word' id='word_1_155' title='bbox 1518 1115 1564 1157; x_wconf 90' lang='lat' dir='ltr'><strong>in</strong></span> <span class='ocrx_word' id='word_1_156' title='bbox 1592 1130 1685 1172; x_wconf 85' lang='lat' dir='ltr'><strong>reg-</strong></span> 
     </span>
     <span class='ocr_line' id='line_1_19' title="bbox 122 1170 1684 1228; baseline 0.002 -17"><span class='ocrx_word' id='word_1_157' title='bbox 122 1185 226 1213; x_wconf 90' lang='lat' dir='ltr'><strong>num</strong></span> <span class='ocrx_word' id='word_1_158' title='bbox 255 1177 541 1228; x_wconf 81' lang='lat' dir='ltr'><strong>appetentem,</strong></span> <span class='ocrx_word' id='word_1_159' title='bbox 573 1171 649 1212; x_wconf 90' lang='lat' dir='ltr'><strong>sed</strong></span> <span class='ocrx_word' id='word_1_160' title='bbox 680 1170 725 1211; x_wconf 90' lang='lat' dir='ltr'><strong>in</strong></span> <span class='ocrx_word' id='word_1_161' title='bbox 755 1177 1019 1227; x_wconf 79' lang='lat' dir='ltr'><strong>regnantem,</strong></span> <span class='ocrx_word' id='word_1_162' title='bbox 1064 1171 1273 1227; x_wconf 88' lang='lat' dir='ltr'><strong>impetum</strong></span> <span class='ocrx_word' id='word_1_163' title='bbox 1303 1171 1522 1224; x_wconf 77' lang='lat' dir='ltr'><strong>fecerunt3</strong></span> <span class='ocrx_word' id='word_1_164' title='bbox 1566 1173 1684 1228; x_wconf 83' lang='lat' dir='ltr'><strong>quod.</strong></span> 
     </span>
    </p>

    <p class='ocr_par' dir='ltr' id='par_1_9' title="bbox 48 1224 1686 1399">
     <span class='ocr_line' id='line_1_20' title="bbox 48 1224 1686 1285; baseline 0 -15"><span class='ocrx_word' id='word_1_165' title='bbox 48 1224 104 1265; x_wconf 83' lang='lat'><strong>25</strong></span> <span class='ocrx_word' id='word_1_166' title='bbox 124 1228 222 1270; x_wconf 75' lang='lat' dir='ltr'><strong>cum</strong></span> <span class='ocrx_word' id='word_1_167' title='bbox 243 1228 386 1285; x_wconf 87' lang='lat' dir='ltr'><strong>ipsum</strong></span> <span class='ocrx_word' id='word_1_168' title='bbox 405 1228 569 1270; x_wconf 87' lang='lat' dir='ltr'><strong>factum</strong></span> <span class='ocrx_word' id='word_1_169' title='bbox 587 1242 664 1284; x_wconf 90' lang='lat' dir='ltr'><strong>per</strong></span> <span class='ocrx_word' id='word_1_170' title='bbox 684 1242 729 1269; x_wconf 91' lang='lat' dir='ltr'><strong>se</strong></span> <span class='ocrx_word' id='word_1_171' title='bbox 750 1227 1003 1284; x_wconf 83' lang='lat' dir='ltr'><strong>praeclarum</strong></span> <span class='ocrx_word' id='word_1_172' title='bbox 1024 1233 1154 1285; x_wconf 86' lang='lat' dir='ltr'><strong>atque</strong></span> <span class='ocrx_word' id='word_1_173' title='bbox 1176 1228 1368 1270; x_wconf 85' lang='lat' dir='ltr'><strong>divinum</strong></span> <span class='ocrx_word' id='word_1_174' title='bbox 1392 1234 1472 1280; x_wconf 89' lang='lat' dir='ltr'><strong>est,</strong></span> <span class='ocrx_word' id='word_1_175' title='bbox 1501 1234 1593 1270; x_wconf 87' lang='lat' dir='ltr'><strong>tum</strong></span> <span class='ocrx_word' id='word_1_176' title='bbox 1615 1243 1686 1270; x_wconf 86' lang='lat' dir='ltr'><strong>ex-</strong></span> 
     </span>
     <span class='ocr_line' id='line_1_21' title="bbox 118 1284 1684 1343; baseline -0.001 -16"><span class='ocrx_word' id='word_1_177' title='bbox 118 1286 311 1343; x_wconf 82' lang='lat' dir='ltr'><strong>positum</strong></span> <span class='ocrx_word' id='word_1_178' title='bbox 341 1285 396 1327; x_wconf 87' lang='lat' dir='ltr'><strong>ad</strong></span> <span class='ocrx_word' id='word_1_179' title='bbox 425 1285 704 1336; x_wconf 80' lang='lat' dir='ltr'><strong>imitandum3</strong></span> <span class='ocrx_word' id='word_1_180' title='bbox 734 1284 971 1341; x_wconf 85' lang='lat' dir='ltr'><strong>praesertim</strong></span> <span class='ocrx_word' id='word_1_181' title='bbox 1001 1286 1101 1326; x_wconf 78' lang='lat' dir='ltr'><strong>cum</strong></span> <span class='ocrx_word' id='word_1_182' title='bbox 1130 1284 1193 1326; x_wconf 89' lang='lat' dir='ltr'><strong>illi</strong></span> <span class='ocrx_word' id='word_1_183' title='bbox 1216 1300 1309 1327; x_wconf 88' lang='lat' dir='ltr'><strong>eam</strong></span> <span class='ocrx_word' id='word_1_184' title='bbox 1332 1285 1513 1342; x_wconf 81' lang='lat' dir='ltr'><strong>gloriam</strong></span> <span class='ocrx_word' id='word_1_185' title='bbox 1534 1299 1684 1327; x_wconf 47' lang='lat' dir='ltr'><strong>conse*</strong></span> 
     </span>
     <span class='ocr_line' id='line_1_22' title="bbox 120 1341 1684 1399; baseline 0 -15"><span class='ocrx_word' id='word_1_186' title='bbox 120 1342 210 1384; x_wconf 90' lang='lat' dir='ltr'><strong>cuti</strong></span> <span class='ocrx_word' id='word_1_187' title='bbox 241 1342 342 1394; x_wconf 91' lang='lat' dir='ltr'><strong>sint,</strong></span> <span class='ocrx_word' id='word_1_188' title='bbox 373 1357 470 1399; x_wconf 81' lang='lat' dir='ltr'><strong>quae</strong></span> <span class='ocrx_word' id='word_1_189' title='bbox 490 1342 562 1384; x_wconf 85' lang='lat' dir='ltr'><strong>vix</strong></span> <span class='ocrx_word' id='word_1_190' title='bbox 593 1342 704 1383; x_wconf 87' lang='lat' dir='ltr'><strong>coelo</strong></span> <span class='ocrx_word' id='word_1_191' title='bbox 725 1341 821 1398; x_wconf 89' lang='lat' dir='ltr'><strong>capi</strong></span> <span class='ocrx_word' id='word_1_192' title='bbox 842 1356 970 1398; x_wconf 89' lang='lat' dir='ltr'><strong>posse</strong></span> <span class='ocrx_word' id='word_1_193' title='bbox 989 1341 1200 1384; x_wconf 83' lang='lat' dir='ltr'><strong>videatur.</strong></span> <span class='ocrx_word' id='word_1_194' title='bbox 1259 1341 1356 1383; x_wconf 88' lang='lat' dir='ltr'><strong>Etsi</strong></span> <span class='ocrx_word' id='word_1_195' title='bbox 1377 1341 1491 1384; x_wconf 87' lang='lat' dir='ltr'><strong>enim</strong></span> <span class='ocrx_word' id='word_1_196' title='bbox 1512 1342 1617 1384; x_wconf 88' lang='lat' dir='ltr'><strong>satis</strong></span> <span class='ocrx_word' id='word_1_197' title='bbox 1638 1342 1684 1384; x_wconf 90' lang='lat' dir='ltr'><strong>in</strong></span> 
     </span>
    </p>

    <p class='ocr_par' dir='ltr' id='par_1_10' title="bbox 12 1397 1683 1512">
     <span class='ocr_line' id='line_1_23' title="bbox 12 1397 1682 1480; baseline 0.001 -41"><span class='ocrx_word' id='word_1_198' title='bbox 12 1416 70 1480; x_wconf 45' lang='lat' dir='ltr'><strong>avr</strong></span> <span class='ocrx_word' id='word_1_199' title='bbox 118 1397 216 1455; x_wconf 68' lang='lat' dir='ltr'><strong>ipsa</strong></span> <span class='ocrx_word' id='word_1_200' title='bbox 248 1398 518 1442; x_wconf 66' lang='lat' dir='ltr'><strong>conscientia</strong></span> <span class='ocrx_word' id='word_1_201' title='bbox 547 1398 821 1455; x_wconf 86' lang='lat' dir='ltr'><strong>pulcherrimi</strong></span> <span class='ocrx_word' id='word_1_202' title='bbox 856 1398 960 1440; x_wconf 87' lang='lat' dir='ltr'><strong>facti</strong></span> <span class='ocrx_word' id='word_1_203' title='bbox 995 1398 1158 1441; x_wconf 69' lang='lat' dir='ltr'><strong>fructus</strong></span> <span class='ocrx_word' id='word_1_204' title='bbox 1193 1405 1298 1449; x_wconf 88' lang='lat' dir='ltr'><strong>erat,</strong></span> <span class='ocrx_word' id='word_1_205' title='bbox 1339 1405 1484 1441; x_wconf 89' lang='lat' dir='ltr'><strong>tamen</strong></span> <span class='ocrx_word' id='word_1_206' title='bbox 1513 1399 1682 1440; x_wconf 87' lang='lat' dir='ltr'><strong>mortali</strong></span> 
     </span>
     <span class='ocr_line' id='line_1_24' title="bbox 117 1455 1683 1512; baseline -0.001 -16"><span class='ocrx_word' id='word_1_207' title='bbox 117 1455 487 1498; x_wconf 87' lang='lat' dir='ltr'><strong>immortalitatem</strong></span> <span class='ocrx_word' id='word_1_208' title='bbox 526 1470 615 1497; x_wconf 89' lang='lat' dir='ltr'><strong>non</strong></span> <span class='ocrx_word' id='word_1_209' title='bbox 653 1455 832 1496; x_wconf 86' lang='lat' dir='ltr'><strong>arbitror</strong></span> <span class='ocrx_word' id='word_1_210' title='bbox 872 1456 1246 1498; x_wconf 86' lang='lat' dir='ltr'><strong>contemnendam.</strong></span> <span class='ocrx_word' id='word_1_211' title='bbox 1317 1455 1563 1498; x_wconf 85' lang='lat' dir='ltr'><strong>Recordare</strong></span> <span class='ocrx_word' id='word_1_212' title='bbox 1601 1455 1683 1512; x_wconf 80' lang='lat' dir='ltr'><strong>igi-</strong></span> 
     </span>
    </p>

    <p class='ocr_par' dir='ltr' id='par_1_11' title="bbox 45 1510 1681 1682">
     <span class='ocr_line' id='line_1_25' title="bbox 45 1510 1681 1568; baseline 0.001 -16"><span class='ocrx_word' id='word_1_213' title='bbox 45 1510 101 1554; x_wconf 90' lang='lat'><strong>30</strong></span> <span class='ocrx_word' id='word_1_214' title='bbox 119 1518 187 1554; x_wconf 90' lang='lat' dir='ltr'><strong>tur</strong></span> <span class='ocrx_word' id='word_1_215' title='bbox 216 1513 348 1564; x_wconf 87' lang='lat' dir='ltr'><strong>illum,</strong></span> <span class='ocrx_word' id='word_1_216' title='bbox 395 1512 460 1555; x_wconf 88' lang='lat' dir='ltr'><strong>M.</strong></span> <span class='ocrx_word' id='word_1_217' title='bbox 493 1512 671 1565; x_wconf 89' lang='lat' dir='ltr'><strong>Antoni,</strong></span> <span class='ocrx_word' id='word_1_218' title='bbox 718 1512 845 1563; x_wconf 90' lang='lat' dir='ltr'><strong>diem,</strong></span> <span class='ocrx_word' id='word_1_219' title='bbox 878 1526 963 1568; x_wconf 92' lang='lat' dir='ltr'><strong>quo</strong></span> <span class='ocrx_word' id='word_1_220' title='bbox 995 1512 1252 1554; x_wconf 87' lang='lat' dir='ltr'><strong>dictaturam</strong></span> <span class='ocrx_word' id='word_1_221' title='bbox 1284 1512 1521 1554; x_wconf 85' lang='lat' dir='ltr'><strong>sustulisti:</strong></span> <span class='ocrx_word' id='word_1_222' title='bbox 1566 1526 1681 1568; x_wconf 87' lang='lat' dir='ltr'><strong>pone</strong></span> 
     </span>
     <span class='ocr_line' id='line_1_26' title="bbox 119 1568 1680 1625; baseline -0.001 -14"><span class='ocrx_word' id='word_1_223' title='bbox 119 1575 219 1611; x_wconf 86' lang='lat' dir='ltr'><strong>ante</strong></span> <span class='ocrx_word' id='word_1_224' title='bbox 250 1571 398 1612; x_wconf 91' lang='lat' dir='ltr'><strong>oculos</strong></span> <span class='ocrx_word' id='word_1_225' title='bbox 433 1568 630 1611; x_wconf 84' lang='lat' dir='ltr'><strong>laetitiam</strong></span> <span class='ocrx_word' id='word_1_226' title='bbox 664 1570 840 1610; x_wconf 71' lang='lat' dir='ltr'><strong>senatus</strong></span> <span class='ocrx_word' id='word_1_227' title='bbox 871 1568 1105 1625; x_wconf 87' lang='lat' dir='ltr'><strong>populique</strong></span> <span class='ocrx_word' id='word_1_228' title='bbox 1138 1569 1348 1611; x_wconf 82' lang='lat' dir='ltr'><strong>Romani:</strong></span> <span class='ocrx_word' id='word_1_229' title='bbox 1394 1569 1540 1611; x_wconf 87' lang='lat' dir='ltr'><strong>confer</strong></span> <span class='ocrx_word' id='word_1_230' title='bbox 1581 1583 1680 1611; x_wconf 88' lang='lat' dir='ltr'><strong>cum</strong></span> 
     </span>
     <span class='ocr_line' id='line_1_27' title="bbox 117 1625 1679 1682; baseline -0.001 -15"><span class='ocrx_word' id='word_1_231' title='bbox 117 1626 202 1668; x_wconf 86' lang='lat' dir='ltr'><strong>hac</strong></span> <span class='ocrx_word' id='word_1_232' title='bbox 231 1625 560 1680; x_wconf 89' lang='lat' dir='ltr'><strong>[nummatione]</strong></span> <span class='ocrx_word' id='word_1_233' title='bbox 589 1625 667 1666; x_wconf 65' lang='lat' dir='ltr'><strong>tua</strong></span> <span class='ocrx_word' id='word_1_234' title='bbox 696 1631 974 1682; x_wconf 82' lang='lat' dir='ltr'><strong>tuorumque3</strong></span> <span class='ocrx_word' id='word_1_235' title='bbox 1005 1632 1098 1667; x_wconf 90' lang='lat' dir='ltr'><strong>tum</strong></span> <span class='ocrx_word' id='word_1_236' title='bbox 1126 1625 1357 1682; x_wconf 79' lang='lat' dir='ltr'><strong>intelliges,</strong></span> <span class='ocrx_word' id='word_1_237' title='bbox 1388 1632 1597 1682; x_wconf 89' lang='lat' dir='ltr'><strong>quantum</strong></span> <span class='ocrx_word' id='word_1_238' title='bbox 1613 1625 1679 1667; x_wconf 92' lang='lat' dir='ltr'><strong>in-</strong></span> 
     </span>
    </p>

    <p class='ocr_par' dir='ltr' id='par_1_12' title="bbox 116 1681 1680 1738">
     <span class='ocr_line' id='line_1_28' title="bbox 116 1681 1680 1738; baseline 0.001 -15"><span class='ocrx_word' id='word_1_239' title='bbox 116 1688 182 1724; x_wconf 85' lang='lat' dir='ltr'><strong>ter</strong></span> <span class='ocrx_word' id='word_1_240' title='bbox 210 1684 381 1725; x_wconf 89' lang='lat' dir='ltr'><strong>laudem</strong></span> <span class='ocrx_word' id='word_1_241' title='bbox 411 1689 455 1725; x_wconf 88' lang='lat' dir='ltr'><strong>et</strong></span> <span class='ocrx_word' id='word_1_242' title='bbox 481 1683 646 1724; x_wconf 87' lang='lat' dir='ltr'><strong>lucrum</strong></span> <span class='ocrx_word' id='word_1_243' title='bbox 676 1681 855 1724; x_wconf 81' lang='lat' dir='ltr'><strong>intersit.</strong></span> <span class='ocrx_word' id='word_1_244' title='bbox 918 1681 1005 1723; x_wconf 85' lang='lat' dir='ltr'><strong>Sed</strong></span> <span class='ocrx_word' id='word_1_245' title='bbox 1034 1682 1248 1735; x_wconf 78' lang='lat' dir='ltr'><strong>nimirum,</strong></span> <span class='ocrx_word' id='word_1_246' title='bbox 1270 1688 1320 1723; x_wconf 89' lang='lat' dir='ltr'><strong>ut</strong></span> <span class='ocrx_word' id='word_1_247' title='bbox 1348 1683 1537 1738; x_wconf 86' lang='lat' dir='ltr'><strong>quidam,</strong></span> <span class='ocrx_word' id='word_1_248' title='bbox 1567 1696 1680 1724; x_wconf 87' lang='lat' dir='ltr'><strong>mor-</strong></span> 
     </span>
    </p>

    <p class='ocr_par' dir='ltr' id='par_1_13' title="bbox 2 1738 1678 2025">
     <span class='ocr_line' id='line_1_29' title="bbox 85 1738 1678 1798; baseline 0 -17"><span class='ocrx_word' id='word_1_249' title='bbox 85 1743 94 1754; x_wconf 74' lang='lat'><strong><em>⁵</em></strong></span> <span class='ocrx_word' id='word_1_250' title='bbox 116 1739 174 1781; x_wconf 88' lang='lat' dir='ltr'><strong>bo</strong></span> <span class='ocrx_word' id='word_1_251' title='bbox 204 1740 348 1797; x_wconf 87' lang='lat' dir='ltr'><strong>aliquo</strong></span> <span class='ocrx_word' id='word_1_252' title='bbox 376 1745 419 1781; x_wconf 90' lang='lat' dir='ltr'><strong>et</strong></span> <span class='ocrx_word' id='word_1_253' title='bbox 449 1740 602 1781; x_wconf 70' lang='lat' dir='ltr'><strong>sensus</strong></span> <span class='ocrx_word' id='word_1_254' title='bbox 626 1744 822 1798; x_wconf 62' lang='lat' dir='ltr'><strong>stupore,</strong></span> <span class='ocrx_word' id='word_1_255' title='bbox 843 1738 1101 1780; x_wconf 88' lang='lat' dir='ltr'><strong>suavitatem</strong></span> <span class='ocrx_word' id='word_1_256' title='bbox 1131 1738 1217 1781; x_wconf 91' lang='lat' dir='ltr'><strong>cibi</strong></span> <span class='ocrx_word' id='word_1_257' title='bbox 1244 1753 1331 1780; x_wconf 89' lang='lat' dir='ltr'><strong>non</strong></span> <span class='ocrx_word' id='word_1_258' title='bbox 1362 1739 1580 1780; x_wconf 88' lang='lat' dir='ltr'><strong>sentiunt:</strong></span> <span class='ocrx_word' id='word_1_259' title='bbox 1612 1738 1678 1781; x_wconf 92' lang='lat' dir='ltr'><strong>sic</strong></span> 
     </span>
     <span class='ocr_line' id='line_1_30' title="bbox 43 1791 1677 1853; baseline 0.001 -17"><span class='ocrx_word' id='word_1_260' title='bbox 43 1793 98 1849; x_wconf 74' lang='grc'><strong>35</strong></span> <span class='ocrx_word' id='word_1_261' title='bbox 116 1795 352 1849; x_wconf 91' lang='lat' dir='ltr'><strong>libidinosi,</strong></span> <span class='ocrx_word' id='word_1_262' title='bbox 394 1795 524 1848; x_wconf 87' lang='lat' dir='ltr'><strong>avari,</strong></span> <span class='ocrx_word' id='word_1_263' title='bbox 565 1791 812 1847; x_wconf 78' lang='lat' dir='ltr'><strong>facinorosi,</strong></span> <span class='ocrx_word' id='word_1_264' title='bbox 853 1810 963 1836; x_wconf 82' lang='lat' dir='ltr'><strong>verae</strong></span> <span class='ocrx_word' id='word_1_265' title='bbox 992 1795 1131 1837; x_wconf 89' lang='lat' dir='ltr'><strong>laudis</strong></span> <span class='ocrx_word' id='word_1_266' title='bbox 1169 1801 1343 1853; x_wconf 82' lang='lat' dir='ltr'><strong>gustum</strong></span> <span class='ocrx_word' id='word_1_267' title='bbox 1380 1811 1468 1838; x_wconf 86' lang='lat' dir='ltr'><strong>non</strong></span> <span class='ocrx_word' id='word_1_268' title='bbox 1502 1795 1677 1838; x_wconf 88' lang='lat' dir='ltr'><strong>habent.</strong></span> 
     </span>
     <span class='ocr_line' id='line_1_31' title="bbox 2 1852 1674 1909; baseline 0 -15"><span class='ocrx_word' id='word_1_269' title='bbox 2 1872 20 1897; x_wconf 57' lang='grc' dir='ltr'>κ</span> <span class='ocrx_word' id='word_1_270' title='bbox 37 1852 218 1904; x_wconf 54' lang='grc' dir='ltr'><strong>ἔιΗΞΕά,</strong></span> <span class='ocrx_word' id='word_1_271' title='bbox 250 1852 287 1895; x_wconf 89' lang='lat' dir='ltr'><strong>si</strong></span> <span class='ocrx_word' id='word_1_272' title='bbox 309 1860 351 1895; x_wconf 89' lang='lat' dir='ltr'><strong>te</strong></span> <span class='ocrx_word' id='word_1_273' title='bbox 370 1854 464 1894; x_wconf 89' lang='lat' dir='ltr'><strong>laus</strong></span> <span class='ocrx_word' id='word_1_274' title='bbox 484 1852 650 1894; x_wconf 90' lang='lat' dir='ltr'><strong>allicere</strong></span> <span class='ocrx_word' id='word_1_275' title='bbox 672 1852 727 1894; x_wconf 90' lang='lat' dir='ltr'><strong>ad</strong></span> <span class='ocrx_word' id='word_1_276' title='bbox 747 1858 861 1893; x_wconf 88' lang='lat' dir='ltr'><strong>recte</strong></span> <span class='ocrx_word' id='word_1_277' title='bbox 882 1852 1127 1894; x_wconf 87' lang='lat' dir='ltr'><strong>faciendum</strong></span> <span class='ocrx_word' id='word_1_278' title='bbox 1146 1867 1232 1893; x_wconf 92' lang='lat' dir='ltr'><strong>non</strong></span> <span class='ocrx_word' id='word_1_279' title='bbox 1258 1859 1416 1909; x_wconf 87' lang='lat' dir='ltr'><strong>potest,</strong></span> <span class='ocrx_word' id='word_1_280' title='bbox 1448 1867 1502 1893; x_wconf 90' lang='lat' dir='ltr'><strong>ne</strong></span> <span class='ocrx_word' id='word_1_281' title='bbox 1532 1860 1674 1894; x_wconf 88' lang='lat' dir='ltr'><strong>metus</strong></span> 
     </span>
     <span class='ocr_line' id='line_1_32' title="bbox 113 1909 1674 1966; baseline 0 -16"><span class='ocrx_word' id='word_1_282' title='bbox 113 1909 290 1966; x_wconf 89' lang='lat' dir='ltr'><strong>quidem</strong></span> <span class='ocrx_word' id='word_1_283' title='bbox 340 1909 367 1952; x_wconf 73' lang='lat' dir='ltr'><strong>a</strong></span> <span class='ocrx_word' id='word_1_284' title='bbox 414 1909 663 1951; x_wconf 84' lang='lat' dir='ltr'><strong>foedissimis</strong></span> <span class='ocrx_word' id='word_1_285' title='bbox 712 1909 838 1950; x_wconf 89' lang='lat' dir='ltr'><strong>factis</strong></span> <span class='ocrx_word' id='word_1_286' title='bbox 885 1915 1032 1965; x_wconf 91' lang='lat' dir='ltr'><strong>potest</strong></span> <span class='ocrx_word' id='word_1_287' title='bbox 1081 1910 1289 1952; x_wconf 71' lang='lat' dir='ltr'><strong>avocare?</strong></span> <span class='ocrx_word' id='word_1_288' title='bbox 1365 1909 1538 1951; x_wconf 83' lang='lat' dir='ltr'><strong>Judicia</strong></span> <span class='ocrx_word' id='word_1_289' title='bbox 1586 1924 1674 1951; x_wconf 92' lang='lat' dir='ltr'><strong>non</strong></span> 
     </span>
     <span class='ocr_line' id='line_1_33' title="bbox 112 1965 1672 2025; baseline -0.001 -15"><span class='ocrx_word' id='word_1_290' title='bbox 112 1967 294 2011; x_wconf 82' lang='lat' dir='ltr'><strong>metuis:</strong></span> <span class='ocrx_word' id='word_1_291' title='bbox 341 1967 378 2011; x_wconf 87' lang='lat' dir='ltr'><strong>si</strong></span> <span class='ocrx_word' id='word_1_292' title='bbox 406 1972 583 2025; x_wconf 86' lang='lat' dir='ltr'><strong>propter</strong></span> <span class='ocrx_word' id='word_1_293' title='bbox 620 1965 929 2021; x_wconf 85' lang='lat' dir='ltr'><strong>innocentiam,</strong></span> <span class='ocrx_word' id='word_1_294' title='bbox 969 1966 1125 2019; x_wconf 82' lang='lat' dir='ltr'><strong>laud03</strong></span> <span class='ocrx_word' id='word_1_295' title='bbox 1170 1966 1207 2009; x_wconf 89' lang='lat' dir='ltr'><strong>si</strong></span> <span class='ocrx_word' id='word_1_296' title='bbox 1237 1973 1410 2024; x_wconf 88' lang='lat' dir='ltr'><strong>propter</strong></span> <span class='ocrx_word' id='word_1_297' title='bbox 1439 1966 1541 2020; x_wconf 88' lang='lat' dir='ltr'><strong>vim,</strong></span> <span class='ocrx_word' id='word_1_298' title='bbox 1585 1980 1672 2008; x_wconf 90' lang='lat' dir='ltr'><strong>non</strong></span> 
     </span>
    </p>
   </div>
   <div class='ocr_carea' id='block_1_4' title="bbox 744 2212 1030 2256">
    <p class='ocr_par' dir='ltr' id='par_1_14' title="bbox 744 2212 1030 2256">
     <span class='ocr_line' id='line_1_34' title="bbox 744 2212 1030 2256; baseline -0.003 -1"><span class='ocrx_word' id='word_1_299' title='bbox 744 2212 1030 2256; x_wconf 71' lang='lat' dir='ltr'><strong>“solutionem</strong></span> 
     </span>
    </p>
   </div>
   <div class='ocr_carea' id='block_1_5' title="bbox 103 2446 1728 2591">
    <p class='ocr_par' dir='ltr' id='par_1_15' title="bbox 103 2446 1728 2591">
     <span class='ocr_line' id='line_1_35' title="bbox 149 2446 1665 2505; baseline -0.001 -13"><span class='ocrx_word' id='word_1_300' title='bbox 149 2461 182 2492; x_wconf 87' lang='lat'><strong>9.</strong></span> <span class='ocrx_word' id='word_1_301' title='bbox 211 2460 257 2492; x_wconf 76' lang='lat' dir='ltr'><strong>Ad</strong></span> <span class='ocrx_word' id='word_1_302' title='bbox 279 2462 372 2505; x_wconf 68' lang='lat' dir='ltr'><strong>qnos]</strong></span> <span class='ocrx_word' id='word_1_303' title='bbox 416 2461 548 2494; x_wconf 87' lang='lat' dir='ltr'><strong>Brutum</strong></span> <span class='ocrx_word' id='word_1_304' title='bbox 575 2467 607 2493; x_wconf 86' lang='lat' dir='ltr'><strong>et</strong></span> <span class='ocrx_word' id='word_1_305' title='bbox 630 2461 771 2495; x_wconf 75' lang='lat' dir='ltr'><strong>Cassium</strong></span> <span class='ocrx_word' id='word_1_306' title='bbox 801 2461 862 2492; x_wconf 85' lang='lat' dir='ltr'><strong>dc·</strong></span> <span class='ocrx_word' id='word_1_307' title='bbox 950 2464 1002 2493; x_wconf 69' lang='grc' dir='ltr'><strong>ΞΟ.</strong></span> <span class='ocrx_word' id='word_1_308' title='bbox 1028 2462 1220 2503; x_wconf 74' lang='lat' dir='ltr'><strong>Tarquinium</strong></span> <span class='ocrx_word' id='word_1_309' title='bbox 1236 2459 1381 2502; x_wconf 63' lang='lat' dir='ltr'><strong>Brutus]</strong></span> <span class='ocrx_word' id='word_1_310' title='bbox 1428 2459 1539 2492; x_wconf 88' lang='lat' dir='ltr'><strong>Junius</strong></span> <span class='ocrx_word' id='word_1_311' title='bbox 1550 2446 1665 2490; x_wconf 78' lang='lat' dir='ltr'><strong>Brutus</strong></span> 
     </span>
     <span class='ocr_line' id='line_1_36' title="bbox 105 2504 1665 2547; baseline -0.001 -13"><span class='ocrx_word' id='word_1_312' title='bbox 105 2505 219 2546; x_wconf 80' lang='lat' dir='ltr'><strong>signat,</strong></span> <span class='ocrx_word' id='word_1_313' title='bbox 241 2508 295 2546; x_wconf 88' lang='lat' dir='ltr'><strong>qui</strong></span> <span class='ocrx_word' id='word_1_314' title='bbox 319 2506 475 2547; x_wconf 85' lang='lat' dir='ltr'><strong>Rempub.</strong></span> <span class='ocrx_word' id='word_1_315' title='bbox 500 2511 606 2538; x_wconf 79' lang='lat' dir='ltr'><strong>contra</strong></span> <span class='ocrx_word' id='word_1_316' title='bbox 628 2511 777 2547; x_wconf 71' lang='lat' dir='ltr'><strong>tyrannos</strong></span> <span class='ocrx_word' id='word_1_317' title='bbox 801 2506 861 2535; x_wconf 89' lang='lat' dir='ltr'><strong>de·</strong></span> <span class='ocrx_word' id='word_1_318' title='bbox 904 2505 1107 2546; x_wconf 84' lang='lat' dir='ltr'><strong>Tarquinium</strong></span> <span class='ocrx_word' id='word_1_319' title='bbox 1127 2506 1231 2546; x_wconf 82' lang='lat' dir='ltr'><strong>exegit</strong></span> <span class='ocrx_word' id='word_1_320' title='bbox 1246 2504 1371 2535; x_wconf 57' lang='lat' dir='ltr'><strong>Roma:</strong></span> <span class='ocrx_word' id='word_1_321' title='bbox 1396 2505 1437 2535; x_wconf 89' lang='lat' dir='ltr'><strong>de</strong></span> <span class='ocrx_word' id='word_1_322' title='bbox 1461 2505 1520 2534; x_wconf 92' lang='lat' dir='ltr'><strong>hoc</strong></span> <span class='ocrx_word' id='word_1_323' title='bbox 1545 2504 1665 2534; x_wconf 84' lang='lat' dir='ltr'><strong>dictum</strong></span> 
     </span>
     <span class='ocr_line' id='line_1_37' title="bbox 103 2545 1728 2591; baseline -0.003 -13"><span class='ocrx_word' id='word_1_324' title='bbox 103 2549 245 2583; x_wconf 80' lang='lat' dir='ltr'><strong>fendent,</strong></span> <span class='ocrx_word' id='word_1_325' title='bbox 258 2559 350 2590; x_wconf 82' lang='lat' dir='ltr'><strong>quam</strong></span> <span class='ocrx_word' id='word_1_326' title='bbox 363 2549 430 2591; x_wconf 86' lang='lat' dir='ltr'><strong>jam</strong></span> <span class='ocrx_word' id='word_1_327' title='bbox 445 2550 464 2579; x_wconf 68' lang='lat' dir='ltr'><strong>a</strong></span> <span class='ocrx_word' id='word_1_328' title='bbox 478 2549 607 2580; x_wconf 81' lang='lat' dir='ltr'><strong>Caesaris</strong></span> <span class='ocrx_word' id='word_1_329' title='bbox 621 2549 778 2579; x_wconf 84' lang='lat' dir='ltr'><strong>invasione</strong></span> <span class='ocrx_word' id='word_1_330' title='bbox 790 2548 860 2578; x_wconf 91' lang='lat' dir='ltr'><strong>vin·</strong></span> <span class='ocrx_word' id='word_1_331' title='bbox 904 2548 986 2578; x_wconf 87' lang='lat' dir='ltr'><strong>Phil.</strong></span> <span class='ocrx_word' id='word_1_332' title='bbox 1000 2549 1046 2579; x_wconf 93' lang='lat' dir='ltr'><strong>II.</strong></span> <span class='ocrx_word' id='word_1_333' title='bbox 1063 2559 1171 2590; x_wconf 82' lang='lat' dir='ltr'><strong>parag.</strong></span> <span class='ocrx_word' id='word_1_334' title='bbox 1185 2560 1216 2580; x_wconf 87' lang='lat' dir='ltr'><strong>v.</strong></span> <span class='ocrx_word' id='word_1_335' title='bbox 1232 2553 1299 2580; x_wconf 89' lang='lat' dir='ltr'><strong>not.</strong></span> <span class='ocrx_word' id='word_1_336' title='bbox 1316 2548 1357 2578; x_wconf 88' lang='lat' dir='ltr'><strong>ad</strong></span> <span class='ocrx_word' id='word_1_337' title='bbox 1375 2548 1397 2580; x_wconf 88' lang='lat' dir='ltr'><strong>l.</strong></span> <span class='ocrx_word' id='word_1_338' title='bbox 1411 2549 1465 2580; x_wconf 71' lang='lat'><strong>52.</strong></span> <span class='ocrx_word' id='word_1_339' title='bbox 1508 2545 1593 2577; x_wconf 80' lang='lat' dir='ltr'><strong>Vide</strong></span> <span class='ocrx_word' id='word_1_340' title='bbox 1610 2545 1663 2576; x_wconf 80' lang='lat' dir='ltr'><strong>Li·</strong></span> <span class='ocrx_word' id='word_1_341' title='bbox 1721 2568 1728 2573; x_wconf 84' lang='lat'>.</span> 
     </span>
    </p>
   </div>
   <div class='ocr_carea' id='block_1_6' title="bbox 105 2591 1663 2676">
    <p class='ocr_par' dir='ltr' id='par_1_16' title="bbox 105 2591 1663 2676">
     <span class='ocr_line' id='line_1_38' title="bbox 105 2591 1115 2630; baseline -0.001 -8"><span class='ocrx_word' id='word_1_342' title='bbox 105 2591 258 2622; x_wconf 70' lang='lat' dir='ltr'><strong>dicarunt.</strong></span> <span class='ocrx_word' id='word_1_343' title='bbox 903 2592 1002 2630; x_wconf 86' lang='lat' dir='ltr'><strong>vium,</strong></span> <span class='ocrx_word' id='word_1_344' title='bbox 1018 2592 1071 2621; x_wconf 87' lang='lat' dir='ltr'><strong>lib.</strong></span> <span class='ocrx_word' id='word_1_345' title='bbox 1086 2594 1115 2621; x_wconf 88' lang='lat'><strong>1.</strong></span> 
     </span>
     <span class='ocr_line' id='line_1_39' title="bbox 147 2631 1663 2676; baseline -0.002 -11"><span class='ocrx_word' id='word_1_346' title='bbox 147 2636 200 2665; x_wconf 85' lang='lat'><strong>14.</strong></span> <span class='ocrx_word' id='word_1_347' title='bbox 222 2634 415 2676; x_wconf 63' lang='lat' dir='ltr'><strong>Illicedant]</strong></span> <span class='ocrx_word' id='word_1_348' title='bbox 451 2635 581 2666; x_wconf 86' lang='lat' dir='ltr'><strong>Etiamsi</strong></span> <span class='ocrx_word' id='word_1_349' title='bbox 596 2636 711 2666; x_wconf 76' lang='lat' dir='ltr'><strong>Brutus</strong></span> <span class='ocrx_word' id='word_1_350' title='bbox 727 2638 759 2665; x_wconf 86' lang='lat' dir='ltr'><strong>et</strong></span> <span class='ocrx_word' id='word_1_351' title='bbox 773 2634 852 2665; x_wconf 83' lang='lat' dir='ltr'><strong>Cas·</strong></span> <span class='ocrx_word' id='word_1_352' title='bbox 940 2636 991 2664; x_wconf 62' lang='grc'><strong>22.</strong></span> <span class='ocrx_word' id='word_1_353' title='bbox 1025 2635 1147 2670; x_wconf 79' lang='lat' dir='ltr'><strong>Cassius,</strong></span> <span class='ocrx_word' id='word_1_354' title='bbox 1176 2633 1297 2672; x_wconf 73' lang='lat' dir='ltr'><strong>llIeHns,</strong></span> <span class='ocrx_word' id='word_1_355' title='bbox 1327 2631 1489 2673; x_wconf 66' lang='lat' dir='ltr'><strong>Manlius]</strong></span> <span class='ocrx_word' id='word_1_356' title='bbox 1535 2631 1588 2662; x_wconf 87' lang='lat' dir='ltr'><strong>De</strong></span> <span class='ocrx_word' id='word_1_357' title='bbox 1612 2631 1663 2663; x_wconf 79' lang='lat' dir='ltr'><strong>his</strong></span> 
     </span>
    </p>
   </div>
   <div class='ocr_carea' id='block_1_7' title="bbox 96 2676 1663 2853">
    <p class='ocr_par' dir='ltr' id='par_1_17' title="bbox 100 2676 1487 2761">
     <span class='ocr_line' id='line_1_40' title="bbox 102 2676 1273 2719; baseline 0.001 -12"><span class='ocrx_word' id='word_1_358' title='bbox 102 2676 165 2708; x_wconf 78' lang='lat' dir='ltr'><strong>sius</strong></span> <span class='ocrx_word' id='word_1_359' title='bbox 180 2679 311 2719; x_wconf 85' lang='lat' dir='ltr'><strong>profecti</strong></span> <span class='ocrx_word' id='word_1_360' title='bbox 323 2677 452 2709; x_wconf 85' lang='lat' dir='ltr'><strong>fuissent</strong></span> <span class='ocrx_word' id='word_1_361' title='bbox 466 2679 497 2709; x_wconf 88' lang='lat' dir='ltr'><strong>in</strong></span> <span class='ocrx_word' id='word_1_362' title='bbox 509 2679 682 2719; x_wconf 83' lang='lat' dir='ltr'><strong>provincias</strong></span> <span class='ocrx_word' id='word_1_363' title='bbox 697 2682 768 2719; x_wconf 78' lang='lat' dir='ltr'><strong>post</strong></span> <span class='ocrx_word' id='word_1_364' title='bbox 780 2678 852 2709; x_wconf 85' lang='lat' dir='ltr'><strong>Cae-</strong></span> <span class='ocrx_word' id='word_1_365' title='bbox 897 2678 1000 2718; x_wconf 65' lang='lat' dir='ltr'><strong>supra,</strong></span> <span class='ocrx_word' id='word_1_366' title='bbox 1016 2688 1123 2718; x_wconf 85' lang='lat' dir='ltr'><strong>parag.</strong></span> <span class='ocrx_word' id='word_1_367' title='bbox 1137 2688 1167 2706; x_wconf 88' lang='lat' dir='ltr'><strong>v.</strong></span> <span class='ocrx_word' id='word_1_368' title='bbox 1183 2676 1205 2706; x_wconf 90' lang='lat' dir='ltr'><strong>l.</strong></span> <span class='ocrx_word' id='word_1_369' title='bbox 1218 2678 1273 2708; x_wconf 86' lang='lat'><strong>56.</strong></span> 
     </span>
     <span class='ocr_line' id='line_1_41' title="bbox 100 2718 1487 2761; baseline 0 -10"><span class='ocrx_word' id='word_1_370' title='bbox 100 2721 176 2752; x_wconf 83' lang='lat' dir='ltr'><strong>saris</strong></span> <span class='ocrx_word' id='word_1_371' title='bbox 190 2722 321 2760; x_wconf 82' lang='lat' dir='ltr'><strong>caedem,</strong></span> <span class='ocrx_word' id='word_1_372' title='bbox 337 2721 500 2752; x_wconf 82' lang='lat' dir='ltr'><strong>voluerunt</strong></span> <span class='ocrx_word' id='word_1_373' title='bbox 518 2722 564 2752; x_wconf 88' lang='lat' dir='ltr'><strong>illi</strong></span> <span class='ocrx_word' id='word_1_374' title='bbox 586 2723 699 2753; x_wconf 83' lang='lat' dir='ltr'><strong>cedere</strong></span> <span class='ocrx_word' id='word_1_375' title='bbox 714 2721 754 2751; x_wconf 86' lang='lat' dir='ltr'><strong>ad</strong></span> <span class='ocrx_word' id='word_1_376' title='bbox 770 2726 849 2752; x_wconf 89' lang='lat' dir='ltr'><strong>tem·</strong></span> <span class='ocrx_word' id='word_1_377' title='bbox 939 2723 991 2752; x_wconf 73' lang='lat'><strong>24.</strong></span> <span class='ocrx_word' id='word_1_378' title='bbox 1014 2720 1053 2751; x_wconf 84' lang='lat' dir='ltr'><strong>In</strong></span> <span class='ocrx_word' id='word_1_379' title='bbox 1067 2720 1268 2761; x_wconf 71' lang='lat' dir='ltr'><strong>regnantem]</strong></span> <span class='ocrx_word' id='word_1_380' title='bbox 1315 2718 1487 2751; x_wconf 75' lang='lat' dir='ltr'><strong>Caesarem·</strong></span> 
     </span>
    </p>

    <p class='ocr_par' dir='ltr' id='par_1_18' title="bbox 96 2762 1663 2853">
     <span class='ocr_line' id='line_1_42' title="bbox 125 2762 1663 2806; baseline -0.001 -12"><span class='ocrx_word' id='word_1_381' title='bbox 125 2774 159 2794; x_wconf 91' lang='lat' dir='ltr'><strong>us</strong></span> <span class='ocrx_word' id='word_1_382' title='bbox 184 2769 219 2794; x_wconf 83' lang='lat' dir='ltr'><strong>ut</strong></span> <span class='ocrx_word' id='word_1_383' title='bbox 241 2763 380 2806; x_wconf 84' lang='lat' dir='ltr'><strong>Reipub.</strong></span> <span class='ocrx_word' id='word_1_384' title='bbox 405 2764 468 2795; x_wconf 81' lang='lat' dir='ltr'><strong>otio</strong></span> <span class='ocrx_word' id='word_1_385' title='bbox 491 2765 697 2797; x_wconf 89' lang='lat' dir='ltr'><strong>consulerent.</strong></span> <span class='ocrx_word' id='word_1_386' title='bbox 739 2767 782 2795; x_wconf 88' lang='lat' dir='ltr'><strong>At</strong></span> <span class='ocrx_word' id='word_1_387' title='bbox 803 2764 849 2794; x_wconf 87' lang='lat' dir='ltr'><strong>illi</strong></span> <span class='ocrx_word' id='word_1_388' title='bbox 939 2766 992 2795; x_wconf 69' lang='lat'><strong>32.</strong></span> <span class='ocrx_word' id='word_1_389' title='bbox 1016 2763 1250 2804; x_wconf 65' lang='lat' dir='ltr'><strong>Nummatione]</strong></span> <span class='ocrx_word' id='word_1_390' title='bbox 1296 2762 1483 2793; x_wconf 82' lang='lat' dir='ltr'><strong>Nummatio</strong></span> <span class='ocrx_word' id='word_1_391' title='bbox 1503 2766 1552 2793; x_wconf 75' lang='lat' dir='ltr'><strong>est</strong></span> <span class='ocrx_word' id='word_1_392' title='bbox 1571 2771 1663 2803; x_wconf 83' lang='lat' dir='ltr'><strong>mag-</strong></span> 
     </span>
     <span class='ocr_line' id='line_1_43' title="bbox 96 2773 1658 2853; baseline 0.001 -16"><span class='ocrx_word' id='word_1_393' title='bbox 96 2773 190 2838; x_wconf 53' lang='lat' dir='ltr'><strong>limile</strong></span> <span class='ocrx_word' id='word_1_394' title='bbox 209 2808 445 2846; x_wconf 84' lang='lat' dir='ltr'><strong>revocabuntur,</strong></span> <span class='ocrx_word' id='word_1_395' title='bbox 467 2814 502 2838; x_wconf 88' lang='lat' dir='ltr'><strong>ut</strong></span> <span class='ocrx_word' id='word_1_396' title='bbox 523 2809 670 2840; x_wconf 82' lang='lat' dir='ltr'><strong>eamdem</strong></span> <span class='ocrx_word' id='word_1_397' title='bbox 686 2806 848 2853; x_wconf 82' lang='lat' dir='ltr'><strong>Rempub.</strong></span> <span class='ocrx_word' id='word_1_398' title='bbox 895 2817 935 2838; x_wconf 89' lang='lat' dir='ltr'><strong>na</strong></span> <span class='ocrx_word' id='word_1_399' title='bbox 960 2808 1004 2838; x_wconf 84' lang='lat' dir='ltr'><strong>vis</strong></span> <span class='ocrx_word' id='word_1_400' title='bbox 1031 2806 1184 2848; x_wconf 82' lang='lat' dir='ltr'><strong>pecuniae.</strong></span> <span class='ocrx_word' id='word_1_401' title='bbox 1229 2806 1312 2846; x_wconf 87' lang='lat' dir='ltr'><strong>[Sed</strong></span> <span class='ocrx_word' id='word_1_402' title='bbox 1335 2805 1389 2839; x_wconf 79' lang='lat' dir='ltr'><strong>alii</strong></span> <span class='ocrx_word' id='word_1_403' title='bbox 1420 2805 1658 2841; x_wconf 75' lang='lat' dir='ltr'><strong>rescribendum</strong></span> 
     </span>
    </p>
   </div>
   <div class='ocr_carea' id='block_1_8' title="bbox 97 2849 1294 2899">
    <p class='ocr_par' dir='ltr' id='par_1_19' title="bbox 97 2849 1294 2899">
     <span class='ocr_line' id='line_1_44' title="bbox 97 2849 1294 2899; baseline -0.002 -16"><span class='ocrx_word' id='word_1_404' title='bbox 97 2855 205 2884; x_wconf 77' lang='lat' dir='ltr'><strong>contra</strong></span> <span class='ocrx_word' id='word_1_405' title='bbox 216 2849 347 2884; x_wconf 81' lang='lat' dir='ltr'><strong>Antonii</strong></span> <span class='ocrx_word' id='word_1_406' title='bbox 359 2852 536 2899; x_wconf 75' lang='lat' dir='ltr'><strong>potentiam</strong></span> <span class='ocrx_word' id='word_1_407' title='bbox 551 2856 709 2886; x_wconf 73' lang='lat' dir='ltr'><strong>tueantur.</strong></span> <span class='ocrx_word' id='word_1_408' title='bbox 895 2855 1023 2885; x_wconf 78' lang='lat' dir='ltr'><strong>censent</strong></span> <span class='ocrx_word' id='word_1_409' title='bbox 1037 2849 1294 2895; x_wconf 60' lang='grc' dir='ltr'><strong>Ρζιιηάὶνιαιῖσηε,]</strong></span> 
     </span>
    </p>
   </div>
  </div>
 </body>
</html>
