1838 3017
693 193 757 224 m:
780 191 1052 227 SENEc1·u·1·E.
1574 195 1660 240 487

143 270 272 314 XIX.
303 272 473 322 Quarta
492 277 624 313 restat
655 285 799 324 causa,
820 287 916 329 quse
950 271 1134 314 maxime
1165 286 1321 329 angere
1351 279 1480 329 atque
1503 275 1657 318 sollici-

85 333 175 369 tam
195 329 352 370 habere
373 335 569 370 nostram
591 335 760 370 aetatem
778 329 963 380 videtur3
986 330 1191 386 appropin
1228 329 1344 370 natio
1365 328 1538 382 mortis;
1559 346 1657 387 quae

86 384 202 425 certe
225 387 248 425 ἐι
269 392 496 427 senectute
527 399 613 426 non
644 391 789 441 potest
818 384 946 442 longe
970 386 1135 427 abesse.
1258 386 1459 427 miserum
1491 401 1654 440 senem,

88 441 177 495 qui,
198 449 378 483 mortem
401 443 759 483 contemnendam
782 456 890 490 esse,
913 443 953 482 in
976 450 1063 484 tam
1083 443 1214 498 longa
1234 449 1358 484 aetate
1376 458 1461 485 non
1478 443 1653 486 viderit!

88 511 183 551 qua:
215 505 289 539 aut
329 497 455 554 plane
487 498 746 554 negligenda
776 506 854 546 est,
887 499 921 539 si
956 499 1127 540 omnino
1160 499 1398 555 exstinguit
1436 499 1651 552 animum3

92 561 168 594 aut
197 554 325 595 etiam
356 551 560 610 optanda}
582 556 616 595 si
639 553 780 611 aliqui»
812 570 906 596 eum
937 555 1130 606 deducit,
1152 556 1224 597 ubi
1252 555 1309 595 sit
1331 556 1496 596 futurus
1528 563 1651 598 aeter-

90 622 183 650 nus.
245 610 380 666 Atqui
403 611 574 652 tertium
595 613 708 652 certi·
729 611 832 652 nihil
864 611 1041 652 inveniri
1073 618 1230 667 potest.
1290 611 1407 659 Quid
1439 611 1569 667 igitur
1600 614 1651 654 ti-

87 679 244 717 meam,
266 666 302 707 si
324 674 398 708 aut
429 681 514 708 non
546 668 673 709 miser
703 676 799 723 post
830 675 1023 718 mortem,
1045 675 1118 708 aut
1142 667 1294 708 beatus
1316 667 1461 718 etiam,
1482 667 1649 710 futurus

91 722 214 763 sum?
236 725 494 779 quamquam
511 724 608 780 quis
625 731 692 765 est
712 732 798 764 tam
819 725 991 774 stultus,
1009 721 1201 778 quamvis
1220 723 1278 763 sit
1291 723 1560 775 adolescens,
1577 726 1646 766 cui

88 777 144 818 sit
164 780 444 835 exploratum,
465 795 510 821 se
532 781 585 821 ad
606 793 827 834 vesperum
848 794 940 820 esse
961 778 1203 820 victurum?
1265 778 1512 826 Quinetiam
1543 787 1649 823 aetas

90 834 163 875 illa
175 836 309 876 multo
325 836 482 891 plures,
500 836 630 892 quam
647 842 804 886 nostra,
819 835 967 876 mortis
982 849 1107 876 casus
1123 835 1278 876 habet:
1301 835 1466 877 facilius
1482 835 1526 877 in
1540 851 1653 879 mor-

89 890 170 932 bos
191 890 389 932 incidunt
418 892 737 943 adolescentes;
769 891 938 947 gravius
969 898 1203 947 aegrotant3
1234 891 1397 933 tristius
1419 901 1648 946 curantur3

89 947 235 1003 itaque
257 947 382 1003 pauci
399 948 574 989 veniunt
587 949 640 989 ad
664 955 955 998 senectutem3
978 948 1094 1004 quod
1107 947 1150 988 ni
1166 948 1228 989 ita
1247 947 1476 1001 accideret,
1494 949 1649 993 melius

93 1010 138 1045 et
157 1003 410 1060 prudentius
431 1005 662 1046 viveretur:
695 1019 814 1045 mens
846 1005 959 1045 enim
980 1012 1023 1045 et
1044 1004 1150 1045 ratio
1176 1011 1219 1045 et
1250 1005 1478 1047 consilium
1507 1006 1551 1047 in
1582 1022 1649 1048 se-

89 1060 216 1101 nibus
237 1067 330 1112 est3
361 1061 432 1116 qui
464 1061 499 1102 si
532 1061 635 1102 nulli
666 1061 863 1112 fuissent,
893 1061 1021 1102 nullae
1055 1060 1228 1103 omnino
1261 1061 1456 1103 civitates
1487 1070 1650 1106 essent.

92 1116 180 1158 Sed
201 1117 328 1158 redeo
350 1117 404 1157 ad
426 1126 604 1158 mortem
624 1117 957 1173 impendentem.
1016 1117 1143 1165 Quod
1174 1117 1276 1158 illud
1307 1126 1373 1159 est
1400 1119 1561 1162 crimen
1581 1134 1651 1161 se-

92 1173 295 1224 nectutis,
327 1172 425 1214 cum
464 1173 564 1215 illud
597 1174 777 1215 videatis
810 1188 907 1215 cum
941 1174 1233 1215 adolescentia
1263 1189 1357 1216 esse
1389 1177 1648 1218 commune?

95 1229 220 1271 Sensi
242 1243 338 1284 ego,
360 1229 456 1270 cum
476 1230 520 1270 in
539 1230 701 1286 optimo
718 1229 808 1270 filio
826 1245 936 1281 meo,
953 1238 1044 1271 tum
1063 1230 1107 1270 in
1125 1231 1384 1286 exspectatis
1404 1232 1458 1272 ad
1480 1233 1651 1289 amplis-

92 1285 243 1326 simam
265 1285 520 1342 dignitatem
540 1287 739 1327 fratribus
760 1286 860 1338 tuis,
883 1286 1041 1342 Scipio,
1064 1286 1178 1327 omni
1204 1287 1319 1328 aetati
1350 1295 1531 1330 mortem
1552 1304 1649 1331 esse

93 1356 376 1383 communem.
438 1342 498 1383 At
522 1350 666 1398 sperat
694 1342 963 1393 adolescens,
986 1342 1058 1383 diu
1082 1357 1128 1384 se
1149 1342 1382 1394 victurum3
1414 1345 1532 1401 quod
1553 1360 1649 1402 spe-

90 1412 180 1440 rare
202 1398 318 1439 idem
339 1413 469 1440 senex
490 1413 575 1440 nou
598 1406 751 1454 potest.
815 1398 1071 1454 Insipienter
1091 1405 1255 1455 sperat:
1289 1400 1392 1455 quid
1413 1401 1527 1442 enim
1543 1402 1651 1444 stu}-

91 1454 195 1506 tius,
215 1453 347 1510 quam
368 1454 531 1496 incerta
550 1470 624 1511 pro
647 1455 773 1496 certis
798 1454 970 1507 habere,
989 1455 1099 1496 falsa
1119 1470 1194 1511 pro
1215 1456 1354 1497 veris?
1415 1456 1558 1499 Senex
1579 1473 1651 1511 ne,

93 1511 208 1567 quod
231 1518 374 1566 speret
394 1512 580 1580 quidem,
601 1512 743 1553 habet.
803 1512 864 1553 At
883 1519 962 1564 est,
980 1527 1031 1553 eo
1053 1512 1227 1553 meliore
1248 1512 1497 1555 conditione
1516 1514 1650 1570 quam

92 1568 362 1618 adolescens,
383 1582 480 1608 cum
502 1568 560 1614 id,
581 1569 698 1624 quod
720 1568 792 1608 ille
814 1575 969 1623 sperat,
988 1568 1160 1624 hicjam
1178 1576 1439 1610 consecutus
1456 1578 1539 1611 est.
1570 1571 1650 1612 Ille

91 1624 184 1664 vult
215 1623 288 1663 diu
320 1625 483 1675 vivere3
516 1624 587 1665 hic
620 1624 692 1665 diu
725 1623 846 1665 vixit.
908 1625 1179 1680 Quamquam
1205 1628 1250 1677 (o
1286 1625 1345 1665 dii
1379 1625 1482 1666 boni
1497 1627 1527 1678 Ξ)
1547 1627 1653 1683 quid

92 1687 158 1721 est
172 1679 215 1720 in
227 1679 413 1721 hominis
429 1679 516 1721 vita
535 1680 634 1721 diu?
666 1680 736 1721 Da
749 1681 862 1721 enim
878 1695 1120 1736 supremum
1134 1688 1303 1737 tempus
1319 1697 1329 1732 ς
1351 1690 1653 1738 exspectemus

92 1735 403 1778 Tartessiorum
424 1737 536 1792 regis
557 1743 750 1778 aetatem:
773 1736 855 1777 fuit
874 1738 1002 1788 enim,
1023 1744 1072 1778 ut
1097 1737 1305 1793 scriptum
1325 1737 1465 1789 video,
1487 1740 1653 1795 Argan-

93 1792 270 1833 thonius
300 1793 476 1848 quidam
508 1792 716 1844 Gadibus,
739 1793 812 1848 qui
843 1793 1065 1849 octoginta
1089 1793 1283 1849 regnavit
1312 1808 1447 1836 annos
1479 1802 1653 1837 centum

95 1855 140 1890 et
177 1848 330 1904 viginti
368 1849 488 1891 vixit.
569 1849 656 1890 Sed
697 1849 801 1890 mihi
839 1863 892 1890 ne
932 1850 1180 1890 diuturnum
1210 1849 1385 1906 quidem
1418 1851 1653 1908 quidquam

94 1904 277 1956 videtur,
299 1905 343 1945 in
364 1920 449 1961 quo
471 1912 537 1947 est
557 1905 721 1961 aliquid
745 1913 1004 1947 extremum:
1027 1905 1122 1947 cum
1144 1905 1258 1947 enim
1279 1906 1322 1946 id
1343 1907 1530 1959 advenit,
1547 1915 1658 1952 tunc

98 1960 219 2009 illud,
242 1961 360 2016 quod
390 1961 607 2017 praeteriit,
638 1962 831 2013 effluxit3
861 1963 1030 2003 tantum
1060 1969 1262 2012 remanet,
1283 1963 1401 2018 quod
1422 1963 1582 2007 virtute
1612 1971 1656 2008 et

97 2015 213 2058 recte
235 2017 361 2058 factis
378 2025 637 2058 consecutus
654 2017 727 2058 sis.
759 2017 886 2058 Horae
908 2017 1082 2074 quidem
1100 2019 1272 2070 cedunt,
1290 2025 1334 2059 et
1349 2019 1458 2072 dies,
1476 2029 1523 2062 et
1536 2035 1657 2063 men-

97 2087 181 2121 seS,
196 2080 240 2114 et
255 2073 380 2123 anni3
404 2088 484 2114 nec
500 2072 759 2129 praeteritum
780 2081 948 2129 tempus
969 2088 1157 2129 unquam
1174 2074 1417 2126 revertitur3
1438 2091 1532 2127 nec,
1549 2078 1656 2134 quid

96 2137 314 2184 sequatur,
328 2129 426 2170 sciri
443 2137 598 2186 potest.
613 2129 741 2177 Quod
754 2130 908 2186 cuique
921 2129 1122 2186 temporis
1140 2130 1194 2171 ad
1211 2130 1441 2174 vivendum
1453 2133 1593 2186 datur,
1603 2149 1657 2176 eo

97 2186 228 2227 debet
248 2200 342 2226 esse
363 2194 616 2237 contentus3
638 2200 776 2242 neque
795 2187 906 2227 enim
922 2185 1134 2237 histrioni,
1151 2193 1198 2227 ut
1214 2187 1398 2243 placeat,
1411 2191 1660 2246 peragenda

99 2249 167 2282 est
186 2242 345 2293 fabula,
369 2242 512 2294 modo,
535 2243 578 2283 in
598 2256 871 2298 quocumque
901 2242 1029 2283 fuerit
1051 2249 1164 2295 actu,
1181 2244 1409 2299 probetur3
1431 2260 1572 2303 neque
1589 2262 1660 2289 sa-

98 2297 235 2354 pienti
256 2313 390 2355 usque
420 2299 474 2339 ad
506 2298 714 2340 Plaudite
737 2298 986 2350 vivendum3
1017 2299 1142 2340 breve
1173 2299 1287 2342 enim
1316 2307 1487 2358 tempus
1518 2303 1660 2346 aetatis

97 2355 202 2395 satis
216 2362 282 2396 est
293 2355 468 2410 longum
482 2355 535 2396 ad
549 2356 657 2396 bene
671 2355 933 2411 honesteque
943 2355 1191 2397 vivendum:
1211 2356 1277 2397 sin
1290 2360 1556 2413 processeris
1567 2361 1662 2403 lon-

96 2410 209 2467 gius,
233 2426 318 2453 non
350 2413 486 2467 magis
516 2411 750 2453 dolendum
771 2420 851 2463 est,
872 2411 1002 2468 quam
1031 2412 1233 2469 agricolae
1254 2413 1417 2466 dolent,
1441 2417 1662 2472 praeterita.

99 2467 215 2509 verni
235 2468 439 2524 temporis
456 2468 680 2521 suavitate,
691 2475 883 2510 aestatem
896 2476 1232 2525 autumnumque
1249 2469 1440 2514 venisse:
1460 2487 1535 2514 ver
1547 2473 1661 2515 enim

97 2530 315 2579 tamquam
332 2525 665 2566 adolescentiam
678 2525 908 2581 significat,
923 2525 1197 2582 ostenditque
1210 2525 1374 2568 fructos
1390 2527 1580 2571 futuros:
1598 2544 1663 2570 re-

98 2579 215 2635 liqua
234 2587 427 2638 tempora
447 2581 714 2623 demetendis
734 2581 942 2623 fructibus
965 2589 1008 2623 et
1028 2582 1316 2639 percipiendis
1333 2585 1664 2627 accommodata

98 2643 218 2677 sunt:
250 2637 416 2679 fructus
447 2645 592 2679 autem
622 2638 857 2680 senectutis
879 2644 945 2680 est
961 2642 1029 2690 (ut
1058 2653 1170 2695 saepe
1192 2639 1301 2691 dixi)
1322 2640 1423 2682 ante
1445 2647 1664 2696 partorum

98 2692 310 2734 bonorum
343 2695 549 2736 memoria
569 2703 612 2736 et
632 2695 769 2752 copia.
830 2694 987 2735 Omnia
1006 2695 1122 2747 vero,
1144 2711 1240 2752 quae
1271 2697 1510 2739 secundum
1538 2704 1666 2741 natu-

99 2762 188 2791 ram
211 2749 336 2803 fiunt,
361 2758 462 2794 sunt
479 2751 680 2795 habenda
698 2752 741 2794 in
760 2750 912 2794 bonis:
943 2751 1050 2808 qnid
1069 2758 1136 2796 est
1154 2758 1298 2798 autem
1318 2760 1408 2797 tam
1427 2754 1668 2800 secundum
