1759 2997
55 127 140 169 522
758 123 910 156 No'rAE.

59 207 230 258 cogitur
264 203 468 255 religione
500 201 638 255 officii,
670 205 849 253 rogatus
885 199 937 241 ab
970 199 1165 240 omnibus
1198 197 1356 240 Siculis
1370 216 1382 240 .·
1428 200 1514 247 Qui
1545 213 1622 254 pro

64 263 229 316 Repub.
249 265 352 315 agat
365 277 377 300 .·
413 261 547 306 Quem
563 258 728 307 volunt,
748 258 824 310 qui
841 261 1075 298 accusant:
1125 258 1257 304 Quem
1277 258 1443 305 metuit,
1460 258 1536 310 qui
1557 271 1624 297 ac-

64 324 270 360 cusatur:
317 317 402 364 Qut
423 315 602 355 idoneus
621 320 684 355 est
693 315 914 368 facundia
934 318 975 355 et
995 312 1242 355 innocentid
1255 331 1268 355 .·
1319 315 1406 361 Qui
1423 315 1497 354 lioc
1507 314 1626 368 facit

63 377 303 417 imitatione
320 373 544 424 majorum.

122 432 290 472 Divisio
307 429 565 483 principalis
586 440 680 468 una
700 426 751 468 de
770 441 814 468 se
834 429 939 481 ipso,
971 428 1109 468 altera
1136 427 1188 469 de
1207 428 1475 469 contentione
1492 428 1564 468 sui
1585 431 1626 468 et

69 486 247 529 Caecilii.

117 544 347 585 Divinatio
363 543 522 582 dicitur
537 543 630 582 liaec
645 543 796 589 oratio,
813 542 919 594 quia
930 554 1020 581 non
1035 542 1086 582 de
1091 542 1214 596 facto
1227 543 1448 594 quaeritur
1462 554 1514 581 θα)
1526 553 1624 580 con-

52 603 242 654 jectura,
272 601 345 642 sed
365 601 414 640 de
424 600 601 654 futuro,
633 612 734 651 quae
752 602 815 638 est
833 598 1075 648 Divinatio,
1112 603 1210 639 uter
1241 599 1386 639 debeat
1407 610 1622 638 accusare.

63 659 157 699 Alii
176 659 266 699 ideo
281 661 448 711 putant
467 656 792 696 Divinationem
811 653 909 703 clici,
943 655 1053 706 quod
1073 656 1262 707 injurati
1284 656 1456 707 judices
1475 655 1524 694 in
1544 655 1625 694 hac

61 712 194 755 causti
207 715 397 764 sedeant,
411 717 476 763 ut,
497 713 608 765 quod
626 713 771 760 velint,
781 714 1041 765 prcesentire
1057 713 1107 752 de
1119 717 1300 764 utroque
1311 714 1501 764 possint:
1531 711 1623 759 alii,

61 772 173 824 quod
190 785 256 811 res
270 776 431 823 agatur
442 770 533 809 sine
546 770 737 818 testibus,
759 773 800 808 et
815 768 906 808 sinc
922 769 1104 815 tabulis;
1137 773 1191 817 et,
1207 770 1274 809 liis
1289 770 1475 816 remotis,
1492 780 1626 819 argu-

61 833 205 868 menta
225 829 314 867 sola
335 831 576 879 sequantur
586 826 772 877 judices,
804 829 845 865 et
874 826 1000 876 quasi
1031 826 1235 865 divinent.
1297 823 1461 876 Agitur
1483 828 1628 864 autem

60 898 209 932 causa,
223 884 450 924 senatoriis
462 883 645 933 judiciis
660 883 708 920 in
728 879 895 921 ini-idid
912 896 935 919 a
935 882 1032 933 pud
1046 883 1257 934 populum
1274 883 1520 922 constitutis
1536 894 1626 920 cor-

58 943 261 994 ruptione
282 940 529 987 multorum,
560 939 725 977 ‘vertatis
739 939 975 990 provinciis
995 939 1204 986 omnibus,
1234 952 1284 977 ac
1304 939 1441 986 sociis,
1469 938 1625 990 populi

59 998 248 1038 Romani
259 997 393 1050 fessis
413 1000 497 1035 toto
518 995 612 1034 orbe
633 999 865 1042 terrarum,
898 994 1073 1033 libidine
1094 999 1135 1034 et
1155 996 1388 1046 iniquitate
1407 994 1623 1034 Romano-

58 1068 158 1094 rum
178 1055 531 1105 magistratuum,
551 1051 873 1090 accusatoribus
890 1051 1254 1102 praevaricatione
1273 1050 1526 1104 infamibus,
1531 1051 1624 1105 fla-

53 1113 227 1163 gitante
244 1110 362 1162 plebe
383 1109 556 1159 judicia
586 1109 794 1160 equestris
825 1107 1004 1155 ordinis,
1036 1120 1138 1158 qua?
1155 1107 1253 1160 fere
1279 1112 1382 1147 ante
1413 1121 1552 1146 minos
1572 1107 1628 1146 X

57 1169 191 1207 victor
218 1164 343 1206 Sulla
367 1166 634 1212 sustulerat,·
666 1168 940 1216 cognoscente
966 1164 1017 1203 de
1042 1165 1244 1216 pecuniis
1273 1164 1526 1216 repetundis
1555 1161 1620 1202 M.

62 1224 290 1264 Glabrione
320 1227 523 1275 proetore,
566 1226 608 1260 et
645 1222 920 1273 amplissimis
950 1221 1188 1272 quibusque
1218 1222 1425 1261 senatorii
1457 1221 1623 1261 ordinis

46 1280 367 1332 judicantibus,
400 1278 568 1318 summci
587 1279 900 1330 emspectatione
920 1282 1188 1317 cunctorum.

117 1338 265 1377 Genus
285 1349 433 1376 causae
450 1337 688 1375 honestum.
750 1333 915 1383 Status,
939 1336 1129 1386 qualitas
1149 1335 1378 1386 negotialis
1397 1348 1623 1387 compara-

55 1396 144 1434 tiva
161 1395 210 1434 de
225 1393 523 1434 constituendo
536 1396 797 1439 accusatore,
815 1393 891 1443 qui
901 1392 1092 1444 potissim
1100 1391 1166 1431 vim
1185 1392 1236 1430 de
1250 1392 1429 1439 duobus,
1448 1396 1529 1431 aut
1544 1392 1621 1443 qui

54 1452 171 1490 solus
205 1455 400 1491 accuset:
433 1450 538 1489 dicit
568 1450 682 1489 enim
714 1447 930 1497 Coecilius,
964 1452 1043 1487 aut
1074 1446 1099 1487 ιὶ
1130 1461 1173 1487 se
1204 1448 1500 1488 accusandum
1530 1461 1619 1488 esse

62 1508 240 1556 Verrem,
274 1511 355 1547 aut
374 1506 398 1546 ὰ
418 1520 462 1546 se
482 1519 658 1558 quoque.

764 1660 915 1691 NOTAE.

857 1737 964 1762 cerant
997 1736 1030 1762 ut
1059 1731 1252 1763 tribuniciam
1282 1736 1468 1773 potestatem
1502 1730 1621 1772 populo

95 1731 174 1772 Pag.
196 1734 227 1762 2.
257 1731 366 1762 Eorum
390 1733 440 1772 qui
466 1731 602 1773 adsunt]
657 1731 812 1762 Coronam

856 1775 1023 1804 redderent
1049 1775 1138 1807 Coss.
1163 1776 1223 1806 Cn.
1244 1775 1414 1815 Pompeius
1437 1775 1575 1814 Magnus
1591 1778 1623 1804 et

50 1775 161 1815 populi
171 1775 257 1811 dicit,
267 1775 380 1805 circum
391 1775 535 1805 subsellia
544 1780 686 1805 stantem.
711 1774 812 1804 Ascon.

94 1817 143 1848 Ib.
172 1817 238 1847 Una
257 1824 285 1848 et
307 1819 337 1848 id
361 1819 434 1858 quod
452 1818 532 1859 facio
550 1817 648 1857 prob]
695 1816 814 1846 Princi-

49 1860 130 1900 palis
145 1860 255 1890 divisio
265 1860 355 1900 hujus
365 1871 466 1891 causae
480 1861 625 1901 bipartita
639 1867 698 1894 est,
714 1859 814 1890 utrum

49 1903 133 1933 recte
158 1903 267 1934 Cicero
289 1909 423 1938 accuset,
446 1908 479 1933 et
500 1902 601 1933 utrsnu
626 1902 752 1934 Caecilio
775 1903 815 1932 sit

49 1947 301 1986 anteponendus.
344 1947 447 1977 Ascon.

93 1989 123 2018 3.
148 1988 209 2018 Sese
220 1991 289 2028 jam
304 1999 339 2019 ne
352 1988 443 2028 deos]
489 1987 571 2018 Mire
602 1987 739 2018 imitatus
767 1993 814 2018 est

48 2032 145 2061 verba
169 2031 352 2067 Siculorum,
382 2032 489 2061 dolore
512 2041 660 2072 oxymora
690 2037 721 2060 et
746 2031 814 2060 ina-

48 2073 117 2103 nia:
141 2075 229 2114 quasi
245 2075 321 2104 deos
337 2084 398 2104 non
414 2074 558 2109 babeant,
583 2074 636 2114 qui
652 2073 813 2104 simulacra

47 2116 262 2156 perdiderunt.
308 2118 409 2147 Ascon-

91 2158 143 2191 Ib.
166 2159 283 2201 Rogare
304 2166 330 2190 et
353 2161 462 2201 orare]
510 2159 635 2199 Rogare
659 2164 693 2189 ut
715 2160 813 2190 homi-

47 2211 115 2237 nes,
138 2213 223 2233 orare
243 2208 279 2232 ut
299 2203 393 2240 deos;
412 2203 479 2243 jam
504 2202 584 2232 enirn
605 2203 680 2238 deos,
703 2202 814 2243 quibus

44 2243 77 2274 id
95 2245 244 2283 facerent,
261 2256 323 2276 non
338 2246 506 2276 habebant.
547 2246 650 2275 Ascon.

90 2288 123 2320 5.
156 2287 249 2318 Eritii
271 2289 432 2328 solatium]
477 2288 570 2324 Quod
595 2287 757 2317 solatium?
780 2292 814 2317 ut

46 2332 294 2361 condemnentur
305 2331 337 2366 ii,
354 2341 484 2371 quorum
499 2331 613 2362 scelere
627 2330 731 2361 afflicti
742 2341 813 2371 per-

45 2373 166 2413 ditique
183 2379 263 2404 sunt.
308 2373 430 2406 Illanut.

89 2414 139 2446 Ib.
163 2415 424 2457 Difficultatibus]
470 2415 601 2456 Propter
619 2415 743 2457 plebem
760 2427 811 2446 ru-

44 2457 166 2495 sticam,
190 2469 258 2500 quae
274 2459 384 2499 partim
407 2469 507 2499 agros,
531 2459 642 2499 partim
660 2458 712 2498 jus
733 2459 810 2490 civi-

45 2502 117 2532 tatis
138 2503 256 2537 amisit:
282 2502 394 2543 partim
418 2502 544 2532 omnino
571 2502 740 2542 proscripta
764 2506 812 2531 est

44 2544 159 2575 victore
177 2544 275 2581 Sulla,
298 2544 382 2586 quod
407 2544 497 2585 plebs
513 2544 657 2574 Romana
673 2551 713 2574 (le
734 2544 809 2574 Ma-

42 2587 136 2617 rianis
164 2587 300 2628 partibus
322 2589 433 2619 fuerat.
477 2587 702 2617 Difficultatem
726 2587 808 2617 enirn

43 2636 258 2671 paupertatem
273 2630 437 2670 significat.
483 2631 583 2660 Ascon.

87 2672 137 2703 Ib.
184 2672 363 2703 Tribunicia-
386 2678 506 2711 potestas
541 2672 702 2713 efflagitata
734 2672 802 2712 esl.]

40 2714 165 2746 Primus
187 2715 318 2746 Sicinius
338 2715 476 2746 tribunus
499 2715 610 2756 plebis,
634 2726 691 2745 nec
707 2715 802 2746 multo

36 2757 109 2800 post
125 2758 284 2797 Quintius,
301 2763 332 2791 et
347 2757 502 2800 postremo
516 2757 802 2799 Palicanus,perfe-

858 1817 908 1848 jM.
926 1816 1062 1847 Licinius
1078 1818 1215 1849 Crassus,
1261 1819 1366 1848 Ascon.

902 1859 952 1891 lb.
979 1861 1056 1890 Ordo
1070 1871 1177 1900 quoque
1192 1861 1268 1890 alius
1289 1861 1327 1890 ad
1350 1859 1420 1900 res]
1466 1859 1503 1889 C.
1522 1859 1622 1890 Grac-

857 1903 932 1932 chus
948 1902 1048 1942 legem
1065 1904 1187 1939 tulerat,
1204 1908 1237 1932 ut
1252 1904 1372 1943 equites
1388 1901 1622 1942 Romanijudi-

856 1951 980 1975 carent:
998 1945 1222 1986 judicaverunt
1244 1956 1301 1986 per
1329 1956 1425 1975 annos
1454 1944 1522 1974 XL.
1554 1944 1619 1975 sine

855 1987 993 2019 infamia.
1052 1987 1138 2024 Post,
1160 1989 1258 2018 victor
1281 1987 1367 2019 Sulla
1390 1988 1474 2028 leges
1497 1987 1622 2024 tulerat,

858 2039 892 2060 ut
923 2031 1092 2061 senatorius
1120 2033 1195 2061 ordo
1216 2031 1390 2072 judicaret;
1420 2036 1452 2060 et
1469 2029 1624 2071 judicavit

858 2083 914 2113 per
937 2074 1047 2104 decem
1070 2084 1166 2104 annos
1183 2074 1322 2114 turpiter.
1366 2073 1460 2104 Nunc
1475 2073 1621 2103 Aurelius

858 2116 952 2147 Cotta
969 2116 1069 2157 legem
1082 2117 1152 2153 sert,
1168 2124 1201 2146 ut
1211 2122 1367 2147 senatores
1379 2122 1410 2146 et
1421 2116 1541 2156 equites
1554 2115 1622 2145 Ro-

858 2160 941 2189 mani
958 2170 993 2190 ac
1009 2159 1122 2189 tribuni
1146 2159 1244 2189 aerarii
1266 2159 1356 2190 simul
1371 2159 1536 2199 judicent:
1561 2160 1620 2190 hoc

859 2208 905 2232 est
928 2203 1011 2242 quod
1043 2202 1162 2232 Tullius
1186 2202 1263 2233 dicit
1285 2202 1456 2232 offensione
1478 2201 1625 2232 senatorii

858 2245 974 2274 ordinis
989 2245 1069 2282 fieri;
1097 2251 1129 2275 et
1144 2246 1223 2275 bene
1241 2245 1328 2274 addit
1342 2255 1460 2285 quoque,
1483 2250 1517 2274 ut
1533 2244 1624 2274 simul

849 2287 1044 2328 judicaturos
1060 2288 1136 2318 alios
1151 2298 1218 2318 esse
1232 2293 1425 2318 monstraret.
1469 2287 1570 2319 Ascon.

900 2333 930 2361 6.
957 2331 1137 2372 Cognitorem
1151 2332 1237 2369 juris
1259 2332 1336 2372 διαὶ]
1388 2329 1452 2366 Qui
1482 2329 1626 2360 defendit

854 2373 982 2403 alterum
1004 2374 1036 2403 in
1063 2373 1195 2414 judicio,
1220 2379 1273 2404 aut
1290 2379 1436 2414 patronus
1450 2372 1573 2408 dicitur,
1597 2371 1624 2402 si

854 2423 954 2446 orator
967 2422 1030 2454 est;
1059 2422 1112 2446 aut
1128 2417 1309 2452 advocatus,
1334 2416 1358 2446 si
1374 2421 1427 2446 aut
1442 2418 1493 2455 jus
1506 2414 1619 2455 suggess

853 2458 891 2488 rit
907 2464 961 2489 aut
976 2460 1173 2498 praesentiam
1189 2469 1274 2489 suam
1299 2459 1476 2489 commodat
1499 2459 1619 2495 amico;

854 2507 907 2531 aut
924 2507 1112 2541 procurator,
1139 2502 1164 2532 si
1189 2502 1347 2542 negotium
1365 2500 1502 2531 absentis
1524 2500 1621 2530 susci-

851 2544 919 2584 pit:
943 2550 996 2574 aut
1017 2545 1166 2584 cognitor,
1191 2545 1218 2574 si
1241 2544 1401 2585 praesentis
1421 2554 1546 2574 causam
1561 2553 1620 2573 no-

853 2587 906 2622 vit,
930 2592 963 2617 et
978 2587 1021 2617 sic
1035 2593 1136 2617 tuetur
1158 2592 1192 2616 ut
1207 2597 1292 2617 suam
1306 2600 1315 2626 3
1340 2597 1412 2627 ergo
1427 2586 1620 2627 cognitorem

852 2630 931 2659 dixit
960 2629 1064 2666 modo,
1102 2629 1372 2660 familiarissimum
1409 2630 1619 2662 defensorem.

850 2673 954 2703 Ascua.
1550 2674 1553 2677 ’

891 2718 922 2745 8.
949 2715 1045 2750 Quam
1054 2716 1222 2756 neminem]
1268 2715 1330 2753 Ac,
1346 2726 1402 2756 per
1417 2716 1500 2748 hunc
1515 2714 1618 2747 nemi-

846 2769 928 2791 nem.
943 2758 1103 2792 Caecilium
1118 2759 1282 2800 significat.
1328 2760 1431 2795 Aseon.
