1858 3095
714 135 806 171 PRO
833 137 1026 172 MILONE.

93 214 284 259 nesciam
304 213 408 272 quid
428 213 482 256 de
498 217 634 255 morte
652 211 796 256 Clodii
819 215 1039 265 sentiatis3
1071 214 1124 256 de
1145 214 1232 272 qua
1252 214 1288 257 si
1302 213 1394 272 jam
1414 215 1573 257 nollem
1593 215 1655 258 ita.

94 273 254 315 diluere
282 272 456 323 crimen,
485 278 532 312 ut
564 270 683 321 dilui,
709 278 851 313 tamen
884 271 1058 328 impunc¹
1094 272 1248 314 Miloni
1282 271 1426 328 palam
1454 273 1654 325 clamare,

95 338 226 393 atque
245 327 413 371 mentiri
446 327 647 383 gloriose,
667 329 837 378 liceret3
870 328 1042 381 Occidi,
1066 330 1221 379 occidi,
1244 344 1329 370 non
1362 329 1436 385 Sp.
1460 329 1654 381 Melium‚
1701 330 1730 370 5

98 401 188 443 qui,
220 384 392 428 annona
442 385 639 435 levanda,
678 385 946 442 jacturisque
999 386 1056 427 rei
1108 386 1344 436 familiaris,
1385 385 1485 442 quia
1528 386 1656 427 nimis

96 442 324 498 camplecti
358 441 526 498 plebem
547 442 790 497 putabatur,
811 443 853 483 in
876 443 1165 500 suspicionem
1197 443 1349 484 incidit
1379 442 1496 499 regni
1528 457 1659 500 appe-

97 500 242 550 tendi;
273 513 360 540 non
389 497 605 539 Tiberium
637 499 896 549 Gracchum,
918 500 990 556 qui
1021 501 1227 555 “collegae
1257 499 1553 556 magistratum
1585 513 1660 555 per

98 556 357 599 seditionem
395 555 618 611 abrogavit
632 572 643 605 ς
683 570 865 612 quorum

914 557 1208 598 interfectores
1248 554 1480 611 implerunt
1515 556 1660 597 orbem

98 620 305 655 terrarum
346 612 532 653 nominis
575 612 640 652 sui
682 613 846 669 gloria,
885 614 960 654 sed
992 628 1104 663 eum,
1127 612 1323 665 (auderet
1353 612 1467 652 enim
1504 612 1660 664 dicere,
1688 611 1734 654 [O

99 669 197 713 cum
218 670 399 728 patriam
420 669 610 725 periculo
633 684 710 710 suo
731 669 976 720 liberasset)
997 670 1119 724 cujus
1147 668 1381 710 nefandum
1407 668 1663 709 adulterium

101 726 147 769 in
176 726 468 783 pulvinaribus
500 725 783 767 sanctissimis
816 725 1097 767 nobilissimae
1129 724 1298 766 feminae
1330 724 1665 780 comprehende-

103 792 228 835 runt3
259 798 371 834 eum,
391 784 514 838 cujus
547 782 758 838 supplicio
791 789 966 824 senatus
997 782 1211 823 sollennes
1243 780 1472 837 religiones
1491 781 1665 837 expian-

105 840 182 882 das
214 839 328 896 saepe
367 838 559 889 censuit3
592 853 704 889 eum,
730 854 860 895 quem
895 854 993 880 cnm
1031 853 1174 880 sorore
1214 838 1418 894 germana
1457 838 1665 879 nefarium

108 903 301 952 stuprum
318 895 474 938 secisse
492 895 538 936 L.
553 895 950 952 Lucullus‚juratis‚
967 911 1027 947 se,
1042 895 1352 952 quaestionibus
1370 894 1542 944 habitis,
1560 895 1667 937 dixit
1688 894 1740 937 15

106 953 390 1010 comperisse;
436 967 548 1004 eum,
583 952 657 1009 qui
697 952 848 1001 civem,
890 968 1016 1009 quem
1066 960 1254 1003 senatus,
1290 967 1419 1009 quem
1464 953 1667 1008 populus,

103 1025 231 1066 quem
253 1024 400 1051 omnes
421 1016 586 1066 gentes,
611 1009 739 1050 Urbis
762 1024 812 1051 ac
833 1010 932 1051 vitae
955 1009 1109 1051 civium
1132 1017 1475 1051 conservatorem
1499 1009 1670 1065 judica·

102 1074 210 1118 rant,
228 1081 446 1109 servorum
463 1065 590 1108 armis
607 1066 953 1118 cexterminavin
986 1081 1082 1108 eum
1099 1066 1172 1123 qui
1193 1081 1324 1123 regna
1337 1066 1469 1118 dedit,
1483 1066 1668 1119 ademit3

210 1257 388 1292 camare.

152 1448 184 1479 5.
210 1446 335 1478 Mentiri
346 1445 494 1488 gloriose]
522 1446 598 1478 Non
611 1446 705 1484 Milo,
718 1447 774 1477 sed
791 1447 870 1478 servi

109 1490 241 1521 Milonis
257 1489 404 1521 Clodium
419 1490 613 1521 occiderant.

152 1533 200 1564 Ib.
226 1532 294 1563 Non
313 1532 364 1572 Sp.
388 1532 542 1573 Melitam]
591 1532 784 1573 Argumento
816 1534 871 1565 Ci-

108 1587 180 1608 cero
206 1576 301 1606 utitur
324 1576 342 1606 a
369 1576 479 1606 minori
505 1577 544 1606 ad
577 1575 688 1615 majus;
725 1577 872 1618 majorem

109 1620 191 1650 enim
208 1619 266 1649 sibi
281 1618 408 1660 gloriam
426 1619 549 1659 peperit
561 1619 644 1648 Milo
654 1619 869 1650 interficiendo

111 1662 372 1703 Clodium,qu²3.rn
386 1661 489 1692 Ahala
499 1662 554 1703 Sp.
570 1661 716 1693 Menum.
754 1663 870 1694 Melius

111 1707 209 1745 enirn,
224 1705 295 1736 cum
317 1705 438 1735 videret
458 1716 590 1735 annonae
613 1705 786 1741 caritatem,
810 1707 873 1746 pri-

111 1749 184 1780 vata
206 1749 263 1780 sua
278 1747 413 1789 pecunia
432 1748 621 1780 frumentum
642 1748 728 1785 emit,
743 1755 776 1779 et
795 1749 872 1779 illud

111 1792 145 1823 in
159 1792 264 1832 capita
278 1791 394 1822 civium
409 1791 536 1832 largitus
553 1797 615 1822 est:
641 1792 725 1822 unde
741 1792 827 1822 venit
840 1792 873 1822 in

112 1834 320 1876 suspicionem
336 1835 424 1874 regni
446 1834 602 1865 affectati:
635 1834 697 1874 qua
711 1835 752 1865 de
768 1834 874 1872 causa,

107 1877 198 1919 jussu
215 1877 339 1914 Quintii
359 1878 530 1914 dictatoris,
552 1877 592 1908 ab
615 1875 720 1909 Ahala
743 1878 874 1910 Servilio

114 1921 262 1961 magistro
275 1921 414 1961 equitum
430 1921 550 1951 occisus
565 1925 623 1951 est.

160 1967 191 1994 6.
225 1963 351 1994 Annon&
380 1964 528 2005 lemndat]
587 1963 724 1994 Annona
752 1964 875 2006 proprie

117 2017 174 2048 pro
189 2017 222 2037 re
232 2006 431 2036 frumentaria
447 2008 595 2044 suniitur;
619 2007 792 2047 promiscue
805 2007 876 2038 vero

118 2060 175 2091 pro
190 2049 332 2090 quolibet
343 2048 558 2080 alimentorum
573 2060 698 2089 genere.

162 2095 192 2123 8.
219 2091 364 2122 Tiberium
388 2091 583 2133 Gracchum]
630 2092 789 2122 Gracchus
813 2103 878 2123 ma.

121 2136 249 2177 gistratu
275 2135 406 2175 privavit
420 2134 586 2165 Octavium
602 2134 754 2175 collegam
778 2146 878 2172 suum,

122 2178 268 2220 quoniam
280 2179 342 2208 suis
354 2178 563 2218 rogationibus
575 2178 806 2217 intercedebat5
826 2189 880 2209 vo-

123 2222 211 2253 lebat
225 2221 308 2253 enim
324 2221 409 2261 leges
435 2222 567 2261 agrarias
583 2221 672 2257 ferre,
688 2221 798 2261 quibus
822 2231 879 2262 pu-

123 2265 220 2296 blicos
249 2274 338 2305 agros
366 2263 508 2294 dividere
539 2264 656 2305 populo
688 2264 883 2295 intendebat.

123 2307 206 2339 cum
230 2317 323 2338 neruo
346 2307 510 2338 obsisteret
530 2306 691 2338 consulum
714 2307 763 2337 vel
789 2307 885 2338 tribu-

125 2361 247 2388 norum,
273 2350 380 2390 Scipio
407 2349 539 2388 Nasica,
554 2351 607 2391 qui
631 2349 723 2390 longe
747 2351 884 2381 omnium

127 2394 263 2434 optimus
286 2394 472 2431 habebatur,
492 2393 608 2424 irruens
635 2393 667 2423 in
689 2393 883 2430 concionem,

124 2437 282 2468 Tiberium
299 2436 478 2467 Gracchum
494 2436 660 2468 interfecit.

171 2484 224 2511 11.
258 2479 350 2519 Cujus
375 2478 535 2520 mffandum
563 2478 772 2520 adulterium]
817 2479 886 2520 Op-

128 2523 219 2564 ponit
234 2521 301 2563 jain
317 2522 435 2562 flagitia
451 2521 567 2558 Clodii,
584 2533 637 2552 seu
653 2522 800 2552 violatam
815 2522 887 2552 reli-

131 2565 266 2605 gionem,
295 2564 418 2595 illorum
445 2565 638 2596 criminibus:
670 2575 742 2595 nam
775 2565 800 2595 si
830 2565 887 2601 illi,

129 2608 203 2648 quia
218 2607 338 2638 tantum
352 2607 383 2638 in
399 2608 607 2649 suspicionem
621 2613 771 2638 venerunt
785 2609 889 2638 crimi-

130 2650 190 2686 nis,
204 2650 378 2692 occisijure
390 2651 616 2688 existimantur;
639 2656 756 2692 quanto
768 2650 889 2692 aequius

131 2693 274 2729 Clodius,
289 2693 386 2734 quiet
397 2694 546 2725 sacrificia
558 2694 667 2726 infami
679 2694 807 2726 libidine
824 2694 891 2736 pol-

133 2736 193 2767 luit
209 2741 242 2766 et
255 2736 469 2777 deprehensus
484 2739 556 2769 est?

174 2782 227 2812 12.
248 2778 287 2810 In
299 2779 529 2824 pulvinaribus]
566 2780 608 2815 Id
624 2786 684 2820 est,
697 2781 730 2814 in
745 2781 820 2825 ipsis
836 2791 892 2824 pe·

508 1249 735 1304 ‘'collegam
755 1251 951 1305 deposuit
969 1252 1245 1304 magistratu.

1364 1253 1568 1304 compulit.

913 1446 1082 1478 netralibus
1109 1447 1231 1478 delubri
1256 1445 1324 1478 tleae
1355 1445 1511 1488 Cybeles:
1535 1447 1568 1478 in
1596 1451 1676 1478 tem-

914 1491 975 1532 plis
991 1490 1072 1521 enim
1096 1497 1184 1521 erant
1206 1490 1392 1532 pulvinaria,
1407 1490 1471 1520 sive
1488 1489 1606 1527 lectuli,
1623 1491 1676 1522 ubi

917 1535 1045 1564 deorum
1062 1534 1223 1564 simulacra
1239 1534 1482 1574 reponebantur.

961 1576 1010 1607 Ib.
1044 1575 1231 1606 Nobilissimae
1257 1576 1407 1618 seminam]
1464 1576 1506 1606 Et
1542 1576 1676 1615 virgines

914 1619 1058 1651 Vestales
1081 1625 1113 1650 ct
1135 1620 1204 1650 aliae
1228 1626 1386 1655 matronae,
1403 1629 1472 1660 quae
1495 1619 1528 1650 in
1553 1619 1591 1651 C.
1607 1620 1677 1652 Cae-

915 1664 990 1693 saris
1007 1662 1142 1694 consulis
1158 1662 1278 1693 aedibus
1293 1668 1514 1694 convenerant.

962 1708 1012 1737 15.
1036 1705 1074 1736 L.
1089 1705 1261 1746 Lucullus]
1300 1705 1462 1741 Lucullus,
1478 1704 1572 1745 injus
1585 1716 1679 1737 voca-

917 1753 978 1785 tus,
994 1754 1028 1779 ut
1050 1749 1261 1779 testimonium
1284 1748 1403 1779 diceret
1425 1749 1465 1778 de
1482 1748 1546 1779 vita
1562 1749 1680 1786 Clodii,

918 1792 995 1822 dixit
1011 1802 1044 1822 se
1060 1802 1115 1833 per
1138 1796 1291 1822 tormenta
1315 1792 1353 1822 ab
1370 1791 1492 1821 ancillis
1517 1792 1580 1823 suis
1596 1803 1682 1823 com-

917 1835 1035 1876 perisse
1066 1835 1212 1866 Clodium
1249 1834 1400 1865 nefarium
1439 1839 1580 1874 stuprum
1609 1846 1681 1866 cum

919 1878 975 1908 sua
1000 1888 1115 1914 sorore,
1139 1888 1209 1919 quae
1232 1877 1293 1919 ipsi
1317 1877 1450 1908 Lucullo
1477 1883 1578 1919 nupta
1603 1883 1683 1915 erat,

918 1932 1118 1953 commisisse.

962 1966 1015 1994 17.
1039 1964 1295 2004 Conseri-atoma]
1329 1964 1436 1995 Semet
1450 1963 1553 2003 ipsum
1570 1964 1683 1996 Cicero

919 2007 1072 2044 nominat,
1087 2008 1142 2048 qui
1160 2007 1252 2038 Urbis
1271 2014 1473 2038 conservator
1497 2008 1601 2039 dictus
1625 2012 1684 2044 est,

921 2050 994 2091 quia
1004 2060 1073 2080 eam
1087 2051 1105 2080 ἂ
1117 2050 1329 2090 conjuratione
1341 2050 1488 2081 Catilinae
1501 2050 1686 2081 vindicavit.

965 2095 1017 2123 18.
1035 2092 1255 2134 Regnadedit]
1279 2092 1402 2130 Cicero,
1416 2095 1457 2124 de
1466 2092 1685 2134 Haruspicum

923 2136 1090 2175 responsis,
1113 2137 1157 2166 ait
1184 2136 1413 2173 Pessinuntem,
1434 2138 1548 2168 sedern
1575 2142 1608 2166 et
1626 2136 1685 2166 do-

924 2178 1072 2208 micilium
1101 2178 1249 2220 Cybeles,
1276 2179 1451 2219 Brogitaro,
1477 2179 1686 2220 Gallograeco,

924 2220 1131 2262 impurissimo
1146 2221 1274 2257 homini,
1289 2223 1480 2260 vendidisse,
1497 2228 1530 2254 et
1551 2233 1622 2254 eum
1638 2233 1687 2253 re-

927 2275 996 2304 gem
1009 2264 1137 2305 jussisse
1153 2264 1317 2306 appellari.

970 2307 1019 2338 Ib.
1044 2308 1186 2348 Ademit]
1245 2307 1331 2338 Tulit
1356 2308 1456 2350 legem
1480 2309 1623 2347 Clodius,
1651 2313 1687 2339 nt

929 2350 1054 2391 Cyprus
1069 2351 1170 2381 insula
1188 2351 1218 2380 in
1234 2351 1401 2392 provinciae
1417 2352 1544 2383 formam
1564 2353 1686 2394 redige-

927 2399 1020 2430 retur,
1045 2400 1077 2424 et
1100 2400 1135 2423 ut
1157 2393 1344 2424 Ptolemaeus
1367 2405 1419 2425 rex
1443 2395 1553 2437 Cypri,
1574 2395 1687 2426 sedens

927 2446 996 2466 cum
1013 2436 1151 2477 purpura
1166 2442 1198 2467 et
1218 2443 1354 2477 sceptm,
1369 2444 1402 2468 et
1423 2438 1491 2469 aliis
1514 2437 1687 2479 insignibus

928 2479 1034 2520 regiis,
1049 2480 1184 2520 praeconi
1201 2479 1326 2520 publico
1341 2480 1554 2522 subjiceretur,
1571 2487 1601 2512 et
1617 2491 1687 2511 cum

928 2522 1017 2552 bonis
1031 2523 1173 2554 omnibus
1189 2523 1396 2563 publicaretur
1407 2536 1416 2554 ι
1441 2530 1473 2555 et
1488 2529 1521 2555 ut
1533 2524 1583 2554 M.
1595 2524 1688 2560 Cato,

931 2575 1001 2595 cnm
1013 2565 1083 2605 jure
1100 2566 1256 2607 praetorio,
1273 2565 1397 2607 adjecto
1414 2568 1508 2597 etiam
1523 2571 1688 2608 quaestore,

932 2609 1107 2639 mitteretur
1139 2609 1171 2639 in
1201 2609 1334 2640 insulam
1360 2609 1513 2651 Cyprum,
1537 2615 1570 2640 et
1594 2609 1688 2649 regiae

934 2661 1021 2692 gazae
1043 2652 1229 2688 vendende,
1249 2658 1282 2683 et
1303 2654 1446 2693 pecuniae
1473 2653 1690 2693 deportandae‚

933 2695 1142 2735 praeficeretur
1151 2710 1160 2735 ς
1188 2701 1225 2726 ut
1237 2695 1291 2736 qui
1314 2695 1474 2737 Byzantii,
1489 2705 1589 2727 rerum
1603 2695 1691 2737 capi-

934 2737 1043 2769 talium
1052 2738 1204 2776 damnati,
1213 2737 1516 2780 exsularent‚populi
1525 2738 1621 2770 Rom.
1633 2749 1692 2770 no-

934 2781 1019 2814 mine
1032 2781 1065 2814 in
1079 2782 1224 2815 eamdem
1235 2781 1392 2814 civitatem
1405 2783 1638 2816 reducerentur.

1644 138 1730 182 337
