1790 3090
76 142 160 184 318

781 142 873 175 PRO
905 143 1100 177 MILONE.

105 220 132 259 5
152 219 180 242 “
203 216 289 257 Cui
309 216 610 271 I1onofuerw't,’'
630 215 676 257 in
695 214 763 258 his
786 219 976 273 personis
997 218 1159 269 valeat3
1190 217 1270 260 etsi
1291 217 1393 260 boni
1415 218 1532 261 nullo
1553 220 1714 262 emolu-

149 279 294 314 mento
317 273 594 329 impelluntur
614 273 658 314 in
678 273 885 327 fraudem,
905 274 1087 332 improbi
1109 273 1222 332 saepe
1243 290 1386 332 parvo.

1451 276 1600 334 Atqui,
1624 277 1712 319 Mi-

149 331 247 372 lone
270 329 508 378 interfecto,
531 328 710 371 Clodius
742 334 826 373 hoc
856 332 1180 388 assequebatur,
1200 347 1286 374 non
1315 332 1444 375 modo
1476 340 1524 375 ut
1557 341 1711 390 praetor

148 394 276 437 esset,
297 401 383 426 non
405 401 455 427 eo
480 388 672 438 consule,
694 403 780 443 quo
801 389 972 430 sceleris
995 388 1101 429 nihil
1122 389 1261 430 facere
1282 398 1452 446 posset3
1484 391 1560 432 sed
1581 391 1711 434 etiam

146 450 195 484 ut
225 443 290 483 his
325 442 573 484 consulibus
605 451 758 499 praetor
789 452 916 495 esset,
948 445 1116 501 quibus,
1148 446 1183 486 si
1213 460 1299 487 non
1329 447 1644 503 adjuvantibus,
1666 456 1710 489 at

75 502 128 543 10
146 499 500 541 bconniventibus
533 499 663 552 certe,
695 501 914 557 sperasset
943 517 988 543 se
1019 517 1146 557 posse
1178 504 1485 559 rempublicam
1513 505 1708 546 celudere

145 556 188 597 in
211 556 293 597 illis
316 556 404 597 suis
426 557 628 613 cogitatis
648 558 886 609 furoribus3
917 559 1039 614 cujus
1057 558 1117 599 illi
1134 566 1314 601 conatus
1335 564 1403 612 (ut
1424 561 1515 616 ipse
1537 561 1709 602 ratioci-

143 613 343 665 nabatur)
365 628 459 665 nec,
482 614 517 654 si
549 621 742 670 possent,
764 615 989 671 reprimere
1011 623 1231 672 cuperent,
1254 615 1351 657 cum
1381 624 1547 658 tantum
1576 618 1708 659 bene-

143 670 289 710 ficium
328 670 366 711 ei
406 686 450 712 se
492 671 647 713 debere
687 672 1012 724 arbitrarentur3
1054 680 1111 723 et,
1147 673 1182 714 si
1213 674 1386 726 vellent,
1418 673 1601 716 fortasse
1632 674 1705 716 vix

142 733 323 782 possent
344 727 539 784 frangere
561 728 747 770 hominis
773 729 1094 770 sceleratissimi
1115 730 1432 772 corroboratam
1456 731 1547 787 jam
1567 737 1708 773 vetus-

71 787 123 828 15
142 790 230 825 tate
261 784 501 826 audaciam.
560 786 631 826 An
650 785 763 837 vero,
777 786 963 841 judiceS‚
984 801 1061 828 vos
1083 787 1165 828 soli
1186 787 1424 844 ignoratis?
1456 802 1531 830 vos
1560 787 1706 844 hospi-

141 847 207 882 tes
237 840 282 880 in
316 840 398 881 hac
429 842 532 882 urbe
563 842 820 883 versamini?
850 851 1001 884 vestrae
1037 843 1360 900 peregrinantur
1396 859 1533 896 aures,
1563 859 1703 901 neque

139 896 185 937 in
215 896 299 937 hoc
330 904 557 952 pervagato
579 898 765 939 civitatis
797 914 992 941 sermone
1012 908 1248 952 versantur,
1268 916 1374 957 quas
1404 901 1475 943 ille
1505 903 1624 957 leges
1646 902 1703 953 (si

138 953 257 1008 leges
279 953 548 994 nominaudae
580 962 695 1005 sunt,
717 970 768 996 ae
798 970 885 996 non
906 956 1021 997 faces
1053 956 1183 1006 urbis,
1202 964 1245 998 et
1266 964 1409 1012 pestes
1437 958 1702 1015 reipublicae)

138 1009 265 1050 fuerit
294 1009 571 1064 impositurus
609 1011 734 1051 nobis
776 1011 987 1063 omnibus,
1026 1018 1155 1068 atque
1188 1013 1436 1055 inusturus‘?

1516 1014 1701 1065 Exhibe,

64 1072 120 1113 20
139 1081 300 1122 quaeso,
342 1066 472 1108 Sexte
505 1067 644 1115 Clodi,
686 1068 839 1109 exhibe
880 1068 1096 1109 librarium
1135 1069 1241 1110 illud
1279 1070 1424 1126 legum
1452 1077 1698 1122 vestrarum,

139 1124 254 1178 quod
287 1130 327 1164 te
359 1123 479 1165 aiunt
509 1124 715 1180 eripuisse
747 1124 770 1165 ὲ
802 1125 944 1174 domo,
976 1133 1019 1167 et
1049 1140 1101 1166 ex
1141 1125 1295 1167 mediis
1331 1126 1459 1168 armis
1490 1127 1700 1183 turbaque

137 1179 361 1231 nocturna,
383 1187 602 1238 tamquam
624 1181 882 1235 Palladium,
902 1182 1142 1235 sustulisse,
1160 1191 1209 1225 ut
1234 1184 1481 1241 praeclarum
1502 1184 1704 1227 videlicet

490 1388 508 1412 ¹³
510 1389 870 1443 permittentibus.

177 1629 210 1659 ⁶7.
237 1627 277 1659 Ut
289 1636 395 1669 praetor
407 1632 505 1673 esset]
562 1630 615 1661 De
630 1631 810 1672 praetoribus
826 1630 895 1661 fuse

135 1672 254 1702 dictum
270 1678 317 1702 est
332 1673 363 1703 in
380 1673 468 1705 Orat.
485 1685 540 1716 pro
557 1674 642 1715 Lege
659 1674 773 1707 Manil.
786 1685 894 1716 parag.

135 1711 156 1745 i.
173 1721 238 1746 not.
258 1717 297 1746 ad
313 1716 367 1748 lin.
386 1720 438 1748 13.

179 1760 209 1789 9.
233 1758 289 1789 His
316 1761 503 1801 consulibus]
564 1760 704 1791 Plautius
735 1761 894 1802 Hypsaeus

134 1806 166 1831 et
182 1801 223 1837 Q.
240 1801 390 1833 Metellus
407 1803 512 1844 Scipio
523 1804 736 1845 designantur,
752 1805 804 1846 qui
821 1815 892 1835 cuin

132 1843 256 1875 Milone
271 1847 422 1885 petebant
436 1847 640 1878 consulatum.

176 1891 229 1919 11.
253 1888 395 1929 Cogitatis
407 1889 590 1931 surm-ibus]
637 1890 793 1921 Statuerat
817 1890 891 1920 Clo-

133 1929 202 1960 dius
219 1931 249 1961 in
268 1932 398 1969 praeturfi
415 1939 511 1963 totam
527 1932 643 1975 Remp.
661 1939 812 1965 evertere.

177 1976 228 2004 12.
255 1973 381 2004 Tantum
402 1976 595 2018 bemgsidum]
641 1976 792 2007 Consules
820 1976 891 2017 Hy-

131 2026 232 2056 psaeus
249 2022 280 2047 et
296 2018 447 2048 Metellus
464 2019 570 2059 Scipio
588 2030 744 2060 nunquam
760 2020 827 2049 ausi
843 2021 891 2049 fu-

131 2059 229 2090 issent
254 2061 475 2102 rempublicam
500 2068 607 2093 contra
631 2062 736 2093 Clodii
762 2067 891 2093 conatus

132 2103 316 2142 defendere,
337 2106 412 2145 quia
435 2105 502 2146 ejus
526 2105 676 2137 beneficio
695 2106 890 2136 consulatum

132 2146 264 2177 fuissent
281 2148 401 2188 adepti.

178 2193 230 2222 14.
273 2190 488 2221 Com-olmratam
531 2198 671 2222 vetustate
707 2190 886 2231 audaciam]

132 2231 322 2274 :Metaphora
342 2240 466 2275 sumpta
489 2235 527 2265 ab
543 2235 713 2271 arboribus,
729 2245 809 2275 quae,
826 2245 888 2275 quo

134 2276 328 2313 vetustiores,
345 2288 382 2308 eo
397 2278 536 2308 duriores
553 2285 635 2315 sunt,
651 2285 685 2308 ut
700 2288 844 2319 quercus·

175 2322 228 2349 16.
252 2319 486 2362 Peregrinantur
499 2322 611 2362 aures]
657 2321 791 2352 Videtur
803 2321 890 2361 quasi

131 2360 315 2401 ignorantiae
354 2375 480 2404 arguere
512 2363 659 2404 judices:
701 2364 891 2405 peregrinari

132 2405 214 2435 enirn
231 2406 386 2442 dicuntur,
403 2407 457 2447 qui
468 2408 552 2436 domi
567 2418 628 2437 non
639 2413 727 2437 sunt:
754 2413 786 2437 et
801 2417 890 2446 pere-

133 2448 212 2487 grini
239 2449 322 2489 saepe
346 2460 445 2479 rerum
473 2450 572 2490 ignari
591 2456 672 2486 sunt,
693 2460 774 2491 quae,
795 2449 828 2479 in
852 2459 889 2480 eo

131 2490 202 2521 loco
218 2492 270 2521 ubi
285 2498 366 2528 sunt,
383 2499 540 2532 geruntur.

176 2536 228 2564 19.
252 2535 346 2574 Atque
360 2536 537 2576 inusturus]
574 2535 635 2565 Vel
650 2534 778 2575 respicit
790 2535 829 2564 ad
844 2534 890 2564 in-

133 2577 277 2608 cendium
293 2589 354 2619 quo
377 2578 461 2609 curia
483 2578 674 2618 deflagravit,
690 2577 760 2608 cum
784 2577 890 2608 Clodii

132 2621 265 2651 cadaver
278 2622 450 2651 ambustum
464 2627 532 2659 est3
556 2621 603 2651 vel
620 2622 657 2651 ad
676 2621 771 2662 ipsius
785 2620 891 2651 Clodii

133 2664 344 2704 tyrannidem,
360 2665 415 2706 qui
429 2665 514 2705 leges
531 2664 653 2695 odiosas
670 2664 810 2694 omuibus
833 2664 890 2694 im-

132 2707 299 2747 posuisset,
329 2708 354 2738 si
385 2714 547 2748 praeturam
569 2708 678 2738 suisset
706 2712 889 2746 assecutn53

133 2750 257 2790 sumpta
280 2750 461 2791 metaphora
483 2751 502 2782 εὶ
524 2752 632 2794 servis,
645 2751 700 2793 qui
714 2751 794 2784 ferro
818 2761 892 2783 can·

134 2793 221 2825 denti
235 2793 445 2828 inurebantur.

1160 1396 1176 1413 0
1176 1390 1349 1446 fallere.

985 1632 1038 1661 ΞΟ.
1064 1630 1143 1662 Sexte
1173 1630 1284 1672 Clodi]
1345 1631 1458 1661 Sextus
1488 1629 1541 1660 ille
1572 1629 1702 1662 Clodius

940 1673 1045 1704 Clodii
1060 1674 1119 1704 suit
1140 1673 1401 1714 consanguineus,
1417 1684 1510 1715 quem
1533 1672 1602 1713 ejus
1625 1674 1700 1704 scri·

939 1716 1009 1746 bam
1033 1717 1116 1758 saepe
1132 1722 1224 1747 vocat
1241 1717 1364 1753 Cicero,
1381 1724 1412 1747 et
1434 1727 1526 1757 quem
1543 1717 1698 1748 Asconius

939 1760 982 1790 ait
997 1760 1102 1791 Clodii
1118 1761 1252 1791 cadaver
1265 1760 1297 1791 in
1313 1759 1427 1791 curiam
1442 1759 1594 1790 intulisse.

978 1802 1027 1834 Ib.
1052 1802 1251 1843 Librarium]
1286 1803 1324 1833 Id
1342 1809 1401 1840 est,
1416 1803 1569 1840 codicem,
1584 1804 1617 1834 in
1632 1814 1695 1845 quo

936 1851 1005 1877 acta
1023 1847 1126 1876 omnia
1143 1847 1371 1877 describuntur.

979 1892 1031 1920 21.
1056 1889 1206 1929 Turbdque
1231 1889 1400 1930 nocturna]
1446 1889 1618 1929 Postquam
1648 1889 1697 1919 in-

935 1932 1081 1962 terfectus
1098 1938 1144 1963 est
1160 1932 1304 1968 Clodius,
1316 1931 1464 1968 Romam,
1479 1937 1513 1962 ut
1526 1932 1620 1962 refert
1631 1931 1695 1962 Pe-

936 1975 1058 2012 dianus,
1073 1976 1226 2016 perlatum
1243 1980 1290 2005 est
1302 1975 1370 2015 ejus
1383 1975 1516 2006 cadaver
1536 1980 1608 2005 ante
1633 1975 1696 2015 pri-

935 2028 1015 2048 mam
1047 2019 1147 2049 noctis
1174 2019 1298 2048 horam:
1330 2018 1508 2059 intimaeque
1535 2017 1636 2058 plebis
1662 2023 1696 2048 et

934 2071 1089 2092 servorum
1116 2061 1249 2092 maxima
1277 2060 1446 2091 multitudo
1473 2071 1584 2101 magno
1608 2060 1695 2092 luctu

934 2115 1046 2145 corpus
1074 2105 1108 2136 in
1146 2105 1221 2136 atrio
1252 2103 1362 2135 domfis
1398 2104 1532 2146 positum
1563 2103 1695 2135 circum-

938 2149 1037 2178 stetit.

978 2194 1030 2222 22.
1054 2190 1252 2232 Palladium]
1297 2189 1473 2221 Palladium
1495 2190 1694 2222 simulacrum

932 2233 991 2264 fuit
1020 2234 1172 2269 Palladis,
1196 2235 1294 2275 quod,
1318 2233 1367 2263 Ilo
1394 2244 1451 2264 avo
1478 2233 1595 2264 Priami
1621 2244 1690 2274 reg-

932 2282 1027 2307 nante
1042 2278 1125 2318 apud
1142 2277 1307 2318 TrojanOS,
1323 2276 1340 2307 ὲ
1355 2276 1435 2307 coelo
1451 2277 1580 2307 decidit.
1625 2276 1692 2307 De-

934 2319 996 2350 lato
1025 2320 1058 2351 in
1085 2321 1191 2351 urbem
1220 2320 1396 2357 simulacro,
1421 2319 1487 2350 Ilus
1510 2319 1690 2360 Apollinem

934 2363 1100 2399 consuluit,
1116 2364 1170 2404 qui
1193 2363 1383 2393 incolumem
1405 2363 1532 2404 Trojam
1554 2363 1618 2393 sore
1641 2372 1690 2392 re-

934 2407 1073 2447 spondit,
1090 2408 1163 2436 duin
1186 2406 1263 2436 illud
1287 2406 1318 2436 in
1334 2405 1394 2437 Ilio
1411 2406 1569 2437 conditum
1586 2415 1691 2435 serva·

933 2456 1025 2480 retur.
1078 2449 1143 2479 Alii
1167 2449 1283 2484 serunt,
1312 2448 1511 2485 Diomedem,
1542 2448 1690 2490 Ulyssem

933 2492 996 2528 alii,
1017 2492 1190 2524 abstulisse.
1234 2491 1305 2522 Hoc
1332 2491 1408 2522 illud
1438 2492 1538 2532 ipsum
1562 2491 1691 2521 simula-

932 2545 1017 2565 crum
1029 2534 1163 2565 Romam
1177 2535 1336 2575 pervenit:
1352 2534 1369 2564 a
1386 2544 1448 2574 quo
1460 2534 1610 2574 perlatum
1622 2534 1691 2564 sue-

933 2578 983 2616 rit,
999 2588 1060 2608 non
1075 2583 1207 2608 constat.
1253 2577 1414 2608 Cedrenus
1426 2577 1446 2607 εἶ
1461 2577 1618 2608 Diomede
1634 2587 1690 2618 pe-

934 2621 1011 2651 tenti
1027 2621 1139 2651 AEneae
1161 2620 1319 2651 redditum
1341 2620 1436 2650 fuisse
1459 2619 1576 2658 scribit,
1593 2620 1612 2650 ῖι
1627 2630 1689 2661 quo

935 2664 968 2694 in
996 2663 1120 2693 Italiam
1147 2663 1298 2704 perlatum
1325 2668 1392 2699 est3
1425 2668 1457 2693 at
1485 2669 1602 2694 certum
1629 2669 1691 2701 est,

935 2706 1046 2738 Romae
1075 2707 1108 2736 in
1138 2707 1206 2737 aede
1232 2705 1340 2736 Vestae
1375 2706 1545 2747 repositum
1573 2705 1692 2744 fuisse5

935 2751 1033 2792 quod,
1047 2747 1119 2780 cum
1141 2749 1218 2780 aedis
1241 2749 1377 2788 arsisset,
1393 2750 1432 2782 ab
1454 2749 1603 2783 incendio
1617 2749 1693 2781 Me-

935 2794 1026 2827 tellus
1041 2792 1182 2836 pontifex
1197 2792 1324 2835 eripuit.
