1858 3095
898 167 1015 198 VITA.
1720 191 1745 219 v

149 243 399 306 parentibus
415 242 458 284 in
479 242 615 285 forum
633 243 845 284 deductus
868 251 948 292 est,
969 250 1017 285 ut
1034 251 1153 299 ‘esset
1173 245 1345 287 auditor
1364 252 1408 287 et
1427 253 1611 290 sectator
1627 251 1743 305 judi-

151 314 328 344 ciorum.
654 321 657 323 ·

570 404 737 433 ANNUS
776 403 921 433 URBJS
959 404 1190 432 coNni'rAE
1226 392 1324 433 663.

227 467 342 507 Coss.
373 466 424 507 L.
445 467 567 507 Julio
592 464 780 513 Cana-arc,
800 466 852 505 P.
874 466 1041 506 Rutili«,
1065 466 1203 518 Lupo,
1228 471 1330 507 ante
1353 467 1574 507 Clario-lum
1593 469 1663 510 85).

607 520 824 563 Ciceronis
855 523 1041 563 ‹lecimus-
1070 525 1290 575 septimus.

204 609 302 651 Hoc
319 625 430 652 anno
447 610 599 651 acriter
611 610 770 650 bellum
787 609 986 651 Italicum
1001 619 1170 667 gestum
1187 619 1267 664 est,
1282 612 1324 653 in
1342 627 1426 669 quo
1442 614 1580 669 plures
1595 615 1740 656 clades

146 668 369 722 accepere,
391 669 519 723 quam
538 666 736 712 intulere,
759 665 963 709 Romani:
1001 666 1098 708 cum
1120 668 1265 724 itaque
1287 675 1379 710 tota
1399 671 1653 712 tumultibus
1677 686 1741 712 re-

145 724 262 779 pleta
286 730 401 765 esset
423 723 563 775 Italia,
584 722 767 764 Senatus
788 723 962 764 decreto
988 724 1157 779 judicia
1189 725 1433 767 intermissa
1467 735 1581 769 sunt.
1640 727 1739 776 Quo

143 787 336 836 tempore
354 787 491 821 totum
505 794 550 821 se
570 778 828 836 eloquentiae
842 780 985 821 studio
1001 781 1134 822 dedit.
1181 781 1292 823 Nam
1313 783 1505 838 quotidie
1522 791 1566 825 et
1579 784 1739 825 scribe—

143 835 235 887 bat,
271 843 315 877 et
349 837 535 893 legebat,
567 843 611 877 et
643 836 1035 878 commentabatur:
1067 853 1163 894 quae
1191 838 1369 894 legerat,
1390 839 1485 880 aliis
1517 840 1671 892 verbis,
1696 848 1742 882 et

146 906 243 949 quae
263 892 403 934 fuerat
431 899 760 943 commentatus,
790 893 1110 948 pronuntiabat.
1170 894 1344 937 Graecas
1366 911 1626 938 summorum
1648 912 1742 939 ora-

144 956 287 991 torum
304 949 518 991 orationes
538 947 686 990 Latine
702 949 923 991 reddebat„
956 951 1078 991 Arati
1099 951 1288 993 carmina
1303 952 1356 993 de
1373 954 1484 994 coelo
1502 954 1741 1010 stellisque,

144 1005 221 1048 lib.
243 1007 284 1047 2.
305 1006 359 1048 de
381 1006 483 1048 Nat.
506 1007 636 1047 Deor.
655 1006 784 1047 refert
815 1021 861 1048 se
892 1007 1171 1059 convertisse,
1195 1016 1239 1050 et
1267 1008 1343 1050 lib.
1367 1010 1403 1050 1.
1427 1010 1479 1051 de
1515 1010 1616 1065 Leg.
1636 1019 1679 1052 et
1701 1012 1741 1052 1.

147 1062 201 1104 de
224 1061 370 1105 Divin.
393 1062 580 1104 Marium
601 1062 840 1118 scripsisse.
900 1063 1116 1111 Quoniam
1147 1064 1262 1117 vero,
1284 1066 1456 1122 sumpta
1486 1066 1596 1107 virili
1619 1068 1740 1123 toga,

144 1119 445 1161 adolescentes
468 1121 521 1161 ad
543 1120 729 1175 aliquem
757 1119 893 1160 virum
923 1128 1198 1175 praestantem
1229 1124 1253 1162 a
1274 1123 1520 1177 parentibus
1552 1123 1740 1165 deduce-

144 1175 316 1228 bantur,
338 1175 363 1217 εἶ
388 1184 507 1232 patre
536 1176 589 1224 Q.
621 1176 771 1217 Mucio
805 1175 1010 1217 Scaevolae
1037 1178 1186 1233 auguri
1219 1178 1401 1219 traditus
1435 1186 1515 1230 est,
1552 1181 1675 1235 cujus
1712 1180 1738 1221 a

144 1232 276 1273 latere
308 1247 527 1288 nunquam
562 1247 608 1273 se
643 1231 896 1273 discessisse
930 1232 973 1273 in
1009 1233 1138 1275 Laelio
1172 1242 1400 1276 asseverat.
1458 1236 1572 1277 Huic
1608 1237 1742 1292 igitur

145 1286 296 1329 Mucio
329 1302 502 1345 operam
534 1289 666 1338 dedit,
694 1290 718 1328 a
752 1302 837 1344 quo
873 1295 1040 1329 tantum
1063 1290 1172 1344 juris
1207 1291 1345 1332 civilis
1382 1292 1602 1349 accepisse
1625 1308 1671 1334 se
1692 1294 1738 1335 in

145 1342 280 1386 Bruto
301 1344 375 1397 ait,
397 1352 605 1401 quantum
625 1344 730 1385 satis
752 1351 868 1385 esset
887 1345 1055 1387 oratori.

567 1463 737 1492 ANNUS
773 1463 922 1492 uanis
958 1462 1191 1491 coanTAE
1224 1451 1322 1492 664.

143 1522 261 1565 Cos-3.
286 1521 581 1577 C22.P01npez·0
603 1524 829 1571 Strabone,
852 1524 904 1564 L.
918 1523 1071 1564 Porcio
1100 1524 1278 1575 Catone,
1302 1530 1404 1566 ante
1426 1526 1644 1568 Christum
1668 1529 1739 1570 88.

623 1581 842 1621 Ciceronis
858 1581 1046 1621 decimus
1065 1585 1254 1621 octat-us.

202 1668 248 1710 L.
277 1667 436 1720 Caesar,
468 1667 627 1710 occisis
660 1674 760 1710 octo
791 1667 980 1709 millibus
1010 1667 1205 1710 hostium
1241 1669 1295 1710 ad
1333 1672 1556 1724 Asculum,
1588 1675 1739 1716 morbo

145 1725 288 1781 periit.
347 1725 446 1767 Hoc
466 1725 511 1766 in
532 1726 643 1767 bello
667 1724 858 1766 Marsico
882 1724 1035 1766 Cicero
1057 1724 1321 1781 aliquamdiu
1343 1729 1421 1768 sub
1444 1729 1565 1786 Sylla
1584 1730 1741 1772 milita-

146 1781 223 1833 vit,
245 1782 359 1838 apud
387 1797 514 1838 quem
536 1797 581 1823 se
602 1783 794 1838 legatum
826 1781 974 1832 fuisse,
996 1780 1071 1822 lib.
1096 1782 1133 1823 1.
1154 1782 1207 1823 de
1231 1782 1421 1828 Divinat.
1445 1787 1608 1839 scribit,
1627 1787 1741 1841 cum,

145 1846 243 1880 ante
261 1839 466 1896 oppidum
483 1839 655 1891 Nolam,
678 1838 920 1880 Samnitum
936 1845 1077 1879 castra
1094 1838 1283 1895 diripuit.

567 1959 737 1987 ANNUS
774 1958 922 1986 unius
959 1957 1194 1986 CONDJTAE
1227 1946 1326 1988 665.

190 2018 306 2060 0038.
327 2020 379 2060 L.
405 2018 602 2061 Cornelio
634 2021 770 2072 Sylla,
797 2022 846 2067 Q.
868 2020 1069 2073 Pompeio
1101 2020 1236 2075 Rufo,
1260 2026 1361 2062 ante
1386 2020 1602 2064 Clu-istum
1622 2023 1694 2076 87.

639 2078 857 2117 Ciceronis
876 2078 1065 2117 decimus
1083 2090 1242 2118 nonus.

206 2164 465 2206 Confectum
497 2171 564 2205 est
586 2164 749 2205 bellum
781 2164 979 2205 Italicum
1007 2180 1082 2206 seu
1115 2164 1377 2218 Marsicuni;
1417 2166 1600 2225 cumque
1623 2170 1741 2227 Sylla

147 2221 274 2262 rebus
307 2220 499 2277 proxime
534 2221 578 2261 in
613 2219 754 2272 Italia,
776 2234 911 2277 nuper
935 2222 978 2262 in
1000 2222 1120 2273 Asia,
1150 2230 1193 2263 et
1222 2223 1480 2278 jamdudum
1516 2226 1559 2266 in
1597 2227 1742 2269 Gallia

149 2276 400 2333 Africaque,
415 2278 546 2333 gestis
569 2278 760 2329 clareret,
777 2278 968 2319 omnium
985 2278 1200 2335 suffragiis
1225 2279 1505 2322 Consulatum
1527 2283 1742 2336 obtinuit;

147 2334 271 2390 eique
301 2334 461 2375 bellum
493 2333 843 2375 Mithridaticum
876 2349 975 2375 cum
1015 2335 1123 2375 Asia
1160 2336 1378 2392 provincia
1411 2346 1525 2379 sorte
1567 2340 1742 2397 obtigit.

146 2390 306 2432 Verum
319 2389 359 2431 ei
378 2390 403 2431 a
418 2390 612 2446 Sulpicio
626 2390 814 2431 Tribuno
831 2391 967 2447 plebis
981 2392 1233 2447 abrogatum
1251 2393 1374 2434 estin
1393 2395 1573 2450 gratiam
1590 2396 1739 2449 Marii;

149 2447 266 2503 quod
287 2446 384 2488 cum
406 2447 527 2504 Sylla
556 2447 851 2498 intellexisset,
874 2462 972 2488 cum
994 2463 1070 2489 sex
1098 2449 1339 2505 legionibus
1363 2454 1416 2491 ad
1438 2452 1585 2492 urbem
1607 2455 1742 2505 venit,

149 2503 414 2559 quam,init2*1
436 2518 533 2544 cum
556 2503 763 2544 Marianis
778 2503 934 2560 pugna,
951 2505 1088 2546 victor
1108 2506 1351 2561 occupavit,
1366 2521 1416 2547 ac
1438 2507 1624 2550 Marium
1643 2526 1741 2566 pro,-

146 2560 293 2616 fugere
314 2560 357 2600 in
380 2574 475 2601 oras
490 2560 648 2602 Africae
665 2567 876 2601 extremas
898 2561 1058 2618 co'egit,
1076 2561 1267 2618 Sulpicio
1290 2563 1450 2615 occiso,
1467 2566 1588 2620 cujus
1611 2575 1742 2622 capnt

146 2631 223 2672 pro
244 2616 412 2658 Rostris
445 2617 687 2672 expositum
707 2625 786 2666 est,
806 2617 937 2658 veluti
969 2619 1096 2659 fatale
1117 2619 1336 2674 quoddam
1356 2620 1507 2661 futurae
1528 2621 1743 2681 proscrip-

148 2671 278 2714 tionis
299 2687 440 2715 omen.
490 2674 607 2714 Dum
636 2673 731 2714 haec
758 2673 803 2713 in
835 2673 958 2714 Italia
980 2682 1196 2730 geruntur,
1219 2675 1493 2717 Mithridates
1514 2691 1586 2718 rex
1609 2678 1739 2721 Ponti

149 2729 300 2770 Asiam
319 2730 505 2778 intravit,
525 2730 600 2770 ubi
621 2729 708 2770 una
739 2729 808 2770 die
839 2729 884 2770 in
916 2731 1106 2783 urbibus,
1127 2746 1213 2773 uno
1233 2733 1385 2774 nuntio
1407 2739 1450 2773 et
1471 2734 1550 2775 una
1576 2735 1740 2791 signifi-

152 2786 322 2828 catione
353 2786 585 2839 liter-arum,
606 2786 723 2829 cives
751 2785 879 2829 Rom.
898 2801 1046 2831 omnes
1075 2789 1294 2832 necandos
1330 2789 1568 2846 imperavit.
1628 2793 1739 2837 Cum
