1759 2997
195 649 620 717 VARIAE
724 651 1439 718 LECTIONES.

450 1154 513 1197 IN
545 1156 600 1205 Q.
632 1154 946 1200 CAECILIUM
979 1155 1220 1201 Divinatio.

43 1332 157 1369 Parag.
172 1325 202 1360 I.
219 1327 288 1359 Lin.
303 1331 335 1359 4.
349 1327 550 1372 Dese-endere]
609 1330 647 1360 C.
672 1330 805 1372 Stepha-

87 1382 145 1402 nus
169 1373 239 1413 (aut
261 1372 399 1413 quisquis
426 1373 479 1403 ille.
502 1372 594 1404 fuerit
619 1374 671 1414 qui
696 1373 804 1405 Varias

892 1343 961 1373 quae
975 1331 1007 1362 in
1020 1331 1117 1363 MSS.
1133 1330 1289 1362 nonnullis
1305 1330 1403 1369 abest,
1420 1342 1458 1363 ex
1472 1331 1610 1374 margine

892 1377 1040 1406 intrusam
1055 1379 1162 1406 censet
1177 1375 1330 1407 Graevius.

87 1415 255 1445 Lectiones
268 1417 307 1445 ad
324 1415 415 1446 finem
435 1416 517 1447 illius
531 1416 675 1447 editionis
688 1418 804 1457 positas
848 1418 906 1449 IX.
933 1420 983 1449 16.
1005 1418 1074 1448 Vere
1085 1417 1261 1460 defendere]
1294 1418 1347 1449 Al.
1364 1419 1538 1461 perperam,
1549 1418 1615 1450 ver&

88 1457 264 1499 collegerit)
285 1459 349 1489 haec
376 1459 488 1489 habet:
515 1459 646 1490 Dubium
668 1471 726 1490 uon
753 1466 804 1497 est,

890 1472 917 1493 se
931 1461 1091 1499 defendere.

89 1501 224 1542 (inquit)
262 1508 317 1532 aut
357 1501 516 1533 Ciceronem
553 1503 653 1533 multis
687 1515 812 1533 amanu-
856 1507 909 1536 29.
932 1498 1109 1544 Jizdicium]
1158 1503 1528 1547 ItaEd.C.Steph.etc.
1551 1505 1613 1537 Sed

91 1545 202 1574 ensibus
237 1555 320 1574 usum.
346 1544 454 1586 fuisse,
506 1552 560 1576 aut
595 1545 696 1586 soepz'iis
729 1554 812 1578 tran-

92 1589 203 1627 scripta
243 1598 296 1618 sua
337 1590 508 1628 exemplaria
547 1590 715 1626 emendcisse,

88 1640 239 1670 perperam
274 1631 309 1660 ab
345 1633 468 1663 indoctis
504 1633 655 1672 descripta,
684 1634 815 1673 deinceps

94 1675 244 1703 emendata
260 1674 372 1716 sitisse:
393 1674 425 1705 id
452 1675 570 1706 scilicet
594 1676 670 1713 vult,
692 1678 740 1706 vel
771 1678 810 1706 ab
854 1679 906 1708 45.
939 1677 1025 1708 Illius
1054 1678 1139 1718 ‹liei.]

92 1715 163 1757 ipso
181 1716 337 1747 Ciceronis
354 1727 419 1747 aevo
434 1719 585 1748 variantes
608 1718 756 1749 lectiones
778 1720 811 1749 in

95 1758 165 1799 ejus
190 1759 310 1800 scriptis
337 1761 498 1791 exstitisse.
544 1762 585 1791 Et
613 1762 673 1792 hoc
706 1773 811 1793 verum

95 1811 165 1832 esse
179 1802 228 1832 vel
247 1804 305 1832 hoc
328 1803 396 1843 ipso
419 1803 486 1834 loco
510 1803 628 1845 liquet3
652 1805 702 1834 ubi
728 1806 813 1836 Asco-
856 1806 916 1836 XI.
945 1810 994 1838 13.
1019 1806 1166 1836 Orationis
1180 1807 1274 1836 subire
1287 1808 1457 1848 iuvidiam]

96 1846 164 1875 nius
194 1846 258 1875 haec
295 1851 401 1875 notat:
450 1846 529 1887 [Hac
563 1853 618 1877 toto
649 1849 740 1886 capite
773 1860 816 1878 so-

99 1889 215 1918 Iaecz'smi
236 1890 337 1926 species
363 1891 537 1925 continetur,
561 1892 616 1920 uisi
642 1892 731 1921 addas
760 1891 821 1922 ET

98 1936 153 1960 aut
174 1930 303 1967 IDEM,
329 1938 364 1962 ut
386 1935 422 1962 sit
445 1933 499 1963 ET
522 1933 621 1963 subito
646 1944 728 1964 nunc
751 1945 817 1964 mu-

99 1973 168 2004 tata
196 1973 354 2005 voluntate
381 1976 420 2005 ad
451 1977 661 2006 accusandum
688 1978 819 2007 descen-

102 2016 220 2046 derim:
245 2027 334 2056 quare
356 2019 442 2048 mulli
464 2030 519 2048 non
543 2019 756 2049 descenderim
781 2019 820 2050 le·

99 2065 191 2100 gunt,
215 2061 262 2089 sed
284 2061 503 2102 descendere]
549 2061 631 2092 Hinc
654 2067 743 2103 patet
758 2062 820 2093 As-

103 2103 226 2132 coniuni
254 2102 366 2143 legisse
388 2105 588 2140 descenderim,
611 2105 686 2135 alios
709 2106 819 2136 descen-

103 2146 191 2182 ‹lere5
215 2151 247 2175 et
260 2147 343 2176 certe
360 2147 392 2177 in
407 2148 563 2178 diversum
585 2149 702 2179 abeunt
717 2148 821 2179 Codd.

105 2199 159 2229 qui
174 2199 255 2218 nunc
272 2195 404 2221 exstant.

61 2230 131 2263 ΠΙ.
156 2233 189 2262 3.
213 2231 298 2266 Quod
311 2234 415 2274 sequi]
460 2232 595 2275 Al.quid
607 2236 694 2274 sequi.

63 2273 110 2305 V.
131 2277 183 2304 18.
205 2273 520 2318 Senutaispopulique]
552 2278 606 2310 Al.
620 2278 719 2309 Senati
728 2289 823 2318 popu-

108 2318 193 2357 lique..

68 2361 121 2390 31.
148 2360 298 2402 Taceant]
344 2361 394 2391 Ita
410 2361 446 2392 C.
464 2362 574 2405 steph.
599 2370 629 2395 et
651 2364 718 2395 aliae
741 2365 827 2395 Edd.

112 2402 254 2434 Graevius
269 2411 372 2435 autem
387 2404 404 2435 ἐ
419 2405 511 2437 MSS.
523 2408 644 2448 reponit
657 2414 795 2439 tacerent.

67 2448 122 2477 38.
149 2447 211 2477 Cur
225 2452 251 2476 te
265 2448 446 2489 interponis]
490 2450 543 2481 Al.
556 2461 610 2481 cur
624 2458 650 2481 te
661 2453 814 2490 interponi.

67 2493 122 2520 42.
148 2488 238 2528 Nam,
254 2496 280 2521 te
292 2491 411 2531 actara]
449 2492 590 2524 Graevius
602 2495 724 2535 reponit
734 2494 827 2532 Num,

114 2538 142 2564 te
156 2539 261 2565 actore.

66 2574 131 2617 ,ΥΕ
155 2578 208 2610 10.
232 2577 428 2619 Hortensius]
495 2579 616 2613 Vocem
643 2581 828 2619 Hortmzsius,

899 1548 1001 1579 Ascon.
1020 1554 1051 1578 et
1067 1549 1117 1578 alii
1131 1549 1268 1578 indicium
1283 1549 1378 1580 recte.

760 1597 814 1621 aut
855 1591 898 1622 X.
921 1593 972 1622 17.
997 1591 1162 1632 Patrona]
1207 1592 1244 1623 F.
1267 1592 1436 1628 Fabricius,
1460 1591 1614 1632 Graevius‚

900 1640 961 1666 etc.
982 1635 1118 1674 peccarit.

1198 1677 1248 1709 Sic
1280 1678 1445 1715 Asconius,
1479 1685 1511 1710 et
1539 1679 1617 1709 editi

899 1721 997 1756 multi,
1015 1721 1175 1750 Manutios
1186 1722 1296 1754 secuti.
1330 1723 1393 1752 Sed
1405 1722 1503 1753 MSS.
1518 1722 1618 1758 multi,

900 1770 933 1794 ut
946 1770 978 1794 et
994 1764 1182 1799 Priscianus,
1205 1765 1288 1794 illius
1303 1767 1433 1804 temporis
1447 1766 1574 1796 habent.

1502 1807 1620 1838 Ascon.

905 1850 1004 1885 edito,
1029 1850 1175 1879 Orationis
1188 1850 1282 1880 subire
1296 1851 1423 1886 invidiae,
1446 1851 1501 1880 sed
1513 1851 1544 1881 in
1560 1851 1620 1881 As-

905 1893 996 1923 conio
1023 1892 1139 1922 Graevii
1164 1893 1236 1922 MS.
1284 1893 1418 1924 Orationi
1441 1894 1536 1925 subire
1554 1894 1620 1924 sint}

905 1946 980 1965 voce
1005 1936 1139 1971 invidioe5
1165 1941 1196 1964 et
1219 1936 1262 1965 sic
1278 1937 1362 1976 apud
1381 1936 1517 1967 Nonium
1534 1937 1624 1967 Mar-

905 1977 1038 2009 cellum:
1063 1978 1209 2009 Poterisne
1230 1980 1290 2018 ejus
1310 1981 1465 2010 orationem
1489 1979 1544 2020 [al.
1558 1991 1626 2010 ora-

906 2021 993 2061 tioni]
1009 2022 1120 2051 subire?

866 2067 916 2095 15.
942 2064 1161 2106 Praestringot.]
1208 2064 1316 2096 Lainb.
1333 2065 1544 2108 Praestinguat.

865 2107 964 2139 XIII.
987 2108 1018 2139 6.
1043 2107 1254 2148 Moratorum]
1313 2108 1392 2139 Haec
1425 2109 1517 2141 lectio
1555 2120 1625 2141 eru·

909 2151 1047 2181 ditissim.
1075 2151 1149 2182 edd.
1177 2151 1313 2191 placuit:
1349 2152 1490 2193 plerique
1520 2159 1626 2184 autem

910 2194 991 2231 libri,
1013 2199 1047 2223 ut
1075 2198 1107 2224 et
1133 2204 1243 2234 magna
1266 2204 1337 2236 pars
1358 2195 1548 2233 MSSorum,
1570 2197 1626 2228 ha-

908 2238 984 2267 bent
997 2242 1155 2268 oratorum.

866 2279 959 2311 XVI.
986 2282 1017 2310 6.
1041 2280 1226 2315 Quamobrem
1235 2291 1312 2316 eum,
1323 2283 1372 2312 cui
1380 2282 1627 2324 quaestarfue‘ris]

914 2323 966 2353 Sic
994 2324 1076 2364 apud
1105 2323 1260 2354 Asc-onium
1288 2324 1409 2365 legitur,
1432 2326 1627 2366 approbante

914 2366 1108 2397 Hotomanno.
1153 2366 1218 2396 Alii
1232 2373 1335 2397 autem
1357 2369 1476 2399 habent
1493 2369 1627 2408 quamob-

913 2420 970 2440 rem
985 2410 1033 2449 qui
1043 2415 1164 2449 qua-stov·
1175 2411 1235 2449 ejus
1237 2409 1349 2451 fueris.

873 2452 984 2483 XVII.
1010 2455 1062 2484 21.
1086 2453 1133 2485 M.
1149 2452 1276 2494 Silana]
1323 2453 1374 2484 Sic
1394 2454 1476 2485 recte
1494 2453 1631 2485 restituit

917 2495 1118 2526 Hotomanmis
1133 2506 1170 2526 ex
1185 2497 1252 2536 ipso
1267 2496 1418 2527 Cicerone
1434 2497 1466 2526 in
1490 2497 1531 2528 iv.
1547 2497 1630 2528 Ver-

915 2538 972 2569 rio.
989 2537 1058 2569 cum
1073 2538 1179 2572 Codd.
1194 2550 1300 2572 omues
1312 2539 1476 2583 perperam
1491 2541 1630 2572 habeant

918 2581 1036 2613 Decimo
1048 2582 1158 2616 Silano.
