1790 3090
106 137 187 179 156

100 666 157 707 45
175 679 263 706 non
283 665 514 705 habebant.

99 946 155 988 50
173 945 251 996 illi,

792 137 884 170 PRO
908 137 1123 170 MURENA.

177 212 327 255 sertim
355 211 452 254 cum
480 212 572 253 haec
602 211 751 254 eadem
780 228 847 254 res
877 213 1080 269 plurimas
1111 212 1283 276 gratias,
1322 211 1587 255 firmissimas
1628 214 1733 256 ami-

178 269 318 319 estias,
340 269 524 310 maxima
544 268 698 319 studia,
720 270 880 325 pariat:
913 285 1094 333 qumum
1109 271 1153 311 in
1172 270 1255 312 isto
1271 276 1412 311 vestro
1429 270 1623 319 artificio,
1638 270 1732 312 Sul-

178 326 281 383 pici,
310 326 417 367 nihil
439 332 517 366 est.

577 324 777 374 Primum,
809 326 996 382 dignitas
1028 341 1072 367 m
1093 334 1181 368 tam
1200 327 1318 368 tenui
1340 326 1521 368 scientia
1536 341 1636 389 quae
1657 342 1731 383 po-

103 383 159 425 40
178 390 264 424 test
284 382 407 423 esse?
437 396 503 422 res
535 381 649 422 enim
679 389 779 422 sunt
806 397 959 438 parvae,
990 382 1122 439 prope
1152 383 1197 423 in
1228 383 1404 439 singulis
1436 383 1570 424 literis
1582 390 1732 447 atque

177 437 617 501 binterpunctionibus
638 439 862 479 verborum
884 447 1118 494 occupatae.

1178 438 1362 490 Deinde,
1394 440 1524 481 etiam
1558 439 1593 481 si
1626 439 1732 502 quid

176 496 291 558 apud
313 509 494 557 maJores
515 502 685 535 nostros
705 494 812 535 fuit
802 494 945 535 misto
967 495 1108 536 studio
1129 494 1438 547 admirationis,
1460 496 1518 545 id,
1539 495 1731 537 enuntia-

175 552 232 592 tis
248 551 400 593 vestris
419 551 648 606 mysteriis,
669 557 808 592 toturn
829 557 895 591 est
915 558 1210 606 contemptum
1230 558 1274 592 et
1293 552 1525 615 abjectum.
1573 552 1732 593 Posset

176 608 270 664 fagi
300 608 407 663 lege,
439 623 608 658 nec-ne,
639 608 763 663 pauci
795 607 1012 677 quondam
1043 607 1262 649 sciebant:
1295 609 1429 649 fastos
1461 609 1574 651 enim
1603 606 1732 665 vulgo

572 664 735 705 Erant
726 679 770 704 m
790 663 947 733 magna
978 663 1186 720 potentia,
1217 664 1291 720 qui
1318 666 1674 706 consulebantur:
1705 663 1732 706 ὲ

176 721 333 784 qui-bus
355 721 482 762 etiam
504 721 609 772 dies,
631 728 836 777 tanquam
853 736 879 761 3
893 720 1121 772 Chaldaeis,
1144 721 1412 777 petebantur.
1446 721 1652 763 Inventus
1667 727 1733 762 est

175 777 315 819 scriba
344 777 532 840 quidam,
567 777 644 818 Cn.
668 777 852 828 Flavius,
883 777 956 833 qui
990 778 1210 819 cornicum
1242 778 1391 819 oculos
1420 777 1660 829 confixerit,
1689 784 1734 818 et

174 833 356 895 singulis
376 833 528 875 diebus
549 834 804 875 ediscendos
827 834 961 875 fastos
982 835 1144 914 populo
1163 834 1444 904 proposuerit,
1480 841 1524 875 et
1551 834 1634 875 ab'
1624 833 1730 897 ipsis

173 889 313 931 cautis
327 890 656 960 jurisconsultis
678 905 823 931 eorum
844 890 1099 946 sapientiam
1129 890 1407 946 doompilarit.

282 945 398 1016 quod
419 952 520 986 sunt
537 946 675 997 veriti,
703 961 771 993 ne,
803 946 966 987 dierum
986 947 1150 988 ratione
1171 947 1443 1003 promulgata
1472 955 1516 988 et
1535 946 1727 1003 cognita,

1465 890 1617 947 Itaque
1637 890 1734 931 irati
1777 935 1780 939 .

172 1001 265 1043 sine
283 1001 363 1042 sua
384 1002 516 1064 opera
534 1002 629 1064 lege
650 1010 798 1065 posset
817 1002 903 1058 agi,
925 1009 1069 1044 “notas
1086 1004 1295 1066 quasdam
1315 1011 1661 1059 composuerunt,
1682 1009 1731 1044 ut

171 1057 392 1099 omnibus
382 1072 426 1098 in
442 1059 592 1099 rebus
582 1072 664 1113 ipS1
680 1058 949 1099 interessent.
981 1058 1091 1099 Cum
1107 1061 1191 1100 hoc
1204 1059 1294 1100 fieri
1310 1059 1544 1100 bellissime
1560 1066 1728 1114 posset:

170 1118 198 1139 ‘⁶
212 1114 388 1155 Fundus
406 1114 590 1155 Sabinus
609 1129 728 1155 meus
747 1122 834 1156 est:
839 1114 977 1146 '’—-“
968 1115 1097 1155 immo
1113 1130 1233 1156 meus
1246 1116 1285 1166 3⁷²
1317 1115 1471 1156 deinde
1485 1115 1725 1171 judicium·
1715 1145 1726 1167 ‚

167 1172 410 1218 noluerunt.

222 1334 241 1361 ¹³
250 1336 605 1378 distinctionibus.
712 1337 914 1390 ‘litigari

209 1485 264 1517 43.
287 1483 392 1516 Vestris
403 1483 572 1526 mysteriis]
610 1483 811 1514 Proverbium
823 1487 922 1513 trans-

164 1526 262 1557 latum
278 1537 316 1558 ex
330 1528 449 1559 arcanis
465 1528 555 1558 saeris
569 1526 759 1562 Graecorum,
769 1527 801 1556 in
810 1526 921 1567 quibus

164 1569 326 1601 Eleusinia
336 1570 423 1601 fuere
436 1570 605 1611 praecipua,
621 1580 690 1610 quae
704 1570 878 1604 enuntiare,
888 1568 923 1597 id

166 1617 224 1649 est,
247 1613 384 1655 profanis
401 1614 545 1654 prodere,
568 1612 703 1654 capitale
716 1612 787 1643 fuit.

207 1659 261 1687 44.
285 1655 388 1686 Pauci.
393 1656 408 1696 ]
453 1655 552 1686 Pauci
565 1656 706 1686 sciebant
720 1655 839 1699 quibus
853 1651 920 1681 die-

164 1698 222 1729 bus
251 1699 296 1728 fas
319 1704 385 1728 erat
405 1698 539 1738 litigari5
561 1699 615 1728 sed
641 1699 767 1728 tandem
791 1708 809 1727 a
827 1694 921 1735 julis-

164 1742 311 1772 consultis
326 1752 433 1772 omnes
447 1742 551 1772 edocti
570 1746 651 1771 sunt.

207 1784 258 1816 Ib.
284 1784 383 1815 Fastos
395 1785 471 1815 enim
485 1796 543 1814 ‘non
562 1785 711 1815 habebant.
716 1783 729 1823 ]
777 1781 862 1813 Fasti
877 1781 923 1811 ni-

163 1826 208 1857 hil
230 1827 314 1857 aliud
340 1833 411 1858 sunt
427 1838 520 1868 quam
537 1827 693 1857 distinctio
709 1826 850 1865 quaedam
866 1834 921 1853 an-

164 1869 208 1906 ni,
225 1875 257 1900 et
273 1871 421 1901 mensium
437 1871 619 1910 dierumque
635 1868 811 1909 descriptio,
826 1869 921 1898 sesto-

164 1923 242 1948 rum,
265 1918 298 1943 et
320 1913 523 1961 profestorum
550 1913 679 1947 notatio,
709 1917 742 1941 et
766 1920 920 1941 sacrorum

163 1955 356 2004 publicorum
371 1956 460 1996 quasi
476 1955 636 1985 indicatio.
680 1954 762 1984 Fasti
774 1959 876 1984 auten]
889 1958 921 1983 et

163 1998 276 2029 nefasti
290 1998 383 2028 dies
370 2010 386 2028 a
403 1998 508 2029 Numa
522 1997 672 2038 Pompilio
686 1997 817 2027 instituti
832 2002 918 2027 sunt.

164 2051 242 2082 quos
258 2041 400 2077 Ovidius,
425 2042 476 2072 lib.
491 2041 575 2071 Fast.
592 2043 622 2071 1.
640 2041 683 2071 sic
707 2040 860 2080 explicat:

162 2168 219 2202 Ille
243 2169 372 2211 nefastus
391 2171 456 2206 erit,
473 2181 526 2210 per
542 2180 623 2211 quem
649 2170 709 2200 tria
729 2169 814 2199 verba
834 2170 922 2199 silen-

250 2218 301 2243 tur
317 2224 323 2230 ·

207 2237 392 2292 Festus’erit,
411 2267 463 2296 per
477 2266 558 2296 quem
573 2256 632 2297 lege
648 2256 741 2285 licebit
753 2256 812 2296 agi.

163 2384 235 2414 Tria
248 2384 301 2414 illa
315 2390 403 2414 erant
418 2385 524 2420 verba,
547 2383 604 2419 Do,
628 2383 712 2418 Dico,
731 2383 861 2418 Adonem
884 2381 916 2410 id

164 2434 223 2466 est,
239 2427 365 2457 nefastis
380 2427 440 2457 illis
455 2427 566 2457 diebus
577 2437 639 2456 non
654 2426 700 2455 fas
716 2430 781 2454 erat
796 2424 917 2464 praetori

163 2480 266 2510 agere,
279 2475 311 2500 et
326 2469 376 2500 illa
389 2470 481 2500 verba
493 2469 690 2510 pronuntiare
700 2467 765 2498 sine
774 2467 915 2507 piaculo:

163 2513 249 2543 fastis
277 2518 378 2542 autem
406 2513 451 2542 sas
472 2512 541 2548 fuit,
570 2512 623 2553 qui
645 2510 759 2541 idcirco
782 2521 801 2539 a
816 2508 917 2551 fando

162 2556 238 2586 dicti
260 2561 341 2587 sunt.
385 2555 469 2596 Lege
492 2555 580 2596 plura
603 2554 685 2595 apud
707 2553 916 2589 Macrobium,

161 2598 216 2629 lib.
234 2602 263 2629 1.
279 2609 349 2639 cap.
365 2601 418 2629 16.

205 2644 257 2672 46.
280 2641 307 2670 A
326 2640 493 2681 Chaldaeis.]
547 2639 688 2670 Chaldaei
706 2650 761 2680 pro
788 2638 915 2668 astrolo-

161 2683 208 2725 gis
232 2685 389 2719 dicuntur,
411 2683 485 2725 quia
505 2684 588 2725 apud
614 2682 747 2723 populos
768 2681 836 2712 illos
860 2682 915 2711 flo-

159 2727 220 2757 fuit
252 2737 299 2757 ars
331 2726 502 2757 divinandi.
561 2725 758 2757 Genethliaci
791 2735 915 2766 quoque

159 2770 236 2801 dicti
249 2774 330 2808 sunt,
351 2768 451 2812 quod,
473 2769 527 2800 die
539 2773 647 2800 notato
661 2778 724 2810 quo
738 2768 869 2810 quisque
883 2768 916 2800 in

464 1172 670 1222 Fundus,
690 1171 843 1228 inquit,
861 1175 937 1226 qui
951 1177 1014 1214 est
1032 1175 1083 1214 in
1103 1187 1207 1226 agro
1227 1175 1303 1226 qui
1323 1173 1519 1215 Sabinus
1537 1177 1726 1214 vocatur.

1013 1334 1031 1358 ‘¹
1025 1336 1218 1392 furatus
1236 1337 1309 1378 sit.
1423 1341 1439 1359 θ
1435 1336 1671 1392 formulas.

963 1481 1064 1512 lucem
1086 1482 1247 1522 prodierit,
1269 1483 1311 1513 de
1336 1481 1409 1513 vitae
1430 1481 1555 1514 fortuna
1580 1485 1613 1513 et
1637 1479 1724 1513 exitu

965 1525 1137 1565 praedicere
1152 1525 1285 1557 soleant.

1008 1568 1062 1597 47.
1087 1567 1143 1598 Cn.
1158 1567 1306 1609 Flavius]
1364 1567 1416 1600 De
1437 1567 1545 1600 Flavio
1559 1567 1604 1599 sie
1618 1567 1726 1599 scribit

963 1609 1080 1646 Livius,
1102 1610 1155 1642 lib.
1173 1613 1203 1642 9.
1218 1621 1290 1652 cap.
1308 1613 1358 1643 46.
1365 1611 1464 1652 fuisse
1475 1611 1615 1642 callidum
1629 1611 1726 1641 m'rum

963 1658 992 1683 et
995 1651 1177 1694 facundum
1199 1660 1227 1684 et
1239 1656 1296 1694 jus
1314 1655 1407 1691 civile,
1429 1655 1584 1694 repositum
1604 1655 1639 1684 in
1652 1663 1725 1692 pon-

964 1696 1075 1735 tificum
1092 1698 1299 1735 penetralibus,
1320 1697 1476 1738 evulgasse.
1534 1695 1609 1727 Non
1630 1695 1726 1736 pauci

966 1744 1048 1776 sunt,
1065 1745 1189 1770 auctore
1203 1740 1287 1771 Cic.
1280 1751 1311 1770 in
1323 1741 1414 1780 epist.
1422 1741 1462 1770 ad
1474 1739 1542 1769 Att.
1554 1739 1606 1769 lib.
1620 1739 1651 1774 6,
1668 1738 1724 1780 qui

965 1782 1096 1811 credunt
1109 1783 1192 1813 hunc
1205 1783 1300 1814 fastos
1325 1783 1500 1824 protulisse,
1521 1782 1723 1822 actionesque

965 1835 1186 1865 composuisse.

1007 1866 1056 1897 lb.
1096 1867 1156 1902 Qui
1191 1870 1338 1899 cornicum
1373 1868 1494 1910 oculos]
1555 1867 1720 1899 Comicum

965 1911 1071 1940 oculos
1087 1912 1253 1952 configere,
1270 1917 1317 1942 est
1327 1911 1521 1952 proverbium
1533 1911 1617 1951 quod
1631 1911 1671 1940 de
1683 1911 1720 1941 iis

963 1953 1086 1989 dicitur,
1101 1954 1153 1994 qui
1170 1954 1298 1985 callidos
1311 1959 1343 1984 et
1354 1955 1534 1994 prudentes,
1546 1954 1599 1994 qui
1610 1963 1721 1984 cavere

965 2001 996 2025 et
1011 1996 1124 2026 scirent
1139 2002 1171 2027 et
1185 1997 1346 2032 deberent,
1369 1996 1481 2026 fallunt
1501 2006 1537 2026 ac
1554 1996 1722 2027 circumve-

964 2037 1064 2069 niunt.
1097 2039 1180 2069 Nam
1196 2041 1301 2070 cornix
1316 2038 1386 2070 cum
1401 2039 1528 2069 aliorum
1542 2037 1720 2069 animalium

965 2081 1071 2111 oculos
1094 2082 1288 2121 potissimum
1310 2087 1451 2123 appetat,
1476 2081 1577 2123 ipsam
1605 2081 1724 2114 scilicet

965 2124 1027 2154 suis
1043 2124 1173 2155 maxime
1190 2125 1367 2165 prospicere
1382 2130 1522 2166 oportet:
1546 2124 1630 2155 unde
1650 2135 1722 2165 pro-

962 2167 1136 2198 verbialiter
1156 2168 1279 2205 dicitur,
1302 2179 1397 2199 unam
1417 2167 1571 2199 cornicem
1594 2167 1722 2199 alterius

961 2209 1067 2240 oculos
1083 2220 1145 2241 non
1159 2212 1339 2241 confodere.
1442 2231 1446 2235 ·

1004 2254 1056 2283 53.
1081 2253 1203 2284 Fundus
1217 2253 1366 2294 Sabinus]
1424 2253 1574 2284 Ostendit
1595 2252 1719 2289 Cicero,

961 2295 1082 2326 facilius
1094 2307 1161 2327 esse
1173 2298 1213 2327 de
1223 2297 1328 2338 aliquo
1337 2297 1435 2326 fundo
1445 2296 1633 2327 contendere
1649 2295 1716 2326 sine

960 2339 1396 2380 formulisjurisconsultorum,
1399 2338 1718 2379 quameasadhibere‚

962 2381 1035 2421 quia
1049 2393 1104 2421 per
1118 2393 1169 2412 eas
1182 2387 1247 2413 tota
1255 2382 1331 2413 ratio
1342 2380 1714 2423 judiciorumimricatur.

960 2423 1071 2454 sufficit
1092 2425 1175 2455 enim
1198 2430 1232 2455 ut
1255 2425 1368 2466 petitor
1393 2422 1715 2465 dicat.1llefundus

958 2467 1082 2497 Sabinus
1103 2478 1181 2498 meus
1209 2474 1270 2506 ρεη-
1293 2473 1326 2498 et
1347 2468 1536 2507 respondeat
1559 2467 1716 2503 defensor,

958 2519 1038 2540 meus
1059 2516 1118 2540 est:
1143 2511 1258 2541 deinde
1282 2515 1409 2551 uterque
1432 2511 1471 2540 ad
1490 2509 1646 2550 judicium
1661 2520 1714 2541 ve-

959 2553 1047 2592 niat,
1039 2565 1046 2570 ·
1070 2559 1113 2589 et,
1130 2553 1241 2584 auditis
1259 2553 1416 2594 utriusque
1426 2553 1520 2594 partis
1535 2552 1714 2595 rationibus,

953 2595 1052 2636 judex
1068 2597 1204 2626 decidat.

1002 2640 1054 2671 54.
1077 2638 1207 2681 Inquit]
1249 2638 1295 2669 At
1303 2637 1551 2679 jurisconsultus,
1575 2638 1629 2679 qui
1644 2645 1713 2669 suas·

958 2687 1047 2713 notas
1070 2681 1258 2733 composuit,
1281 2682 1356 2712 alias
1379 2680 1539 2712 verborum
1567 2683 1712 2733 ambages

958 2725 1114 2768 proponit,
1130 2735 1257 2787 nempe,
1270 2724 1396 2757 Fundus
1405 2725 1456 2766 qui
1466 2730 1507 2757 est
1519 2725 1553 2755 in
1566 2735 1639 2776 agro
1650 2725 1714 2770 qui,

957 2768 1010 2809 35⁰·
