1858 3095
706 147 797 181 PRO
822 147 1034 180 MURENA.

89 221 251 263 inimici
274 236 411 278 neque
432 220 564 263 invidi
584 220 835 263 defuissent.

895 221 1155 263 Omittamus
1178 222 1309 279 igitur
1329 221 1381 262 de
1404 235 1558 277 genere
1580 222 1647 262 di·

89 291 199 332 cere,
232 280 354 335 cujus
387 285 454 323 est
484 291 640 333 magna
679 278 722 319 in
756 286 936 333 utroque
969 278 1181 333 dignitas:
1224 279 1441 319 videamus
1475 286 1644 320 caetera.

89 339 115 358 “
139 333 407 383 Quaesturam
422 333 507 375 una
521 334 659 390 petiit,
678 341 721 375 et
736 349 831 375 sum
847 349 927 390 ego
946 335 1083 376 factus
1102 335 1252 390 p1·ior.’'
1276 335 1375 376 Non
1388 341 1453 375 est
1470 348 1644 388 respon-

90 391 278 433 dendum
301 391 355 432 ad
390 390 558 441 omnia;
600 405 736 445 neque
763 390 876 432 euim
896 406 1154 446 quemquam
1175 392 1360 432 vestrum
1393 390 1518 447 fugit,
1547 389 1642 430 cum

88 448 211 489 multi
243 461 363 503 pares
404 446 616 502 dignitate
658 448 775 496 fiant,
808 462 916 488 unus
957 456 1099 488 autem
1142 448 1325 502 primum
1357 449 1472 488 solus
1505 446 1643 502 possit
1660 450 1715 490 45

88 503 296 557 obtinere,
315 517 401 544 non
422 503 620 544 eumdem
641 518 735 545 esse
768 504 959 545 ordinem
980 504 1203 559 dignitatis
1225 511 1268 544 et
1288 502 1641 553 renuntiationis;

87 557 312 616 propterea
347 558 462 615 quod
493 560 753 601 renuntiatio
791 561 947 615 gradus
981 561 1150 610 habeat,
1191 560 1378 615 dignitas
1412 567 1553 600 autem
1585 559 1643 600 sit

86 614 277 671 persaepe
297 618 448 658 eadem
469 616 670 657 omnium.
733 615 818 656 Sed
840 623 1054 670 quaestura
1086 616 1303 670 utriusque
1333 617 1642 671 propemodum

115 671 174 712 ari
209 679 426 713 momento
463 672 588 714 sortis
632 673 733 722 fuit;
784 672 936 712 habuit
979 672 1048 712 hic
1089 672 1184 727 lege
1223 671 1338 712 Titi-a
1378 671 1641 728 provinciam

115 727 289 770 tacitam
317 736 361 770 et
390 729 604 785 quietam;
634 735 681 769 tu
715 727 844 779 illam,
875 728 959 779 cui,
992 727 1090 769 cum
1121 735 1355 784 quaestores
1394 728 1641 779 sortiuntur,
1658 731 1713 772 50

82 783 212 825 etiam
232 785 456 826 acclamari
478 786 605 836 solet,
622 784 882 834 Ostiensem,
898 799 984 825 non
1002 792 1089 826 tam
1111 785 1343 840 gratiosam
1360 791 1403 825 et
1418 784 1639 835 illustrem,

81 838 211 896 quam
243 841 513 897 negotiosam
534 848 577 882 et
596 841 834 882 molestam.

893 847 909 865 ⁶
925 840 1134 882 Consedit
1163 841 1386 897 utriusque
1421 855 1575 882 nomen
1597 841 1642 882 in

81 896 326 952 quaestura;
356 898 520 939 nullum
548 897 662 939 enim
691 897 815 938 vobis
837 912 929 939 sors
951 911 1150 960 campum
1171 897 1306 948 dedit,
1323 898 1366 937 in
1388 912 1472 952 quo
1494 912 1640 938 excur-

83 966 173 997 rere
192 953 341 1003 virtus,
357 953 662 1010 cognoscique,
672 960 834 1010 posset.

82 1008 126 1050 in
145 1010 468 1052 contentionem
497 1017 688 1060 vocatur,
713 1011 767 1051 ab
789 1017 969 1066 utroque
991 1010 1277 1051 dissimillima
1297 1011 1461 1051 ratione
1483 1017 1638 1051 tracta·
1656 1015 1712 1055 55

330 1065 501 1108 Servius
522 1067 594 1108 hic
614 1066 840 1108 nobiscum
861 1067 972 1107 hanc
1004 1067 1206 1107 urbanam
1243 1067 1441 1107 militiam
1462 1081 1638 1122 respon-

80 1071 172 1107 tum
191 1073 272 1107 est.

893 953 1067 1009 Reliqui
1084 953 1288 1008 temporis
1304 954 1504 1010 spatium,
1522 954 1639 1009 quod

83 1121 229 1174 dendi,
249 1123 480 1172 scribendi,
501 1123 695 1172 cavendi,
716 1123 886 1178 plenam
906 1122 1208 1164 sollicitudinis
1229 1138 1280 1164 ac
1301 1122 1314 1146 f
1327 1123 1553 1174 stomachi,
1574 1138 1639 1164 se-

82 1185 208 1220 cutus
235 1187 324 1221 est:
351 1180 423 1236 jus
445 1179 570 1221 civile
603 1179 783 1221 didicit:
815 1179 994 1220 multum
1026 1179 1238 1234 vigilavit:
1269 1179 1500 1220 laboravit:
1533 1194 1639 1234 prae-

81 1233 152 1276 sto
172 1235 318 1277 multis
337 1236 442 1277 fuit:
472 1236 703 1277 multorum
723 1236 951 1277 stultitiam
979 1249 1205 1298 perpessus
1240 1243 1320 1287 est,
1351 1236 1638 1292 arrogantiam
1705 1278 1708 1281 ,

79 1291 270 1346 pertulit,
308 1291 607 1334 difficultatem
637 1292 909 1334 sexsorbuit:
960 1292 1069 1332 leit
1100 1292 1155 1332 ad
1189 1291 1367 1334 aliorum
1403 1292 1636 1343 arbitrium,
1655 1296 1711 1338 60

79 1360 167 1389 non
195 1347 253 1389 ad
282 1362 423 1391 suum.
482 1347 648 1404 Magna
667 1349 775 1401 laus,
807 1355 852 1390 et
886 1354 1010 1404 grata
1045 1347 1307 1401 hominibus,
1339 1362 1472 1390 unum
1501 1348 1638 1390 homi-

219 1517 239 1552 *
246 1524 461 1574 pacatam.
577 1525 595 1543 ‘
595 1519 757 1571 jacuit.

81 1698 128 1748 θυι
151 1698 251 1730 factus
271 1705 349 1737 erat,
364 1700 506 1742 quamvis
534 1711 571 1732 ex
597 1699 710 1732 eadem
737 1699 834 1743 aliqui

73 1752 140 1783 Jam
157 1749 301 1784 pretores
316 1744 514 1776 exstitissent.

121 1787 175 1817 43.
198 1785 380 1820 Quaesturam
394 1787 457 1816 ιιτιὰ
478 1786 592 1827 petiit]
635 1787 740 1818 Affert
759 1798 834 1818 con-

79 1828 250 1859 tentionem
273 1829 433 1870 dignitatis
447 1840 484 1860 ex
501 1830 625 1870 paribus
655 1831 833 1867 honoribus,

79 1880 171 1911 quam
204 1871 314 1902 Cicero
340 1882 396 1912 per
421 1872 675 1913 prosopopoeiam
704 1873 834 1914 Sulpicii

79 1913 237 1953 gloriantis
261 1915 414 1955 exprimit.
461 1914 597 1946 Primum
623 1916 663 1946 de
678 1917 836 1957 quaestura

78 1955 272 1997 loquitur,in
299 1957 362 1998 qua
385 1958 430 1988 ita
455 1958 671 1999 competitores
697 1959 832 2000 Sulpici-

77 2008 113 2028 us
141 2003 173 2029 et
199 1999 333 2030 Murena
356 2001 491 2037 fuerunt,
517 2006 551 2030 ut
571 2000 727 2041 Sulpicius
750 2003 832 2043 prio.

78 2041 104 2071 ri
121 2040 190 2072 loco
203 2043 394 2074 renuntiatus
407 2043 447 2073 sit
460 2053 468 2081 ;
491 2044 574 2073 unde
587 2043 742 2084 Sulpicius
756 2055 833 2085 prae·

79 2085 225 2114 stantiam
239 2084 399 2125 dignitatis
414 2095 476 2116 suae
492 2086 733 2117 demonstrabat.

121 2128 175 2157 47.
198 2126 418 2168 Renuntiatio.]
462 2126 533 2158 Jam
547 2129 708 2159 contendit
720 2128 830 2160 Cicero

77 2169 111 2199 in
127 2169 337 2211 appellatione
352 2181 407 2200 seu
430 2169 640 2201 nominatione
657 2182 761 2202 eorum
778 2173 832 2213 qui

78 2211 209 2253 alicujus
235 2219 305 2243 sunt
331 2212 503 2254 dignitatis,
527 2224 588 2243 non
608 2224 699 2254 posse
726 2225 832 2246 omnes

80 2264 150 2285 esse
163 2255 288 2296 primos,
303 2255 398 2296 quare
414 2266 540 2287 necesse
555 2261 602 2287 est
614 2262 647 2286 ut
660 2257 709 2287 hic
722 2257 759 2287 sit
770 2258 832 2298 pri-

76 2307 155 2332 mus.
170 2297 222 2328 ille
235 2299 398 2334 secundus,
411 2297 472 2330 &c.

121 2342 173 2371 48.
211 2340 266 2371 Sed
295 2341 468 2382 quaestura]
528 2341 692 2377 Quaestum
716 2342 830 2384 primus

79 2383 214 2413 omnium
229 2385 423 2424 magistratus
437 2385 611 2425 gerebatur,
624 2385 740 2416 deinde
756 2386 830 2415 aedi-

77 2425 159 2462 litas,
175 2432 239 2456 tum
263 2433 405 2468 praetura,
427 2437 463 2458 ac
489 2427 614 2457 tandem
641 2428 827 2460 consulatus.

121 2470 175 2507 49.
209 2467 284 2500 Pari
304 2475 442 2500 momento
464 2471 547 2500 sortis
561 2470 658 2511 fnit]
702 2471 740 2501 Id
769 2475 826 2507 est,

78 2509 188 2542 eodem
203 2511 267 2542 fere
283 2513 428 2554 temporis
443 2518 559 2554 puncto
579 2513 660 2543 facta
674 2519 722 2544 est
743 2523 827 2555 quae-

78 2558 226 2584 stantarum
241 2555 373 2591 sortitio,
389 2561 457 2585 utra
479 2556 538 2585 utri
561 2555 718 2596 provincia
734 2558 828 2587 obve-

78 2595 169 2627 niret.
212 2596 295 2628 Nam
311 2598 463 2634 solebant,
478 2599 532 2638 qui
549 2603 714 2640 quaestores
726 2600 828 2639 desig-

78 2638 143 2687 nati
158 2644 257 2678 eraut,
270 2641 367 2671 sortiri
391 2640 565 2683 provincias
587 2642 618 2672 in
638 2652 715 2683 quas
737 2642 829 2683 profi-

77 2687 271 2713 ciscerentut.
660 2704 663 2706 -

119 2723 170 2754 lb.
191 2723 269 2766 Lege
283 2723 386 2767 Titia]
431 2725 484 2757 De
512 2726 574 2757 ista
598 2727 668 2767 lege
683 2726 768 2757 Titia
781 2727 828 2757 ni-

77 2765 121 2797 hil
133 2767 297 2809 reperitur,
307 2777 364 2800 nec
375 2778 438 2811 quo
450 2774 590 2811 tempore
598 2769 661 2801 lata
673 2769 722 2801 sit.
752 2769 828 2801 Cre·

894 1517 908 1542 s
921 1519 1135 1560 molestiae.
1252 1524 1267 1549 ⁸
1282 1519 1494 1560 eoehausit.

879 1702 956 1732 dunt
973 1700 1067 1742 aliqui
1095 1699 1410 1731 senatus-consultum
1436 1699 1563 1740 aliquod
1588 1700 1635 1730 fu-

877 1745 936 1776 isse
954 1745 972 1774 ιὶ
988 1744 1100 1775 Porcio
1117 1749 1148 1774 et
1165 1744 1266 1773 Decio
1283 1743 1371 1774 Coss.
1386 1754 1448 1783 quo
1464 1742 1559 1773 latum
1575 1749 1635 1778 est,

877 1794 912 1818 ut
926 1793 1106 1829 quaestores,
1121 1787 1201 1817 sicut
1215 1786 1268 1816 alii
1288 1785 1494 1826 magistratus,
1509 1786 1634 1826 provin-

878 1831 940 1861 cias
957 1830 1145 1861 sortirentur.

919 1873 969 1903 1b.
993 1872 1178 1902 Provinciam
1197 1870 1344 1912 tacitam]
1390 1870 1556 1900 Provincia
1585 1875 1632 1900 ta·-

876 1916 937 1947 cita
954 1922 986 1947 et
997 1916 1103 1957 quieta
1119 1920 1176 1951 est,
1188 1915 1220 1945 in
1234 1914 1297 1956 qua
1311 1914 1395 1945 nulla
1411 1918 1458 1944 est
1473 1914 1546 1944 belli
1562 1924 1632 1954 per-

876 1959 1020 1989 turbatio.

920 2003 973 2034 51.
997 2000 1177 2041 Ostiensem]
1221 1999 1365 2030 Difficilis
1391 1998 1449 2028 suit
1463 2004 1495 2029 et
1508 1999 1631 2040 negoti-

875 2055 940 2079 osa,
967 2051 1093 2084 propter
1118 2043 1242 2077 salinas,
1266 2041 1419 2071 Ostiensis
1449 2042 1628 2081 provincia:

875 2087 982 2126 quare,
998 2087 1050 2126 qui
1060 2096 1129 2116 eam
1145 2085 1337 2119 sortiebatur,
1352 2084 1462 2124 populi
1477 2083 1628 2114 acclama—

873 2129 1020 2164 tionibus,
1035 2129 1084 2159 vel
1099 2129 1130 2158 in
1153 2128 1274 2168 signum
1286 2127 1529 2166 approbationis,
1543 2127 1568 2156 si
1583 2126 1630 2155 vir

874 2172 1050 2212 negotiosus
1074 2177 1156 2201 esset
1171 2176 1204 2201 et
1225 2175 1377 2203 strenuus,
1393 2168 1442 2198 vel
1458 2168 1636 2208 indignatis

875 2216 954 2250 onis,
969 2215 993 2244 si
1009 2215 1099 2243 deses
1115 2218 1146 2243 et
1160 2212 1336 2252 languidus,
1352 2221 1386 2241 ex
1396 2211 1572 2252 ripiebatur.
1634 2229 1637 2234 -

919 2256 967 2287 Ib.
985 2255 1176 2296 Gratiosam]
1222 2254 1366 2285 Gratiosa
1392 2254 1552 2294 provincia
1577 2253 1629 2283 di-

872 2300 962 2335 citur,
985 2299 1005 2329 ὂ,
1031 2299 1093 2340 qua
1114 2300 1240 2328 multam
1255 2297 1313 2327 sibi
1328 2298 1456 2337 gratiam
1471 2296 1628 2333 conciliat,

874 2343 928 2383 qui
944 2352 1011 2372 eam
1027 2341 1230 2372 administrat.

917 2386 969 2416 53.
995 2385 1134 2424 Campum
1148 2382 1256 2423 sedin]
1300 2381 1398 2412 Nulla
1422 2392 1485 2412 sors
1500 2382 1625 2422 provin-

871 2427 950 2458 ciam
967 2428 1054 2458 dedit
1070 2426 1220 2466 Sulpicio,
1236 2428 1266 2455 in
1284 2426 1347 2464 qua
1362 2425 1484 2454 laudem
1497 2425 1624 2464 collige·

870 2475 928 2506 ret,
944 2470 1207 2511 quemadmodum
1235 2468 1390 2508 colligitur
1404 2478 1440 2498 ex
1458 2467 1624 2508 provinciIs

869 2513 901 2543 in
917 2514 1027 2554 quibus
1044 2512 1156 2543 bellurn
1173 2512 1298 2551 geritur.

915 2557 968 2587 54.
994 2555 1110 2596 Reliqui
1125 2554 1281 2594 temporis-J
1327 2552 1474 2593 Sequitur
1501 2552 1623 2582 studio-

871 2609 938 2628 rum
965 2598 1166 2638 comparado,
1191 2598 1222 2626 in
1248 2595 1310 2637 qua
1334 2595 1431 2636 primo
1464 2595 1623 2634 utriusque

873 2641 967 2671 studii
983 2641 1166 2681 dignitatem
1189 2640 1234 2669 ita
1261 2648 1314 2679 per
1337 2637 1510 2678 congeriem
1527 2638 1624 2677 parti·-

870 2693 922 2713 um
949 2684 1128 2724 amplificat,
1155 2687 1190 2712 ut
1216 2687 1319 2711 tamen
1343 2690 1379 2710 ex
1402 2680 1535 2718 ipsarum
1551 2689 1637 2720 par--

871 2726 947 2756 tium
973 2727 1053 2756 inter
1074 2736 1107 2756 se
1128 2725 1294 2756 collatione
1317 2727 1478 2762 appareat,
1493 2721 1529 2754 L.
1545 2722 1623 2754 Mu.

871 2778 956 2800 renae
969 2769 1106 2802 studium
1120 2766 1299 2807 Sulpiciano
1313 2763 1471 2796 anteferri.

1639 149 1719 191 153
