<?xml version="1.0" encoding="UTF-8"?>
<!DOCTYPE html PUBLIC "-//W3C//DTD XHTML 1.0 Transitional//EN"
    "http://www.w3.org/TR/xhtml1/DTD/xhtml1-transitional.dtd">
<html xmlns="http://www.w3.org/1999/xhtml" xml:lang="en" lang="en">
 <head>
  <title>
</title>
<meta http-equiv="Content-Type" content="text/html;charset=utf-8" />
  <meta name='ocr-system' content='tesseract 3.04.00' />
  <meta name='ocr-capabilities' content='ocr_page ocr_carea ocr_par ocr_line ocrx_word'/>
</head>
<body>
  <div class='ocr_page' id='page_1' title='image "./selectaeoratione00ciceuoft_0420.png"; bbox 0 0 1790 3090; ppageno 0'>
   <div class='ocr_carea' id='block_1_1' title="bbox 49 140 134 182">
    <p class='ocr_par' dir='ltr' id='par_1_1' title="bbox 49 140 134 182">
     <span class='ocr_line' id='line_1_1' title="bbox 49 140 134 182; baseline 0 0"><span class='ocrx_word' id='word_1_1' title='bbox 49 140 134 182; x_wconf 83' lang='lat'>378</span> 
     </span>
    </p>
   </div>
   <div class='ocr_carea' id='block_1_2' title="bbox 73 444 209 486">
    <p class='ocr_par' dir='ltr' id='par_1_2' title="bbox 73 444 209 486">
     <span class='ocr_line' id='line_1_2' title="bbox 73 444 209 486; baseline -0.007 -1"><span class='ocrx_word' id='word_1_2' title='bbox 73 444 123 486; x_wconf 85' lang='lat'>10</span> <span class='ocrx_word' id='word_1_3' title='bbox 142 445 209 486; x_wconf 87' lang='lat' dir='ltr'>tis.</span> 
     </span>
    </p>
   </div>
   <div class='ocr_carea' id='block_1_3' title="bbox 142 497 1411 554">
    <p class='ocr_par' dir='ltr' id='par_1_3' title="bbox 142 497 1411 554">
     <span class='ocr_line' id='line_1_3' title="bbox 142 497 1411 554; baseline -0.006 -12"><span class='ocrx_word' id='word_1_4' title='bbox 142 501 292 542; x_wconf 88' lang='lat' dir='ltr'>morbo</span> <span class='ocrx_word' id='word_1_5' title='bbox 324 499 454 541; x_wconf 78' lang='lat' dir='ltr'>etiam</span> <span class='ocrx_word' id='word_1_6' title='bbox 484 497 785 554; x_wconf 80' lang='lat' dir='ltr'>impediretur:</span> <span class='ocrx_word' id='word_1_7' title='bbox 829 502 1037 537; x_wconf 82' lang='lat' dir='ltr'>statuerat</span> <span class='ocrx_word' id='word_1_8' title='bbox 1073 497 1159 549; x_wconf 87' lang='lat' dir='ltr'>[se]</span> <span class='ocrx_word' id='word_1_9' title='bbox 1198 509 1411 536; x_wconf 85' lang='lat' dir='ltr'>excusare.</span> 
     </span>
    </p>
   </div>
   <div class='ocr_carea' id='block_1_4' title="bbox 749 118 1092 175">
    <p class='ocr_par' dir='ltr' id='par_1_4' title="bbox 749 118 1092 175">
     <span class='ocr_line' id='line_1_4' title="bbox 749 118 1092 175; baseline -0.003 -9"><span class='ocrx_word' id='word_1_10' title='bbox 749 130 842 169; x_wconf 83' lang='lat' dir='ltr'>PRO</span> <span class='ocrx_word' id='word_1_11' title='bbox 865 118 1092 175; x_wconf 51' lang='lat' dir='ltr'>ummo(</span> 
     </span>
    </p>
   </div>
   <div class='ocr_carea' id='block_1_5' title="bbox 135 207 1715 444">
    <p class='ocr_par' dir='ltr' id='par_1_5' title="bbox 135 207 1715 444">
     <span class='ocr_line' id='line_1_5' title="bbox 135 207 1696 269; baseline -0.007 -9"><span class='ocrx_word' id='word_1_12' title='bbox 135 216 305 260; x_wconf 84' lang='lat' dir='ltr'>senatui</span> <span class='ocrx_word' id='word_1_13' title='bbox 327 226 504 258; x_wconf 87' lang='lat' dir='ltr'>necesse</span> <span class='ocrx_word' id='word_1_14' title='bbox 526 218 639 255; x_wconf 83' lang='lat' dir='ltr'>erat:</span> <span class='ocrx_word' id='word_1_15' title='bbox 671 225 746 254; x_wconf 82' lang='lat' dir='ltr'>vos</span> <span class='ocrx_word' id='word_1_16' title='bbox 768 218 872 254; x_wconf 86' lang='lat' dir='ltr'>tunc</span> <span class='ocrx_word' id='word_1_17' title='bbox 892 209 1108 269; x_wconf 77' lang='lat' dir='ltr'>paruistiS‚</span> <span class='ocrx_word' id='word_1_18' title='bbox 1126 208 1224 252; x_wconf 73' lang='lat' dir='ltr'>cum</span> <span class='ocrx_word' id='word_1_19' title='bbox 1236 207 1377 267; x_wconf 82' lang='lat' dir='ltr'>paruit</span> <span class='ocrx_word' id='word_1_20' title='bbox 1392 221 1518 250; x_wconf 81' lang='lat' dir='ltr'>nemo</span> <span class='ocrx_word' id='word_1_21' title='bbox 1534 208 1609 265; x_wconf 90' lang='lat' dir='ltr'>qui</span> <span class='ocrx_word' id='word_1_22' title='bbox 1621 220 1696 249; x_wconf 81' lang='lat' dir='ltr'>no-</span> 
     </span>
     <span class='ocr_line' id='line_1_6' title="bbox 136 264 1710 329; baseline -0.008 -12"><span class='ocrx_word' id='word_1_23' title='bbox 136 275 233 317; x_wconf 84' lang='lat' dir='ltr'>luit.</span> <span class='ocrx_word' id='word_1_24' title='bbox 291 271 578 329; x_wconf 83' lang='lat' dir='ltr'>Reprehendo</span> <span class='ocrx_word' id='word_1_25' title='bbox 596 269 756 326; x_wconf 73' lang='lat' dir='ltr'>igitur?</span> <span class='ocrx_word' id='word_1_26' title='bbox 787 267 964 311; x_wconf 69' lang='lat' dir='ltr'>minime</span> <span class='ocrx_word' id='word_1_27' title='bbox 984 266 1112 321; x_wconf 73' lang='lat' dir='ltr'>vero;</span> <span class='ocrx_word' id='word_1_28' title='bbox 1144 282 1283 324; x_wconf 89' lang='lat' dir='ltr'>neque</span> <span class='ocrx_word' id='word_1_29' title='bbox 1301 266 1413 308; x_wconf 90' lang='lat' dir='ltr'>enim</span> <span class='ocrx_word' id='word_1_30' title='bbox 1432 264 1559 307; x_wconf 88' lang='lat' dir='ltr'>licuit</span> <span class='ocrx_word' id='word_1_31' title='bbox 1575 264 1710 321; x_wconf 71' lang='lat' dir='ltr'>aliter</span> 
     </span>
     <span class='ocr_line' id='line_1_7' title="bbox 138 320 1699 386; baseline -0.008 -12"><span class='ocrx_word' id='word_1_32' title='bbox 138 339 281 374; x_wconf 85' lang='lat' dir='ltr'>vestro</span> <span class='ocrx_word' id='word_1_33' title='bbox 304 328 464 386; x_wconf 80' lang='lat' dir='ltr'>generi,</span> <span class='ocrx_word' id='word_1_34' title='bbox 485 326 664 378; x_wconf 88' lang='lat' dir='ltr'>nomini,</span> <span class='ocrx_word' id='word_1_35' title='bbox 686 326 872 374; x_wconf 84' lang='lat' dir='ltr'>familiae,</span> <span class='ocrx_word' id='word_1_36' title='bbox 888 324 1155 381; x_wconf 83' lang='lat' dir='ltr'>disciplinae3</span> <span class='ocrx_word' id='word_1_37' title='bbox 1186 325 1264 366; x_wconf 90' lang='lat' dir='ltr'>sed</span> <span class='ocrx_word' id='word_1_38' title='bbox 1284 325 1369 365; x_wconf 91' lang='lat' dir='ltr'>hoc</span> <span class='ocrx_word' id='word_1_39' title='bbox 1384 337 1472 365; x_wconf 90' lang='lat' dir='ltr'>non</span> <span class='ocrx_word' id='word_1_40' title='bbox 1489 320 1699 372; x_wconf 89' lang='lat' dir='ltr'>concedo,</span> 
     </span>
     <span class='ocr_line' id='line_1_8' title="bbox 140 378 1715 444; baseline -0.007 -15"><span class='ocrx_word' id='word_1_41' title='bbox 140 395 203 439; x_wconf 88' lang='lat' dir='ltr'>ut,</span> <span class='ocrx_word' id='word_1_42' title='bbox 225 387 380 444; x_wconf 86' lang='lat' dir='ltr'>quibus</span> <span class='ocrx_word' id='word_1_43' title='bbox 401 386 527 426; x_wconf 82' lang='lat' dir='ltr'>rebus</span> <span class='ocrx_word' id='word_1_44' title='bbox 550 383 791 441; x_wconf 82' lang='lat' dir='ltr'>gloriemini</span> <span class='ocrx_word' id='word_1_45' title='bbox 819 383 862 423; x_wconf 90' lang='lat' dir='ltr'>in</span> <span class='ocrx_word' id='word_1_46' title='bbox 882 381 1020 433; x_wconf 82' lang='lat' dir='ltr'>vobis,</span> <span class='ocrx_word' id='word_1_47' title='bbox 1042 382 1215 423; x_wconf 87' lang='lat' dir='ltr'>easdem</span> <span class='ocrx_word' id='word_1_48' title='bbox 1237 381 1280 422; x_wconf 90' lang='lat' dir='ltr'>in</span> <span class='ocrx_word' id='word_1_49' title='bbox 1302 380 1397 422; x_wconf 88' lang='lat' dir='ltr'>aliis</span> <span class='ocrx_word' id='word_1_50' title='bbox 1418 378 1715 436; x_wconf 43' lang='lat' dir='ltr'>reprehendas</span> 
     </span>
    </p>
   </div>
   <div class='ocr_carea' id='block_1_6' title="bbox 270 436 1716 495">
    <p class='ocr_par' dir='ltr' id='par_1_6' title="bbox 270 436 1716 495">
     <span class='ocr_line' id='line_1_9' title="bbox 270 436 1716 495; baseline -0.007 -11"><span class='ocrx_word' id='word_1_51' title='bbox 270 441 508 484; x_wconf 80' lang='lat' dir='ltr'>Tuberonis</span> <span class='ocrx_word' id='word_1_52' title='bbox 529 456 620 483; x_wconf 86' lang='lat' dir='ltr'>sors</span> <span class='ocrx_word' id='word_1_53' title='bbox 643 440 841 495; x_wconf 86' lang='lat' dir='ltr'>conjecta</span> <span class='ocrx_word' id='word_1_54' title='bbox 861 446 928 480; x_wconf 90' lang='lat' dir='ltr'>est</span> <span class='ocrx_word' id='word_1_55' title='bbox 948 453 1000 480; x_wconf 87' lang='lat' dir='ltr'>ex</span> <span class='ocrx_word' id='word_1_56' title='bbox 1022 437 1067 479; x_wconf 81' lang='lat' dir='ltr'>S.</span> <span class='ocrx_word' id='word_1_57' title='bbox 1089 438 1141 480; x_wconf 87' lang='lat' dir='ltr'>C.</span> <span class='ocrx_word' id='word_1_58' title='bbox 1163 439 1260 479; x_wconf 75' lang='lat' dir='ltr'>cum</span> <span class='ocrx_word' id='word_1_59' title='bbox 1280 438 1371 494; x_wconf 86' lang='lat' dir='ltr'>ipse</span> <span class='ocrx_word' id='word_1_60' title='bbox 1398 452 1484 479; x_wconf 88' lang='lat' dir='ltr'>non</span> <span class='ocrx_word' id='word_1_61' title='bbox 1515 436 1716 485; x_wconf 74' lang='lat' dir='ltr'>adesset,</span> 
     </span>
    </p>
   </div>
   <div class='ocr_carea' id='block_1_7' title="bbox 1473 493 1703 546">
    <p class='ocr_par' dir='ltr' id='par_1_7' title="bbox 1473 493 1703 546">
     <span class='ocr_line' id='line_1_10' title="bbox 1473 493 1703 546; baseline -0.013 -12"><span class='ocrx_word' id='word_1_62' title='bbox 1473 493 1581 534; x_wconf 90' lang='lat' dir='ltr'>Haec</span> <span class='ocrx_word' id='word_1_63' title='bbox 1621 504 1703 546; x_wconf 80' lang='lat' dir='ltr'>ego</span> 
     </span>
    </p>
   </div>
   <div class='ocr_carea' id='block_1_8' title="bbox 142 547 1707 670">
    <p class='ocr_par' dir='ltr' id='par_1_8' title="bbox 142 547 1707 670">
     <span class='ocr_line' id='line_1_11' title="bbox 142 547 1705 613; baseline -0.006 -15"><span class='ocrx_word' id='word_1_64' title='bbox 142 557 244 598; x_wconf 88' lang='lat' dir='ltr'>novi</span> <span class='ocrx_word' id='word_1_65' title='bbox 277 564 451 613; x_wconf 87' lang='lat' dir='ltr'>propter</span> <span class='ocrx_word' id='word_1_66' title='bbox 471 569 719 597; x_wconf 88' lang='lat' dir='ltr'>communes</span> <span class='ocrx_word' id='word_1_67' title='bbox 755 552 1112 603; x_wconf 83' lang='lat' dir='ltr'>necessitudines,</span> <span class='ocrx_word' id='word_1_68' title='bbox 1133 567 1230 608; x_wconf 87' lang='lat' dir='ltr'>quae</span> <span class='ocrx_word' id='word_1_69' title='bbox 1262 551 1367 591; x_wconf 90' lang='lat' dir='ltr'>mihi</span> <span class='ocrx_word' id='word_1_70' title='bbox 1398 559 1498 592; x_wconf 84' lang='lat' dir='ltr'>sunt</span> <span class='ocrx_word' id='word_1_71' title='bbox 1527 563 1626 590; x_wconf 88' lang='lat' dir='ltr'>cum</span> <span class='ocrx_word' id='word_1_72' title='bbox 1657 547 1705 589; x_wconf 87' lang='lat' dir='ltr'>L.</span> 
     </span>
     <span class='ocr_line' id='line_1_12' title="bbox 142 605 1707 670; baseline -0.005 -15"><span class='ocrx_word' id='word_1_73' title='bbox 142 614 388 655; x_wconf 88' lang='lat' dir='ltr'>Tuberone:</span> <span class='ocrx_word' id='word_1_74' title='bbox 420 612 537 654; x_wconf 90' lang='lat' dir='ltr'>domi</span> <span class='ocrx_word' id='word_1_75' title='bbox 558 610 644 652; x_wconf 63' lang='lat' dir='ltr'>una</span> <span class='ocrx_word' id='word_1_76' title='bbox 667 610 837 661; x_wconf 82' lang='lat' dir='ltr'>eruditi,</span> <span class='ocrx_word' id='word_1_77' title='bbox 859 608 1020 650; x_wconf 82' lang='lat' dir='ltr'>militiae</span> <span class='ocrx_word' id='word_1_78' title='bbox 1041 608 1384 670; x_wconf 75' lang='lat' dir='ltr'>contubernales,</span> <span class='ocrx_word' id='word_1_79' title='bbox 1414 606 1515 664; x_wconf 74' lang='lat' dir='ltr'>post</span> <span class='ocrx_word' id='word_1_80' title='bbox 1543 605 1707 654; x_wconf 69' lang='lat' dir='ltr'>affineS,</span> 
     </span>
    </p>
   </div>
   <div class='ocr_carea' id='block_1_9' title="bbox 142 667 916 724">
    <p class='ocr_par' dir='ltr' id='par_1_9' title="bbox 142 667 916 724">
     <span class='ocr_line' id='line_1_13' title="bbox 142 667 916 724; baseline -0.006 -13"><span class='ocrx_word' id='word_1_81' title='bbox 142 671 187 711; x_wconf 93' lang='lat' dir='ltr'>in</span> <span class='ocrx_word' id='word_1_82' title='bbox 208 670 324 712; x_wconf 91' lang='lat' dir='ltr'>omni</span> <span class='ocrx_word' id='word_1_83' title='bbox 346 670 531 724; x_wconf 90' lang='lat' dir='ltr'>denique</span> <span class='ocrx_word' id='word_1_84' title='bbox 553 668 643 710; x_wconf 64' lang='lat' dir='ltr'>vit-a</span> <span class='ocrx_word' id='word_1_85' title='bbox 664 667 916 708; x_wconf 80' lang='lat' dir='ltr'>familiares:</span> 
     </span>
    </p>
   </div>
   <div class='ocr_carea' id='block_1_10' title="bbox 961 660 1708 722">
    <p class='ocr_par' dir='ltr' id='par_1_10' title="bbox 961 660 1708 722">
     <span class='ocr_line' id='line_1_14' title="bbox 961 660 1708 722; baseline -0.007 -15"><span class='ocrx_word' id='word_1_86' title='bbox 961 680 1165 722; x_wconf 78' lang='lat' dir='ltr'>magnum</span> <span class='ocrx_word' id='word_1_87' title='bbox 1187 665 1317 706; x_wconf 86' lang='lat' dir='ltr'>etiam</span> <span class='ocrx_word' id='word_1_88' title='bbox 1338 664 1570 716; x_wconf 80' lang='lat' dir='ltr'>vinculum,</span> <span class='ocrx_word' id='word_1_89' title='bbox 1591 660 1708 718; x_wconf 70' lang='lat' dir='ltr'>quod</span> 
     </span>
    </p>
   </div>
   <div class='ocr_carea' id='block_1_11' title="bbox 74 717 1718 1348">
    <p class='ocr_par' dir='ltr' id='par_1_11' title="bbox 74 717 1718 1348">
     <span class='ocr_line' id='line_1_15' title="bbox 75 717 1708 782; baseline -0.007 -12"><span class='ocrx_word' id='word_1_90' title='bbox 75 730 127 770; x_wconf 85' lang='lat'>15</span> <span class='ocrx_word' id='word_1_91' title='bbox 146 727 301 769; x_wconf 86' lang='lat' dir='ltr'>iisdem</span> <span class='ocrx_word' id='word_1_92' title='bbox 323 741 491 782; x_wconf 78' lang='lat' dir='ltr'>semper</span> <span class='ocrx_word' id='word_1_93' title='bbox 511 725 667 766; x_wconf 89' lang='lat' dir='ltr'>studiis</span> <span class='ocrx_word' id='word_1_94' title='bbox 689 724 756 765; x_wconf 88' lang='lat' dir='ltr'>usi</span> <span class='ocrx_word' id='word_1_95' title='bbox 777 738 938 765; x_wconf 87' lang='lat' dir='ltr'>sumus.</span> <span class='ocrx_word' id='word_1_96' title='bbox 999 723 1101 764; x_wconf 83' lang='lat' dir='ltr'>Seio</span> <span class='ocrx_word' id='word_1_97' title='bbox 1132 722 1261 778; x_wconf 82' lang='lat' dir='ltr'>igitur</span> <span class='ocrx_word' id='word_1_98' title='bbox 1290 721 1560 763; x_wconf 90' lang='lat' dir='ltr'>Tuberonem</span> <span class='ocrx_word' id='word_1_99' title='bbox 1591 717 1708 760; x_wconf 88' lang='lat' dir='ltr'>domi</span> 
     </span>
     <span class='ocr_line' id='line_1_16' title="bbox 146 775 1713 836; baseline -0.005 -11"><span class='ocrx_word' id='word_1_100' title='bbox 146 796 317 825; x_wconf 84' lang='lat' dir='ltr'>manere</span> <span class='ocrx_word' id='word_1_101' title='bbox 337 783 522 825; x_wconf 88' lang='lat' dir='ltr'>voluisse</span> <span class='ocrx_word' id='word_1_102' title='bbox 539 799 547 823; x_wconf 82' lang='lat' dir='ltr'><strong><em>z</em></strong></span> <span class='ocrx_word' id='word_1_103' title='bbox 571 782 645 823; x_wconf 89' lang='lat' dir='ltr'>sed</span> <span class='ocrx_word' id='word_1_104' title='bbox 663 781 724 822; x_wconf 86' lang='lat' dir='ltr'>ita</span> <span class='ocrx_word' id='word_1_105' title='bbox 740 780 915 836; x_wconf 87' lang='lat' dir='ltr'>quidam</span> <span class='ocrx_word' id='word_1_106' title='bbox 937 780 1138 836; x_wconf 80' lang='lat' dir='ltr'>agebant,</span> <span class='ocrx_word' id='word_1_107' title='bbox 1157 780 1217 820; x_wconf 88' lang='lat' dir='ltr'>ita</span> <span class='ocrx_word' id='word_1_108' title='bbox 1233 778 1479 835; x_wconf 86' lang='lat' dir='ltr'>reipublicae</span> <span class='ocrx_word' id='word_1_109' title='bbox 1493 775 1713 819; x_wconf 87' lang='lat' dir='ltr'>sanctissi-</span> 
     </span>
     <span class='ocr_line' id='line_1_17' title="bbox 147 834 1711 894; baseline -0.006 -12"><span class='ocrx_word' id='word_1_110' title='bbox 147 855 266 882; x_wconf 87' lang='lat' dir='ltr'>mum</span> <span class='ocrx_word' id='word_1_111' title='bbox 296 854 450 880; x_wconf 87' lang='lat' dir='ltr'>nomen</span> <span class='ocrx_word' id='word_1_112' title='bbox 483 839 772 894; x_wconf 86' lang='lat' dir='ltr'>opponebant,</span> <span class='ocrx_word' id='word_1_113' title='bbox 805 844 864 886; x_wconf 90' lang='lat' dir='ltr'>ut,</span> <span class='ocrx_word' id='word_1_114' title='bbox 894 837 1022 878; x_wconf 86' lang='lat' dir='ltr'>etiam</span> <span class='ocrx_word' id='word_1_115' title='bbox 1052 836 1089 877; x_wconf 91' lang='lat' dir='ltr'>si</span> <span class='ocrx_word' id='word_1_116' title='bbox 1121 836 1243 877; x_wconf 85' lang='lat' dir='ltr'>aliter</span> <span class='ocrx_word' id='word_1_117' title='bbox 1274 835 1465 886; x_wconf 86' lang='lat' dir='ltr'>sentiret,</span> <span class='ocrx_word' id='word_1_118' title='bbox 1486 834 1711 876; x_wconf 85' lang='lat' dir='ltr'>verborum</span> 
     </span>
     <span class='ocr_line' id='line_1_18' title="bbox 146 890 1713 952; baseline -0.005 -15"><span class='ocrx_word' id='word_1_119' title='bbox 146 904 290 937; x_wconf 86' lang='lat' dir='ltr'>tamen</span> <span class='ocrx_word' id='word_1_120' title='bbox 307 896 496 952; x_wconf 89' lang='lat' dir='ltr'>ipsorum</span> <span class='ocrx_word' id='word_1_121' title='bbox 510 895 677 950; x_wconf 79' lang='lat' dir='ltr'>pondus</span> <span class='ocrx_word' id='word_1_122' title='bbox 692 894 903 934; x_wconf 84' lang='lat' dir='ltr'>sustinere</span> <span class='ocrx_word' id='word_1_123' title='bbox 917 908 1003 934; x_wconf 91' lang='lat' dir='ltr'>non</span> <span class='ocrx_word' id='word_1_124' title='bbox 1015 901 1177 948; x_wconf 88' lang='lat' dir='ltr'>posset.</span> <span class='ocrx_word' id='word_1_125' title='bbox 1199 892 1344 934; x_wconf 85' lang='lat' dir='ltr'>Cessit</span> <span class='ocrx_word' id='word_1_126' title='bbox 1356 890 1601 933; x_wconf 83' lang='lat' dir='ltr'>auctoritati</span> <span class='ocrx_word' id='word_1_127' title='bbox 1626 903 1713 930; x_wconf 90' lang='lat' dir='ltr'>am-</span> 
     </span>
     <span class='ocr_line' id='line_1_19' title="bbox 147 948 1714 1009; baseline -0.004 -16"><span class='ocrx_word' id='word_1_128' title='bbox 147 952 331 1009; x_wconf 85' lang='lat' dir='ltr'>plissimi</span> <span class='ocrx_word' id='word_1_129' title='bbox 358 951 451 1002; x_wconf 90' lang='lat' dir='ltr'>viri,</span> <span class='ocrx_word' id='word_1_130' title='bbox 473 952 539 991; x_wconf 90' lang='lat' dir='ltr'>vel</span> <span class='ocrx_word' id='word_1_131' title='bbox 567 950 710 1006; x_wconf 71' lang='lat' dir='ltr'>potius</span> <span class='ocrx_word' id='word_1_132' title='bbox 737 949 901 1005; x_wconf 77' lang='lat' dir='ltr'>paruit3</span> <span class='ocrx_word' id='word_1_133' title='bbox 931 948 1018 990; x_wconf 66' lang='lat' dir='ltr'>una</span> <span class='ocrx_word' id='word_1_134' title='bbox 1046 958 1112 991; x_wconf 90' lang='lat' dir='ltr'>est</span> <span class='ocrx_word' id='word_1_135' title='bbox 1139 950 1356 1006; x_wconf 85' lang='lat' dir='ltr'>profectus</span> <span class='ocrx_word' id='word_1_136' title='bbox 1392 964 1489 990; x_wconf 90' lang='lat' dir='ltr'>cum</span> <span class='ocrx_word' id='word_1_137' title='bbox 1519 948 1587 999; x_wconf 85' lang='lat' dir='ltr'>iis,</span> <span class='ocrx_word' id='word_1_138' title='bbox 1608 960 1714 1003; x_wconf 89' lang='lat' dir='ltr'>quo-</span> 
     </span>
     <span class='ocr_line' id='line_1_20' title="bbox 74 1003 1715 1061; baseline -0.006 -8"><span class='ocrx_word' id='word_1_139' title='bbox 74 1013 130 1054; x_wconf 83' lang='lat'>20</span> <span class='ocrx_word' id='word_1_140' title='bbox 149 1024 242 1051; x_wconf 87' lang='lat' dir='ltr'>rum</span> <span class='ocrx_word' id='word_1_141' title='bbox 265 1015 356 1050; x_wconf 86' lang='lat' dir='ltr'>erat</span> <span class='ocrx_word' id='word_1_142' title='bbox 375 1015 484 1049; x_wconf 74' lang='lat' dir='ltr'>auna</span> <span class='ocrx_word' id='word_1_143' title='bbox 504 1021 637 1048; x_wconf 84' lang='lat' dir='ltr'>causa</span> <span class='ocrx_word' id='word_1_144' title='bbox 654 1022 662 1047; x_wconf 91' lang='lat'>:</span> <span class='ocrx_word' id='word_1_145' title='bbox 697 1005 860 1047; x_wconf 78' lang='lat' dir='ltr'>tardius</span> <span class='ocrx_word' id='word_1_146' title='bbox 881 1006 963 1046; x_wconf 83' lang='lat' dir='ltr'>iter</span> <span class='ocrx_word' id='word_1_147' title='bbox 983 1006 1088 1047; x_wconf 87' lang='lat' dir='ltr'>fecit</span> <span class='ocrx_word' id='word_1_148' title='bbox 1105 1023 1113 1047; x_wconf 91' lang='lat'><strong>:</strong></span> <span class='ocrx_word' id='word_1_149' title='bbox 1146 1007 1309 1061; x_wconf 89' lang='lat' dir='ltr'>ita-que</span> <span class='ocrx_word' id='word_1_150' title='bbox 1327 1005 1371 1046; x_wconf 90' lang='lat' dir='ltr'>in</span> <span class='ocrx_word' id='word_1_151' title='bbox 1390 1005 1579 1046; x_wconf 87' lang='lat' dir='ltr'>Africam</span> <span class='ocrx_word' id='word_1_152' title='bbox 1597 1003 1715 1045; x_wconf 87' lang='lat' dir='ltr'>venit</span> 
     </span>
     <span class='ocr_line' id='line_1_21' title="bbox 143 1059 1716 1122; baseline -0.004 -15"><span class='ocrx_word' id='word_1_153' title='bbox 143 1067 236 1122; x_wconf 81' lang='lat' dir='ltr'>jam</span> <span class='ocrx_word' id='word_1_154' title='bbox 258 1072 529 1121; x_wconf 85' lang='lat' dir='ltr'>occupatam.</span> <span class='ocrx_word' id='word_1_155' title='bbox 590 1063 705 1104; x_wconf 90' lang='lat' dir='ltr'>Hinc</span> <span class='ocrx_word' id='word_1_156' title='bbox 727 1064 768 1104; x_wconf 92' lang='lat' dir='ltr'>in</span> <span class='ocrx_word' id='word_1_157' title='bbox 792 1062 1005 1119; x_wconf 79' lang='lat' dir='ltr'>Ligarium</span> <span class='ocrx_word' id='word_1_158' title='bbox 1026 1063 1186 1103; x_wconf 86' lang='lat' dir='ltr'>crimen</span> <span class='ocrx_word' id='word_1_159' title='bbox 1209 1062 1354 1112; x_wconf 88' lang='lat' dir='ltr'>oritur,</span> <span class='ocrx_word' id='word_1_160' title='bbox 1377 1062 1445 1102; x_wconf 89' lang='lat' dir='ltr'>vel</span> <span class='ocrx_word' id='word_1_161' title='bbox 1475 1061 1536 1102; x_wconf 81' lang='lat' dir='ltr'>ira</span> <span class='ocrx_word' id='word_1_162' title='bbox 1555 1059 1716 1117; x_wconf 69' lang='lat' dir='ltr'>potius·</span> 
     </span>
     <span class='ocr_line' id='line_1_22' title="bbox 150 1117 1718 1176; baseline -0.004 -12"><span class='ocrx_word' id='word_1_163' title='bbox 150 1123 278 1174; x_wconf 88' lang='lat' dir='ltr'>Nam,</span> <span class='ocrx_word' id='word_1_164' title='bbox 301 1123 335 1163; x_wconf 88' lang='lat' dir='ltr'>si</span> <span class='ocrx_word' id='word_1_165' title='bbox 358 1121 519 1163; x_wconf 88' lang='lat' dir='ltr'>crimen</span> <span class='ocrx_word' id='word_1_166' title='bbox 541 1127 607 1162; x_wconf 89' lang='lat' dir='ltr'>est</span> <span class='ocrx_word' id='word_1_167' title='bbox 627 1120 851 1176; x_wconf 88' lang='lat' dir='ltr'>prohibere</span> <span class='ocrx_word' id='word_1_168' title='bbox 883 1120 1003 1160; x_wconf 87' lang='lat' dir='ltr'>illum</span> <span class='ocrx_word' id='word_1_169' title='bbox 1025 1119 1228 1168; x_wconf 86' lang='lat' dir='ltr'>voluisse,</span> <span class='ocrx_word' id='word_1_170' title='bbox 1249 1133 1335 1160; x_wconf 88' lang='lat' dir='ltr'>non</span> <span class='ocrx_word' id='word_1_171' title='bbox 1356 1117 1494 1159; x_wconf 72' lang='lat' dir='ltr'>minus</span> <span class='ocrx_word' id='word_1_172' title='bbox 1514 1131 1718 1173; x_wconf 81' lang='lat' dir='ltr'>magnum</span> 
     </span>
     <span class='ocr_line' id='line_1_23' title="bbox 151 1174 1718 1232; baseline -0.004 -11"><span class='ocrx_word' id='word_1_173' title='bbox 151 1187 230 1230; x_wconf 87' lang='lat' dir='ltr'>est,</span> <span class='ocrx_word' id='word_1_174' title='bbox 257 1194 330 1220; x_wconf 91' lang='lat' dir='ltr'>vos</span> <span class='ocrx_word' id='word_1_175' title='bbox 353 1178 560 1229; x_wconf 88' lang='lat' dir='ltr'>Africam,</span> <span class='ocrx_word' id='word_1_176' title='bbox 583 1177 774 1218; x_wconf 85' lang='lat' dir='ltr'>omnium</span> <span class='ocrx_word' id='word_1_177' title='bbox 796 1176 1106 1232; x_wconf 85' lang='lat' dir='ltr'>provinciarum</span> <span class='ocrx_word' id='word_1_178' title='bbox 1135 1191 1292 1227; x_wconf 88' lang='lat' dir='ltr'>arcem,</span> <span class='ocrx_word' id='word_1_179' title='bbox 1315 1182 1458 1216; x_wconf 84' lang='lat' dir='ltr'>natam</span> <span class='ocrx_word' id='word_1_180' title='bbox 1480 1175 1535 1216; x_wconf 86' lang='lat' dir='ltr'>ad</span> <span class='ocrx_word' id='word_1_181' title='bbox 1557 1174 1718 1215; x_wconf 65' lang='lat' dir='ltr'>belluni</span> 
     </span>
     <span class='ocr_line' id='line_1_24' title="bbox 152 1232 1718 1288; baseline -0.004 -11"><span class='ocrx_word' id='word_1_182' title='bbox 152 1244 302 1277; x_wconf 85' lang='lat' dir='ltr'>contra</span> <span class='ocrx_word' id='word_1_183' title='bbox 331 1236 444 1276; x_wconf 86' lang='lat' dir='ltr'>hanc</span> <span class='ocrx_word' id='word_1_184' title='bbox 476 1235 625 1276; x_wconf 88' lang='lat' dir='ltr'>urbem</span> <span class='ocrx_word' id='word_1_185' title='bbox 656 1235 905 1286; x_wconf 67' lang='lat' dir='ltr'>gerendum,</span> <span class='ocrx_word' id='word_1_186' title='bbox 927 1234 1119 1275; x_wconf 82' lang='lat' dir='ltr'>obtinere</span> <span class='ocrx_word' id='word_1_187' title='bbox 1142 1233 1344 1284; x_wconf 88' lang='lat' dir='ltr'>voluisse,</span> <span class='ocrx_word' id='word_1_188' title='bbox 1366 1232 1497 1288; x_wconf 62' lang='lat' dir='ltr'>quam</span> <span class='ocrx_word' id='word_1_189' title='bbox 1529 1232 1718 1287; x_wconf 89' lang='lat' dir='ltr'>aliquem</span> 
     </span>
     <span class='ocr_line' id='line_1_25' title="bbox 78 1288 1718 1348; baseline -0.004 -13"><span class='ocrx_word' id='word_1_190' title='bbox 78 1299 134 1339; x_wconf 77' lang='lat'>25</span> <span class='ocrx_word' id='word_1_191' title='bbox 153 1309 198 1335; x_wconf 86' lang='lat' dir='ltr'>se</span> <span class='ocrx_word' id='word_1_192' title='bbox 226 1294 544 1348; x_wconf 79' lang='lat' dir='ltr'>[imperatorem</span> <span class='ocrx_word' id='word_1_193' title='bbox 567 1288 682 1345; x_wconf 83' lang='lat' dir='ltr'>esse]</span> <span class='ocrx_word' id='word_1_194' title='bbox 706 1290 923 1332; x_wconf 83' lang='lat' dir='ltr'>maluisse.</span> <span class='ocrx_word' id='word_1_195' title='bbox 958 1291 1102 1346; x_wconf 85' lang='lat' dir='ltr'>Atque</span> <span class='ocrx_word' id='word_1_196' title='bbox 1126 1290 1160 1330; x_wconf 82' lang='lat' dir='ltr'>is</span> <span class='ocrx_word' id='word_1_197' title='bbox 1183 1297 1325 1331; x_wconf 82' lang='lat' dir='ltr'>tamen</span> <span class='ocrx_word' id='word_1_198' title='bbox 1347 1289 1502 1345; x_wconf 89' lang='lat' dir='ltr'>aliquis</span> <span class='ocrx_word' id='word_1_199' title='bbox 1524 1288 1718 1344; x_wconf 82' lang='lat' dir='ltr'>Ligarius</span> 
     </span>
    </p>
   </div>
   <div class='ocr_carea' id='block_1_12' title="bbox 152 1350 358 1391">
    <p class='ocr_par' dir='ltr' id='par_1_12' title="bbox 152 1350 358 1391">
     <span class='ocr_line' id='line_1_26' title="bbox 152 1350 358 1391; baseline -0.005 0"><span class='ocrx_word' id='word_1_200' title='bbox 152 1365 241 1391; x_wconf 89' lang='lat' dir='ltr'>non</span> <span class='ocrx_word' id='word_1_201' title='bbox 262 1350 358 1391; x_wconf 84' lang='lat' dir='ltr'>fuit.</span> 
     </span>
    </p>
   </div>
   <div class='ocr_carea' id='block_1_13' title="bbox 152 1407 298 1449">
    <p class='ocr_par' dir='ltr' id='par_1_13' title="bbox 152 1407 298 1449">
     <span class='ocr_line' id='line_1_27' title="bbox 152 1407 298 1449; baseline -0.007 0"><span class='ocrx_word' id='word_1_202' title='bbox 152 1407 298 1449; x_wconf 87' lang='lat' dir='ltr'>bebat.</span> 
     </span>
    </p>
   </div>
   <div class='ocr_carea' id='block_1_14' title="bbox 362 1344 1721 1461">
    <p class='ocr_par' dir='ltr' id='par_1_14' title="bbox 362 1344 1721 1461">
     <span class='ocr_line' id='line_1_28' title="bbox 418 1344 1721 1403; baseline -0.002 -15"><span class='ocrx_word' id='word_1_203' title='bbox 418 1348 559 1389; x_wconf 80' lang='lat' dir='ltr'>Varus</span> <span class='ocrx_word' id='word_1_204' title='bbox 590 1347 817 1403; x_wconf 85' lang='lat' dir='ltr'>imperium</span> <span class='ocrx_word' id='word_1_205' title='bbox 849 1362 894 1388; x_wconf 82' lang='lat' dir='ltr'>se</span> <span class='ocrx_word' id='word_1_206' title='bbox 925 1347 1081 1388; x_wconf 87' lang='lat' dir='ltr'>habere</span> <span class='ocrx_word' id='word_1_207' title='bbox 1113 1347 1311 1388; x_wconf 85' lang='lat' dir='ltr'>dicebat:</span> <span class='ocrx_word' id='word_1_208' title='bbox 1344 1346 1486 1387; x_wconf 84' lang='lat' dir='ltr'>fasces</span> <span class='ocrx_word' id='word_1_209' title='bbox 1508 1344 1626 1387; x_wconf 72' lang='lat' dir='ltr'>certe</span> <span class='ocrx_word' id='word_1_210' title='bbox 1647 1345 1721 1385; x_wconf 84' lang='lat' dir='ltr'>ha-</span> 
     </span>
     <span class='ocr_line' id='line_1_29' title="bbox 362 1403 1720 1461; baseline -0.004 -14"><span class='ocrx_word' id='word_1_211' title='bbox 362 1405 463 1457; x_wconf 80' lang='lat' dir='ltr'>Sed,</span> <span class='ocrx_word' id='word_1_212' title='bbox 487 1419 662 1461; x_wconf 88' lang='lat' dir='ltr'>quoquo</span> <span class='ocrx_word' id='word_1_213' title='bbox 684 1404 814 1446; x_wconf 88' lang='lat' dir='ltr'>modo</span> <span class='ocrx_word' id='word_1_214' title='bbox 836 1419 881 1446; x_wconf 83' lang='lat' dir='ltr'>se</span> <span class='ocrx_word' id='word_1_215' title='bbox 901 1404 1007 1445; x_wconf 92' lang='lat' dir='ltr'>illud</span> <span class='ocrx_word' id='word_1_216' title='bbox 1035 1404 1236 1456; x_wconf 81' lang='lat' dir='ltr'>habebat,</span> <span class='ocrx_word' id='word_1_217' title='bbox 1254 1404 1347 1445; x_wconf 82' lang='lat' dir='ltr'>haec</span> <span class='ocrx_word' id='word_1_218' title='bbox 1370 1403 1545 1460; x_wconf 87' lang='lat' dir='ltr'>querela</span> <span class='ocrx_word' id='word_1_219' title='bbox 1564 1408 1720 1452; x_wconf 85' lang='lat' dir='ltr'>vestra,</span> 
     </span>
    </p>
   </div>
   <div class='ocr_carea' id='block_1_15' title="bbox 849 1611 1031 1653">
    <p class='ocr_par' dir='ltr' id='par_1_15' title="bbox 849 1611 1031 1653">
     <span class='ocr_line' id='line_1_30' title="bbox 849 1611 1031 1653; baseline -0.022 0"><span class='ocrx_word' id='word_1_220' title='bbox 849 1611 1012 1653; x_wconf 72' lang='lat' dir='ltr'>³eadem</span> <span class='ocrx_word' id='word_1_221' title='bbox 1022 1641 1031 1650; x_wconf 93' lang='lat'>.</span> 
     </span>
    </p>
   </div>
   <div class='ocr_carea' id='block_1_16' title="bbox 151 1838 921 2684">
    <p class='ocr_par' dir='ltr' id='par_1_16' title="bbox 155 1838 920 2050">
     <span class='ocr_line' id='line_1_31' title="bbox 198 1838 917 1880; baseline -0.001 -12"><span class='ocrx_word' id='word_1_222' title='bbox 198 1842 226 1869; x_wconf 82' lang='grc'>’7.</span> <span class='ocrx_word' id='word_1_223' title='bbox 272 1840 276 1869; x_wconf 71' lang='grc' dir='ltr'>ἶ</span> <span class='ocrx_word' id='word_1_224' title='bbox 300 1849 366 1880; x_wconf 78' lang='lat' dir='ltr'>eque</span> <span class='ocrx_word' id='word_1_225' title='bbox 390 1839 465 1869; x_wconf 80' lang='lat' dir='ltr'>enim</span> <span class='ocrx_word' id='word_1_226' title='bbox 496 1838 607 1878; x_wconf 69' lang='lat' dir='ltr'>licuit]</span> <span class='ocrx_word' id='word_1_227' title='bbox 661 1838 736 1869; x_wconf 89' lang='lat' dir='ltr'>Non</span> <span class='ocrx_word' id='word_1_228' title='bbox 762 1838 917 1879; x_wconf 86' lang='lat' dir='ltr'>improbat</span> 
     </span>
     <span class='ocr_line' id='line_1_32' title="bbox 155 1881 920 1923; baseline -0.001 -11"><span class='ocrx_word' id='word_1_229' title='bbox 155 1881 266 1913; x_wconf 86' lang='lat' dir='ltr'>Cicero</span> <span class='ocrx_word' id='word_1_230' title='bbox 281 1883 366 1923; x_wconf 68' lang='lat' dir='ltr'>quod</span> <span class='ocrx_word' id='word_1_231' title='bbox 389 1882 571 1912; x_wconf 80' lang='lat' dir='ltr'>Tuberones</span> <span class='ocrx_word' id='word_1_232' title='bbox 597 1882 753 1921; x_wconf 82' lang='lat' dir='ltr'>paruerint</span> <span class='ocrx_word' id='word_1_233' title='bbox 773 1881 894 1912; x_wconf 85' lang='lat' dir='ltr'>senatui</span> <span class='ocrx_word' id='word_1_234' title='bbox 912 1892 920 1917; x_wconf 92' lang='lat'>;</span> 
     </span>
     <span class='ocr_line' id='line_1_33' title="bbox 155 1924 917 1966; baseline -0.001 -11"><span class='ocrx_word' id='word_1_235' title='bbox 155 1926 212 1955; x_wconf 80' lang='lat' dir='ltr'>sed</span> <span class='ocrx_word' id='word_1_236' title='bbox 230 1924 522 1966; x_wconf 77' lang='lat' dir='ltr'>probat,justiorem</span> <span class='ocrx_word' id='word_1_237' title='bbox 546 1924 690 1955; x_wconf 80' lang='lat' dir='ltr'>habuisse</span> <span class='ocrx_word' id='word_1_238' title='bbox 713 1935 839 1955; x_wconf 79' lang='lat' dir='ltr'>causam</span> <span class='ocrx_word' id='word_1_239' title='bbox 864 1924 917 1954; x_wconf 81' lang='lat' dir='ltr'>Li-</span> 
     </span>
     <span class='ocr_line' id='line_1_34' title="bbox 156 1966 916 2008; baseline -0.003 -10"><span class='ocrx_word' id='word_1_240' title='bbox 156 1968 275 2008; x_wconf 85' lang='lat' dir='ltr'>garium</span> <span class='ocrx_word' id='word_1_241' title='bbox 299 1968 447 1998; x_wconf 85' lang='lat' dir='ltr'>manendi</span> <span class='ocrx_word' id='word_1_242' title='bbox 463 1968 493 1997; x_wconf 91' lang='lat' dir='ltr'>in</span> <span class='ocrx_word' id='word_1_243' title='bbox 510 1966 628 2002; x_wconf 72' lang='lat' dir='ltr'>Africa,</span> <span class='ocrx_word' id='word_1_244' title='bbox 644 1978 696 1997; x_wconf 82' lang='lat' dir='ltr'>eos</span> <span class='ocrx_word' id='word_1_245' title='bbox 721 1972 826 1997; x_wconf 79' lang='lat' dir='ltr'>autem</span> <span class='ocrx_word' id='word_1_246' title='bbox 848 1967 916 1997; x_wconf 91' lang='lat' dir='ltr'>nnl-</span> 
     </span>
     <span class='ocr_line' id='line_1_35' title="bbox 155 2010 670 2050; baseline -0.002 -10"><span class='ocrx_word' id='word_1_247' title='bbox 155 2010 216 2041; x_wconf 83' lang='lat' dir='ltr'>lam</span> <span class='ocrx_word' id='word_1_248' title='bbox 233 2011 392 2050; x_wconf 82' lang='lat' dir='ltr'>Ligarium</span> <span class='ocrx_word' id='word_1_249' title='bbox 408 2011 670 2050; x_wconf 84' lang='lat' dir='ltr'>reprehendendi.</span> 
     </span>
    </p>

    <p class='ocr_par' dir='ltr' id='par_1_17' title="bbox 155 2053 921 2301">
     <span class='ocr_line' id='line_1_36' title="bbox 200 2053 918 2094; baseline 0 -11"><span class='ocrx_word' id='word_1_250' title='bbox 200 2055 254 2084; x_wconf 86' lang='lat'>10.</span> <span class='ocrx_word' id='word_1_251' title='bbox 278 2053 433 2084; x_wconf 63' lang='lat' dir='ltr'>Tuberonis</span> <span class='ocrx_word' id='word_1_252' title='bbox 447 2055 534 2094; x_wconf 66' lang='lat' dir='ltr'>sors]</span> <span class='ocrx_word' id='word_1_253' title='bbox 580 2053 706 2083; x_wconf 79' lang='lat' dir='ltr'>Fatetur</span> <span class='ocrx_word' id='word_1_254' title='bbox 721 2053 918 2083; x_wconf 81' lang='lat' dir='ltr'>Tuberonem</span> 
     </span>
     <span class='ocr_line' id='line_1_37' title="bbox 155 2095 919 2138; baseline 0.001 -12"><span class='ocrx_word' id='word_1_255' title='bbox 155 2101 275 2138; x_wconf 81' lang='lat' dir='ltr'>patrem</span> <span class='ocrx_word' id='word_1_256' title='bbox 295 2108 356 2126; x_wconf 89' lang='lat' dir='ltr'>non</span> <span class='ocrx_word' id='word_1_257' title='bbox 373 2095 476 2136; x_wconf 68' lang='lat' dir='ltr'>aliquit</span> <span class='ocrx_word' id='word_1_258' title='bbox 492 2096 665 2137; x_wconf 72' lang='lat' dir='ltr'>cupiditate</span> <span class='ocrx_word' id='word_1_259' title='bbox 682 2101 735 2126; x_wconf 85' lang='lat' dir='ltr'>aut</span> <span class='ocrx_word' id='word_1_260' title='bbox 750 2097 919 2127; x_wconf 81' lang='lat' dir='ltr'>ambitione</span> 
     </span>
     <span class='ocr_line' id='line_1_38' title="bbox 155 2138 920 2179; baseline 0.001 -11"><span class='ocrx_word' id='word_1_261' title='bbox 155 2139 324 2170; x_wconf 87' lang='lat' dir='ltr'>obtinuisse</span> <span class='ocrx_word' id='word_1_262' title='bbox 362 2139 511 2175; x_wconf 80' lang='lat' dir='ltr'>Africam,</span> <span class='ocrx_word' id='word_1_263' title='bbox 549 2139 604 2169; x_wconf 86' lang='lat' dir='ltr'>sed</span> <span class='ocrx_word' id='word_1_264' title='bbox 642 2138 801 2169; x_wconf 84' lang='lat' dir='ltr'>sortitione</span> <span class='ocrx_word' id='word_1_265' title='bbox 828 2138 920 2179; x_wconf 78' lang='lat' dir='ltr'>juxta</span> 
     </span>
     <span class='ocr_line' id='line_1_39' title="bbox 156 2181 920 2222; baseline 0 -10"><span class='ocrx_word' id='word_1_266' title='bbox 156 2182 242 2222; x_wconf 84' lang='lat' dir='ltr'>leges</span> <span class='ocrx_word' id='word_1_267' title='bbox 257 2182 448 2213; x_wconf 88' lang='lat' dir='ltr'>decernendi</span> <span class='ocrx_word' id='word_1_268' title='bbox 472 2182 656 2222; x_wconf 83' lang='lat' dir='ltr'>provincias.</span> <span class='ocrx_word' id='word_1_269' title='bbox 701 2181 794 2212; x_wconf 84' lang='lat' dir='ltr'>Hanc</span> <span class='ocrx_word' id='word_1_270' title='bbox 817 2188 920 2212; x_wconf 87' lang='lat' dir='ltr'>antem</span> 
     </span>
     <span class='ocr_line' id='line_1_40' title="bbox 157 2224 921 2266; baseline 0.003 -13"><span class='ocrx_word' id='word_1_271' title='bbox 157 2225 297 2255; x_wconf 86' lang='lat' dir='ltr'>obtinere</span> <span class='ocrx_word' id='word_1_272' title='bbox 321 2225 466 2256; x_wconf 83' lang='lat' dir='ltr'>debuisse</span> <span class='ocrx_word' id='word_1_273' title='bbox 489 2224 698 2261; x_wconf 83' lang='lat' dir='ltr'>Tuberonem,</span> <span class='ocrx_word' id='word_1_274' title='bbox 715 2224 820 2255; x_wconf 69' lang='lat' dir='ltr'>Caesar</span> <span class='ocrx_word' id='word_1_275' title='bbox 841 2226 921 2266; x_wconf 81' lang='lat' dir='ltr'>ipse,</span> 
     </span>
     <span class='ocr_line' id='line_1_41' title="bbox 155 2267 703 2301; baseline 0.002 -5"><span class='ocrx_word' id='word_1_276' title='bbox 155 2267 210 2297; x_wconf 90' lang='lat' dir='ltr'>lib.</span> <span class='ocrx_word' id='word_1_277' title='bbox 228 2271 256 2298; x_wconf 84' lang='lat'>1.</span> <span class='ocrx_word' id='word_1_278' title='bbox 275 2269 315 2297; x_wconf 88' lang='lat' dir='ltr'>de</span> <span class='ocrx_word' id='word_1_279' title='bbox 330 2267 421 2298; x_wconf 86' lang='lat' dir='ltr'>Bello</span> <span class='ocrx_word' id='word_1_280' title='bbox 438 2267 541 2301; x_wconf 76' lang='lat' dir='ltr'>Civili,</span> <span class='ocrx_word' id='word_1_281' title='bbox 554 2267 703 2298; x_wconf 81' lang='lat' dir='ltr'>declarat.</span> 
     </span>
    </p>

    <p class='ocr_par' dir='ltr' id='par_1_18' title="bbox 154 2310 921 2426">
     <span class='ocr_line' id='line_1_42' title="bbox 205 2310 921 2351; baseline 0.003 -12"><span class='ocrx_word' id='word_1_282' title='bbox 205 2311 255 2340; x_wconf 81' lang='lat'>13.</span> <span class='ocrx_word' id='word_1_283' title='bbox 280 2310 367 2340; x_wconf 70' lang='lat' dir='ltr'>Domi</span> <span class='ocrx_word' id='word_1_284' title='bbox 391 2310 450 2340; x_wconf 76' lang='grc' dir='ltr'>ωιὰ</span> <span class='ocrx_word' id='word_1_285' title='bbox 474 2311 610 2351; x_wconf 71' lang='lat' dir='ltr'>eruditi]</span> <span class='ocrx_word' id='word_1_286' title='bbox 657 2310 779 2340; x_wconf 85' lang='lat' dir='ltr'>Eruditi</span> <span class='ocrx_word' id='word_1_287' title='bbox 796 2311 921 2341; x_wconf 85' lang='lat' dir='ltr'>suerunt</span> 
     </span>
     <span class='ocr_line' id='line_1_43' title="bbox 155 2352 918 2384; baseline 0.003 -2"><span class='ocrx_word' id='word_1_288' title='bbox 155 2352 281 2382; x_wconf 81' lang='lat' dir='ltr'>Tubero</span> <span class='ocrx_word' id='word_1_289' title='bbox 298 2359 330 2383; x_wconf 80' lang='lat' dir='ltr'>et</span> <span class='ocrx_word' id='word_1_290' title='bbox 345 2353 456 2384; x_wconf 89' lang='lat' dir='ltr'>Cicero</span> <span class='ocrx_word' id='word_1_291' title='bbox 473 2353 504 2383; x_wconf 91' lang='lat' dir='ltr'>in</span> <span class='ocrx_word' id='word_1_292' title='bbox 522 2353 606 2384; x_wconf 87' lang='lat' dir='ltr'>Urbe</span> <span class='ocrx_word' id='word_1_293' title='bbox 623 2352 727 2384; x_wconf 67' lang='lat' dir='ltr'>Roma</span> <span class='ocrx_word' id='word_1_294' title='bbox 750 2354 781 2383; x_wconf 91' lang='lat' dir='ltr'>in</span> <span class='ocrx_word' id='word_1_295' title='bbox 805 2354 918 2384; x_wconf 68' lang='lat' dir='ltr'>eadem</span> 
     </span>
     <span class='ocr_line' id='line_1_44' title="bbox 154 2395 273 2426; baseline 0.008 -1"><span class='ocrx_word' id='word_1_296' title='bbox 154 2395 273 2426; x_wconf 66' lang='lat' dir='ltr'>scholii.</span> 
     </span>
    </p>

    <p class='ocr_par' dir='ltr' id='par_1_19' title="bbox 151 2438 921 2684">
     <span class='ocr_line' id='line_1_45' title="bbox 199 2438 917 2479; baseline 0.003 -11"><span class='ocrx_word' id='word_1_297' title='bbox 199 2438 250 2470; x_wconf 90' lang='lat' dir='ltr'>Ib.</span> <span class='ocrx_word' id='word_1_298' title='bbox 270 2438 520 2479; x_wconf 74' lang='lat' dir='ltr'>Contubernales]</span> <span class='ocrx_word' id='word_1_299' title='bbox 545 2438 591 2468; x_wconf 85' lang='lat' dir='ltr'>Ex</span> <span class='ocrx_word' id='word_1_300' title='bbox 604 2439 750 2479; x_wconf 78' lang='lat' dir='ltr'>Vegetio,</span> <span class='ocrx_word' id='word_1_301' title='bbox 764 2439 816 2469; x_wconf 90' lang='lat' dir='ltr'>lib.</span> <span class='ocrx_word' id='word_1_302' title='bbox 831 2442 862 2471; x_wconf 67' lang='lat'>2.</span> <span class='ocrx_word' id='word_1_303' title='bbox 876 2440 917 2470; x_wconf 86' lang='lat' dir='ltr'>de</span> 
     </span>
     <span class='ocr_line' id='line_1_46' title="bbox 154 2480 917 2522; baseline 0 -11"><span class='ocrx_word' id='word_1_304' title='bbox 154 2480 208 2511; x_wconf 84' lang='lat' dir='ltr'>Re</span> <span class='ocrx_word' id='word_1_305' title='bbox 225 2481 368 2517; x_wconf 81' lang='lat' dir='ltr'>Militari,</span> <span class='ocrx_word' id='word_1_306' title='bbox 384 2492 454 2522; x_wconf 88' lang='lat' dir='ltr'>cap.</span> <span class='ocrx_word' id='word_1_307' title='bbox 472 2484 523 2511; x_wconf 78' lang='lat'>13.</span> <span class='ocrx_word' id='word_1_308' title='bbox 565 2481 708 2511; x_wconf 72' lang='lat' dir='ltr'>Centuriae</span> <span class='ocrx_word' id='word_1_309' title='bbox 723 2483 917 2512; x_wconf 75' lang='lat' dir='ltr'>incontuber-</span> 
     </span>
     <span class='ocr_line' id='line_1_47' title="bbox 154 2525 921 2558; baseline 0 -4"><span class='ocrx_word' id='word_1_310' title='bbox 154 2526 209 2554; x_wconf 73' lang='lat' dir='ltr'>‘nia</span> <span class='ocrx_word' id='word_1_311' title='bbox 231 2525 329 2555; x_wconf 67' lang='lat' dir='ltr'>‹liz-isa:</span> <span class='ocrx_word' id='word_1_312' title='bbox 352 2531 431 2558; x_wconf 79' lang='lat' dir='ltr'>snut,</span> <span class='ocrx_word' id='word_1_313' title='bbox 452 2530 488 2554; x_wconf 82' lang='lat' dir='ltr'>ut</span> <span class='ocrx_word' id='word_1_314' title='bbox 515 2526 606 2554; x_wconf 77' lang='lat' dir='ltr'>decem</span> <span class='ocrx_word' id='word_1_315' title='bbox 626 2525 767 2554; x_wconf 81' lang='lat' dir='ltr'>militibus</span> <span class='ocrx_word' id='word_1_316' title='bbox 788 2525 840 2554; x_wconf 77' lang='lat' dir='ltr'>snb</span> <span class='ocrx_word' id='word_1_317' title='bbox 861 2537 921 2555; x_wconf 79' lang='lat' dir='ltr'>uno</span> 
     </span>
     <span class='ocr_line' id='line_1_48' title="bbox 151 2568 921 2608; baseline 0.001 -11"><span class='ocrx_word' id='word_1_318' title='bbox 151 2568 299 2606; x_wconf 78' lang='lat' dir='ltr'>papilione</span> <span class='ocrx_word' id='word_1_319' title='bbox 325 2568 494 2608; x_wconf 78' lang='lat' dir='ltr'>degentibus</span> <span class='ocrx_word' id='word_1_320' title='bbox 529 2577 606 2596; x_wconf 66' lang='lat' dir='ltr'>umis</span> <span class='ocrx_word' id='word_1_321' title='bbox 637 2573 764 2606; x_wconf 65' lang='lat' dir='ltr'>putasset</span> <span class='ocrx_word' id='word_1_322' title='bbox 785 2568 921 2603; x_wconf 80' lang='lat' dir='ltr'>decanus,</span> 
     </span>
     <span class='ocr_line' id='line_1_49' title="bbox 153 2610 921 2650; baseline 0.001 -10"><span class='ocrx_word' id='word_1_323' title='bbox 153 2612 204 2650; x_wconf 75' lang='lat' dir='ltr'>qni</span> <span class='ocrx_word' id='word_1_324' title='bbox 223 2616 310 2650; x_wconf 81' lang='lat' dir='ltr'>caput</span> <span class='ocrx_word' id='word_1_325' title='bbox 335 2611 513 2640; x_wconf 78' lang='lat' dir='ltr'>contubernii</span> <span class='ocrx_word' id='word_1_326' title='bbox 534 2611 714 2640; x_wconf 69' lang='lat' dir='ltr'>nominatur.</span> <span class='ocrx_word' id='word_1_327' title='bbox 759 2610 843 2640; x_wconf 91' lang='lat' dir='ltr'>Hinc</span> <span class='ocrx_word' id='word_1_328' title='bbox 867 2622 921 2641; x_wconf 85' lang='lat' dir='ltr'>au-</span> 
     </span>
     <span class='ocr_line' id='line_1_50' title="bbox 156 2653 919 2684; baseline 0.001 -1"><span class='ocrx_word' id='word_1_329' title='bbox 156 2660 219 2683; x_wconf 74' lang='lat' dir='ltr'>tem</span> <span class='ocrx_word' id='word_1_330' title='bbox 237 2654 320 2683; x_wconf 88' lang='lat' dir='ltr'>inter</span> <span class='ocrx_word' id='word_1_331' title='bbox 335 2653 448 2683; x_wconf 83' lang='lat' dir='ltr'>milites</span> <span class='ocrx_word' id='word_1_332' title='bbox 464 2653 686 2682; x_wconf 74' lang='lat' dir='ltr'>familiaritates</span> <span class='ocrx_word' id='word_1_333' title='bbox 703 2653 919 2684; x_wconf 81' lang='lat' dir='ltr'>nascebantur.</span> 
     </span>
    </p>
   </div>
   <div class='ocr_carea' id='block_1_17' title="bbox 960 1837 1727 2694">
    <p class='ocr_par' dir='ltr' id='par_1_20' title="bbox 961 1837 1721 1912">
     <span class='ocr_line' id='line_1_51' title="bbox 961 1837 1721 1879; baseline 0 -11"><span class='ocrx_word' id='word_1_334' title='bbox 961 1838 1121 1869; x_wconf 83' lang='lat' dir='ltr'>Strabonis</span> <span class='ocrx_word' id='word_1_335' title='bbox 1146 1838 1281 1868; x_wconf 82' lang='lat' dir='ltr'>consulis</span> <span class='ocrx_word' id='word_1_336' title='bbox 1305 1838 1361 1869; x_wconf 80' lang='lat' dir='ltr'>tiro</span> <span class='ocrx_word' id='word_1_337' title='bbox 1387 1837 1456 1874; x_wconf 79' lang='lat' dir='ltr'>fuit,</span> <span class='ocrx_word' id='word_1_338' title='bbox 1479 1842 1513 1868; x_wconf 93' lang='lat' dir='ltr'>ut</span> <span class='ocrx_word' id='word_1_339' title='bbox 1537 1837 1631 1869; x_wconf 69' lang='lat' dir='ltr'>refert</span> <span class='ocrx_word' id='word_1_340' title='bbox 1655 1837 1721 1879; x_wconf 85' lang='lat' dir='ltr'>ipse</span> 
     </span>
     <span class='ocr_line' id='line_1_52' title="bbox 962 1881 1205 1912; baseline -0.004 -1"><span class='ocrx_word' id='word_1_341' title='bbox 962 1882 1031 1912; x_wconf 88' lang='lat' dir='ltr'>Cic.</span> <span class='ocrx_word' id='word_1_342' title='bbox 1050 1881 1133 1911; x_wconf 85' lang='lat' dir='ltr'>Phil.</span> <span class='ocrx_word' id='word_1_343' title='bbox 1156 1884 1205 1912; x_wconf 74' lang='lat'>12.</span> 
     </span>
    </p>

    <p class='ocr_par' dir='ltr' id='par_1_21' title="bbox 960 1922 1724 2093">
     <span class='ocr_line' id='line_1_53' title="bbox 1006 1922 1724 1965; baseline -0.003 -10"><span class='ocrx_word' id='word_1_344' title='bbox 1006 1927 1057 1955; x_wconf 70' lang='lat'>13.</span> <span class='ocrx_word' id='word_1_345' title='bbox 1083 1924 1152 1954; x_wconf 67' lang='lat' dir='ltr'>Post</span> <span class='ocrx_word' id='word_1_346' title='bbox 1177 1922 1303 1965; x_wconf 68' lang='lat' dir='ltr'>qffines]</span> <span class='ocrx_word' id='word_1_347' title='bbox 1350 1923 1494 1955; x_wconf 85' lang='lat' dir='ltr'>Affinitas</span> <span class='ocrx_word' id='word_1_348' title='bbox 1518 1934 1574 1964; x_wconf 87' lang='lat' dir='ltr'>per</span> <span class='ocrx_word' id='word_1_349' title='bbox 1599 1923 1724 1964; x_wconf 86' lang='lat' dir='ltr'>nuptias</span> 
     </span>
     <span class='ocr_line' id='line_1_54' title="bbox 960 1966 1724 2002; baseline 0.001 -6"><span class='ocrx_word' id='word_1_350' title='bbox 960 1968 1161 2002; x_wconf 78' lang='lat' dir='ltr'>contrahitur,</span> <span class='ocrx_word' id='word_1_351' title='bbox 1177 1974 1211 1997; x_wconf 85' lang='lat' dir='ltr'>ut</span> <span class='ocrx_word' id='word_1_352' title='bbox 1225 1968 1338 1997; x_wconf 84' lang='lat' dir='ltr'>doceat</span> <span class='ocrx_word' id='word_1_353' title='bbox 1359 1966 1559 1997; x_wconf 84' lang='lat' dir='ltr'>Modestinus</span> <span class='ocrx_word' id='word_1_354' title='bbox 1574 1967 1606 1997; x_wconf 88' lang='lat' dir='ltr'>in</span> <span class='ocrx_word' id='word_1_355' title='bbox 1622 1966 1675 1997; x_wconf 91' lang='lat' dir='ltr'>lib.</span> <span class='ocrx_word' id='word_1_356' title='bbox 1691 1970 1724 1998; x_wconf 80' lang='lat'>4.</span> 
     </span>
     <span class='ocr_line' id='line_1_55' title="bbox 961 2009 1724 2047; baseline 0 -7"><span class='ocrx_word' id='word_1_357' title='bbox 961 2010 1005 2041; x_wconf 90' lang='lat' dir='ltr'>D.</span> <span class='ocrx_word' id='word_1_358' title='bbox 1021 2011 1062 2040; x_wconf 85' lang='lat' dir='ltr'>de</span> <span class='ocrx_word' id='word_1_359' title='bbox 1079 2009 1257 2047; x_wconf 76' lang='lat' dir='ltr'>Gradibus3</span> <span class='ocrx_word' id='word_1_360' title='bbox 1280 2009 1359 2040; x_wconf 74' lang='lat' dir='ltr'>forte</span> <span class='ocrx_word' id='word_1_361' title='bbox 1376 2015 1479 2041; x_wconf 87' lang='lat' dir='ltr'>autem</span> <span class='ocrx_word' id='word_1_362' title='bbox 1495 2019 1570 2041; x_wconf 83' lang='lat' dir='ltr'>uxor</span> <span class='ocrx_word' id='word_1_363' title='bbox 1583 2009 1724 2041; x_wconf 88' lang='lat' dir='ltr'>Tubero-</span> 
     </span>
     <span class='ocr_line' id='line_1_56' title="bbox 961 2052 1367 2093; baseline -0.002 -10"><span class='ocrx_word' id='word_1_364' title='bbox 961 2053 1009 2084; x_wconf 87' lang='lat' dir='ltr'>nis</span> <span class='ocrx_word' id='word_1_365' title='bbox 1025 2052 1041 2083; x_wconf 76' lang='grc' dir='ltr'><strong>ἐ</strong></span> <span class='ocrx_word' id='word_1_366' title='bbox 1055 2063 1167 2093; x_wconf 81' lang='lat' dir='ltr'>genere</span> <span class='ocrx_word' id='word_1_367' title='bbox 1181 2053 1284 2083; x_wconf 90' lang='lat' dir='ltr'>Tullio</span> <span class='ocrx_word' id='word_1_368' title='bbox 1297 2052 1367 2083; x_wconf 82' lang='lat' dir='ltr'>fuit.</span> 
     </span>
    </p>

    <p class='ocr_par' dir='ltr' id='par_1_22' title="bbox 963 2094 1727 2265">
     <span class='ocr_line' id='line_1_57' title="bbox 1007 2094 1727 2137; baseline -0.001 -11"><span class='ocrx_word' id='word_1_369' title='bbox 1007 2099 1059 2126; x_wconf 84' lang='lat'>16.</span> <span class='ocrx_word' id='word_1_370' title='bbox 1083 2095 1301 2126; x_wconf 73' lang='lat' dir='ltr'>sanctissimum</span> <span class='ocrx_word' id='word_1_371' title='bbox 1315 2108 1416 2127; x_wconf 80' lang='lat' dir='ltr'>nomen</span> <span class='ocrx_word' id='word_1_372' title='bbox 1425 2096 1628 2137; x_wconf 67' lang='lat' dir='ltr'>opponebant]</span> <span class='ocrx_word' id='word_1_373' title='bbox 1665 2094 1727 2125; x_wconf 89' lang='lat' dir='ltr'>Ex-</span> 
     </span>
     <span class='ocr_line' id='line_1_58' title="bbox 963 2138 1725 2180; baseline -0.001 -10"><span class='ocrx_word' id='word_1_374' title='bbox 963 2145 1051 2170; x_wconf 81' lang='lat' dir='ltr'>cusat</span> <span class='ocrx_word' id='word_1_375' title='bbox 1064 2139 1274 2177; x_wconf 87' lang='lat' dir='ltr'>Tuberonem,</span> <span class='ocrx_word' id='word_1_376' title='bbox 1290 2139 1343 2180; x_wconf 87' lang='lat' dir='ltr'>qui</span> <span class='ocrx_word' id='word_1_377' title='bbox 1357 2139 1502 2170; x_wconf 79' lang='lat' dir='ltr'>inductus</span> <span class='ocrx_word' id='word_1_378' title='bbox 1517 2140 1575 2170; x_wconf 88' lang='lat' dir='ltr'>suit</span> <span class='ocrx_word' id='word_1_379' title='bbox 1590 2140 1629 2169; x_wconf 89' lang='lat' dir='ltr'>ad</span> <span class='ocrx_word' id='word_1_380' title='bbox 1647 2138 1725 2169; x_wconf 79' lang='lat' dir='ltr'>illud</span> 
     </span>
     <span class='ocr_line' id='line_1_59' title="bbox 966 2181 1725 2223; baseline 0.001 -12"><span class='ocrx_word' id='word_1_381' title='bbox 966 2182 1081 2212; x_wconf 82' lang='lat' dir='ltr'>bellum</span> <span class='ocrx_word' id='word_1_382' title='bbox 1097 2182 1200 2221; x_wconf 84' lang='lat' dir='ltr'>specie</span> <span class='ocrx_word' id='word_1_383' title='bbox 1216 2182 1406 2222; x_wconf 82' lang='lat' dir='ltr'>reipublicae,</span> <span class='ocrx_word' id='word_1_384' title='bbox 1422 2181 1508 2223; x_wconf 86' lang='lat' dir='ltr'>cujus</span> <span class='ocrx_word' id='word_1_385' title='bbox 1525 2182 1599 2223; x_wconf 87' lang='lat' dir='ltr'>jura</span> <span class='ocrx_word' id='word_1_386' title='bbox 1613 2183 1725 2213; x_wconf 83' lang='lat' dir='ltr'>desen-</span> 
     </span>
     <span class='ocr_line' id='line_1_60' title="bbox 965 2224 1472 2265; baseline 0.002 -10"><span class='ocrx_word' id='word_1_387' title='bbox 965 2226 1039 2256; x_wconf 87' lang='lat' dir='ltr'>dere</span> <span class='ocrx_word' id='word_1_388' title='bbox 1056 2235 1087 2255; x_wconf 82' lang='lat' dir='ltr'>se</span> <span class='ocrx_word' id='word_1_389' title='bbox 1105 2224 1472 2265; x_wconf 76' lang='lat' dir='ltr'>Pompeianijactabant.</span> 
     </span>
    </p>

    <p class='ocr_par' dir='ltr' id='par_1_23' title="bbox 963 2268 1723 2342">
     <span class='ocr_line' id='line_1_61' title="bbox 1010 2268 1723 2310; baseline 0.001 -13"><span class='ocrx_word' id='word_1_390' title='bbox 1010 2270 1058 2298; x_wconf 88' lang='lat'>18.</span> <span class='ocrx_word' id='word_1_391' title='bbox 1096 2268 1273 2308; x_wconf 82' lang='lat' dir='ltr'>Amplissimi</span> <span class='ocrx_word' id='word_1_392' title='bbox 1300 2268 1386 2310; x_wconf 66' lang='lat' dir='ltr'>viri]</span> <span class='ocrx_word' id='word_1_393' title='bbox 1447 2268 1592 2310; x_wconf 86' lang='lat' dir='ltr'>Pompeii</span> <span class='ocrx_word' id='word_1_394' title='bbox 1619 2272 1723 2309; x_wconf 83' lang='lat' dir='ltr'>partes</span> 
     </span>
     <span class='ocr_line' id='line_1_62' title="bbox 963 2313 1257 2342; baseline -0.003 0"><span class='ocrx_word' id='word_1_395' title='bbox 963 2317 1089 2342; x_wconf 81' lang='lat' dir='ltr'>senatus</span> <span class='ocrx_word' id='word_1_396' title='bbox 1104 2313 1257 2342; x_wconf 85' lang='lat' dir='ltr'>tuebatur.</span> 
     </span>
    </p>

    <p class='ocr_par' dir='ltr' id='par_1_24' title="bbox 1005 2353 1474 2394">
     <span class='ocr_line' id='line_1_63' title="bbox 1005 2353 1474 2394; baseline 0.002 -9"><span class='ocrx_word' id='word_1_397' title='bbox 1005 2358 1058 2385; x_wconf 67' lang='lat'>21.</span> <span class='ocrx_word' id='word_1_398' title='bbox 1083 2354 1286 2394; x_wconf 68' lang='lat' dir='ltr'>Occupatam]</span> <span class='ocrx_word' id='word_1_399' title='bbox 1332 2353 1361 2384; x_wconf 88' lang='lat' dir='ltr'>A</span> <span class='ocrx_word' id='word_1_400' title='bbox 1378 2354 1474 2386; x_wconf 83' lang='lat' dir='ltr'>Varo.</span> 
     </span>
    </p>

    <p class='ocr_par' dir='ltr' id='par_1_25' title="bbox 961 2397 1723 2478">
     <span class='ocr_line' id='line_1_64' title="bbox 1005 2397 1723 2439; baseline -0.001 -11"><span class='ocrx_word' id='word_1_401' title='bbox 1005 2400 1057 2428; x_wconf 72' lang='lat'>202.</span> <span class='ocrx_word' id='word_1_402' title='bbox 1082 2397 1236 2428; x_wconf 79' lang='lat' dir='ltr'>Prohibere</span> <span class='ocrx_word' id='word_1_403' title='bbox 1259 2398 1344 2428; x_wconf 83' lang='lat' dir='ltr'>illum</span> <span class='ocrx_word' id='word_1_404' title='bbox 1373 2398 1519 2439; x_wconf 67' lang='lat' dir='ltr'>voluisse]</span> <span class='ocrx_word' id='word_1_405' title='bbox 1564 2398 1604 2428; x_wconf 87' lang='lat' dir='ltr'>In</span> <span class='ocrx_word' id='word_1_406' title='bbox 1633 2407 1723 2438; x_wconf 84' lang='lat' dir='ltr'>argu-</span> 
     </span>
     <span class='ocr_line' id='line_1_65' title="bbox 961 2441 1359 2478; baseline 0 -8"><span class='ocrx_word' id='word_1_407' title='bbox 961 2446 1081 2478; x_wconf 83' lang='lat' dir='ltr'>mento,</span> <span class='ocrx_word' id='word_1_408' title='bbox 1097 2441 1137 2470; x_wconf 88' lang='lat' dir='ltr'>de</span> <span class='ocrx_word' id='word_1_409' title='bbox 1154 2441 1213 2471; x_wconf 82' lang='lat' dir='ltr'>hoc</span> <span class='ocrx_word' id='word_1_410' title='bbox 1230 2441 1359 2470; x_wconf 86' lang='lat' dir='ltr'>dictum.</span> 
     </span>
    </p>

    <p class='ocr_par' dir='ltr' id='par_1_26' title="bbox 964 2482 1723 2608">
     <span class='ocr_line' id='line_1_66' title="bbox 1006 2482 1722 2524; baseline 0 -11"><span class='ocrx_word' id='word_1_411' title='bbox 1006 2486 1058 2515; x_wconf 69' lang='lat'>23.</span> <span class='ocrx_word' id='word_1_412' title='bbox 1083 2483 1210 2523; x_wconf 69' lang='lat' dir='ltr'>Arcem]</span> <span class='ocrx_word' id='word_1_413' title='bbox 1242 2483 1414 2524; x_wconf 72' lang='lat' dir='ltr'>Aptissima</span> <span class='ocrx_word' id='word_1_414' title='bbox 1425 2482 1482 2513; x_wconf 77' lang='lat' dir='ltr'>fuit</span> <span class='ocrx_word' id='word_1_415' title='bbox 1497 2482 1604 2514; x_wconf 80' lang='lat' dir='ltr'>Africa</span> <span class='ocrx_word' id='word_1_416' title='bbox 1618 2484 1657 2514; x_wconf 89' lang='lat' dir='ltr'>ad</span> <span class='ocrx_word' id='word_1_417' title='bbox 1675 2483 1722 2513; x_wconf 86' lang='lat' dir='ltr'>in-</span> 
     </span>
     <span class='ocr_line' id='line_1_67' title="bbox 964 2525 1723 2566; baseline 0.003 -11"><span class='ocrx_word' id='word_1_418' title='bbox 964 2525 1129 2556; x_wconf 80' lang='lat' dir='ltr'>ferendum</span> <span class='ocrx_word' id='word_1_419' title='bbox 1159 2526 1276 2566; x_wconf 84' lang='lat' dir='ltr'>populo</span> <span class='ocrx_word' id='word_1_420' title='bbox 1305 2525 1448 2556; x_wconf 77' lang='lat' dir='ltr'>Romano</span> <span class='ocrx_word' id='word_1_421' title='bbox 1479 2526 1612 2564; x_wconf 81' lang='lat' dir='ltr'>bellurn3</span> <span class='ocrx_word' id='word_1_422' title='bbox 1650 2527 1723 2558; x_wconf 84' lang='lat' dir='ltr'>hinc</span> 
     </span>
     <span class='ocr_line' id='line_1_68' title="bbox 965 2568 1548 2608; baseline 0.002 -10"><span class='ocrx_word' id='word_1_423' title='bbox 965 2569 1048 2598; x_wconf 88' lang='lat' dir='ltr'>enim</span> <span class='ocrx_word' id='word_1_424' title='bbox 1066 2569 1121 2598; x_wconf 75' lang='lat' dir='ltr'>tria</span> <span class='ocrx_word' id='word_1_425' title='bbox 1139 2568 1221 2598; x_wconf 86' lang='lat' dir='ltr'>bella</span> <span class='ocrx_word' id='word_1_426' title='bbox 1237 2568 1355 2599; x_wconf 87' lang='lat' dir='ltr'>Punica</span> <span class='ocrx_word' id='word_1_427' title='bbox 1372 2574 1548 2608; x_wconf 83' lang='lat' dir='ltr'>eruperunt.</span> 
     </span>
    </p>

    <p class='ocr_par' dir='ltr' id='par_1_27' title="bbox 964 2611 1727 2694">
     <span class='ocr_line' id='line_1_69' title="bbox 1009 2611 1727 2653; baseline 0.001 -11"><span class='ocrx_word' id='word_1_428' title='bbox 1009 2611 1060 2642; x_wconf 70' lang='lat'>26.</span> <span class='ocrx_word' id='word_1_429' title='bbox 1085 2611 1182 2641; x_wconf 72' lang='lat' dir='ltr'>Fasces</span> <span class='ocrx_word' id='word_1_430' title='bbox 1205 2611 1280 2641; x_wconf 64' lang='lat' dir='ltr'>cert&amp;</span> <span class='ocrx_word' id='word_1_431' title='bbox 1303 2611 1451 2653; x_wconf 56' lang='lat' dir='ltr'>habebat]</span> <span class='ocrx_word' id='word_1_432' title='bbox 1509 2611 1561 2642; x_wconf 91' lang='lat' dir='ltr'>De</span> <span class='ocrx_word' id='word_1_433' title='bbox 1590 2612 1727 2643; x_wconf 77' lang='lat' dir='ltr'>fascibu-</span> 
     </span>
     <span class='ocr_line' id='line_1_70' title="bbox 964 2653 1724 2694; baseline 0.004 -11"><span class='ocrx_word' id='word_1_434' title='bbox 964 2654 1083 2684; x_wconf 85' lang='lat' dir='ltr'>dictum</span> <span class='ocrx_word' id='word_1_435' title='bbox 1099 2654 1249 2694; x_wconf 71' lang='lat' dir='ltr'>superius.</span> <span class='ocrx_word' id='word_1_436' title='bbox 1295 2653 1541 2685; x_wconf 84' lang='lat' dir='ltr'>Praeferebantur</span> <span class='ocrx_word' id='word_1_437' title='bbox 1563 2655 1724 2687; x_wconf 81' lang='lat' dir='ltr'>dictatoris</span> 
     </span>
    </p>
   </div>
   <div class='ocr_carea' id='block_1_18' title="bbox 152 2695 1724 2781">
    <p class='ocr_par' dir='ltr' id='par_1_28' title="bbox 152 2695 1724 2781">
     <span class='ocr_line' id='line_1_71' title="bbox 155 2695 1724 2739; baseline 0.003 -14"><span class='ocrx_word' id='word_1_438' title='bbox 155 2695 403 2726; x_wconf 82' lang='lat' dir='ltr'>contubernales</span> <span class='ocrx_word' id='word_1_439' title='bbox 419 2701 522 2725; x_wconf 79' lang='lat' dir='ltr'>autern</span> <span class='ocrx_word' id='word_1_440' title='bbox 539 2696 662 2725; x_wconf 82' lang='lat' dir='ltr'>fuerunt</span> <span class='ocrx_word' id='word_1_441' title='bbox 684 2696 714 2725; x_wconf 86' lang='lat' dir='ltr'>in</span> <span class='ocrx_word' id='word_1_442' title='bbox 733 2696 815 2726; x_wconf 84' lang='lat' dir='ltr'>bello</span> <span class='ocrx_word' id='word_1_443' title='bbox 829 2697 915 2726; x_wconf 83' lang='lat' dir='ltr'>Mar·</span> <span class='ocrx_word' id='word_1_444' title='bbox 958 2697 1027 2733; x_wconf 87' lang='lat' dir='ltr'>bus,</span> <span class='ocrx_word' id='word_1_445' title='bbox 1055 2697 1243 2732; x_wconf 83' lang='lat' dir='ltr'>consulibus,</span> <span class='ocrx_word' id='word_1_446' title='bbox 1275 2702 1307 2727; x_wconf 88' lang='lat' dir='ltr'>et</span> <span class='ocrx_word' id='word_1_447' title='bbox 1336 2697 1530 2739; x_wconf 79' lang='lat' dir='ltr'>praetoribuS,</span> <span class='ocrx_word' id='word_1_448' title='bbox 1556 2698 1641 2730; x_wconf 86' lang='lat' dir='ltr'>velut</span> <span class='ocrx_word' id='word_1_449' title='bbox 1677 2699 1724 2730; x_wconf 87' lang='lat' dir='ltr'>sui</span> 
     </span>
     <span class='ocr_line' id='line_1_72' title="bbox 152 2738 1317 2781; baseline 0.003 -13"><span class='ocrx_word' id='word_1_450' title='bbox 152 2739 230 2774; x_wconf 80' lang='lat' dir='ltr'>sico,</span> <span class='ocrx_word' id='word_1_451' title='bbox 246 2739 329 2779; x_wconf 88' lang='lat' dir='ltr'>quod</span> <span class='ocrx_word' id='word_1_452' title='bbox 342 2745 374 2769; x_wconf 82' lang='lat' dir='ltr'>et</span> <span class='ocrx_word' id='word_1_453' title='bbox 388 2738 533 2769; x_wconf 86' lang='lat' dir='ltr'>Italicum</span> <span class='ocrx_word' id='word_1_454' title='bbox 547 2744 579 2768; x_wconf 88' lang='lat' dir='ltr'>et</span> <span class='ocrx_word' id='word_1_455' title='bbox 591 2738 712 2769; x_wconf 87' lang='lat' dir='ltr'>Sociale</span> <span class='ocrx_word' id='word_1_456' title='bbox 725 2739 842 2769; x_wconf 80' lang='lat' dir='ltr'>dictum</span> <span class='ocrx_word' id='word_1_457' title='bbox 856 2745 914 2770; x_wconf 81' lang='lat' dir='ltr'>est.</span> <span class='ocrx_word' id='word_1_458' title='bbox 957 2739 1158 2781; x_wconf 65' lang='lat' dir='ltr'>magistratus</span> <span class='ocrx_word' id='word_1_459' title='bbox 1173 2739 1317 2781; x_wconf 80' lang='lat' dir='ltr'>insignia.</span> 
     </span>
    </p>
   </div>
   <div class='ocr_carea' id='block_1_19' title="bbox 153 2781 916 2823">
    <p class='ocr_par' dir='ltr' id='par_1_29' title="bbox 153 2781 916 2823">
     <span class='ocr_line' id='line_1_73' title="bbox 153 2781 916 2823; baseline 0.003 -11"><span class='ocrx_word' id='word_1_460' title='bbox 153 2781 201 2813; x_wconf 88' lang='lat' dir='ltr'>Eo</span> <span class='ocrx_word' id='word_1_461' title='bbox 226 2782 320 2818; x_wconf 82' lang='lat' dir='ltr'>bello,</span> <span class='ocrx_word' id='word_1_462' title='bbox 338 2781 451 2815; x_wconf 78' lang='lat' dir='ltr'>Cicero</span> <span class='ocrx_word' id='word_1_463' title='bbox 476 2782 507 2813; x_wconf 91' lang='lat' dir='ltr'>in</span> <span class='ocrx_word' id='word_1_464' title='bbox 530 2782 666 2814; x_wconf 70' lang='lat' dir='ltr'>exercitu</span> <span class='ocrx_word' id='word_1_465' title='bbox 686 2781 745 2815; x_wconf 84' lang='lat' dir='ltr'>Cn.</span> <span class='ocrx_word' id='word_1_466' title='bbox 771 2782 916 2823; x_wconf 83' lang='lat' dir='ltr'>Pompeii</span> 
     </span>
    </p>
   </div>
  </div>
 </body>
</html>
