1790 3090
33 173 124 217 468
566 167 569 169 ’
754 181 1021 218 PHILIPPICA
1041 179 1105 214 1x.

151 254 214 297 ita
235 269 299 309 ea,
321 271 416 314 quae
436 258 819 315 proficiscebantur
839 260 865 301 a
884 261 1052 316 legibus
1072 265 1115 302 et
1135 259 1162 301 a
1175 260 1271 317 jure
1293 259 1426 313 civili,
1447 273 1616 317 semper
1635 261 1716 304 ead

77 309 130 350 85
152 313 407 356 facilitatem
430 315 762 371 aequitatemque
786 316 1015 368 referebat3
1046 332 1186 373 neque
1219 317 1441 358 instituere
1473 317 1616 358 litium
1645 333 1716 360 ac-

154 370 294 412 tiones
316 372 516 422 malebat,
533 372 663 428 quam
678 374 989 414 controversias
1007 375 1165 415 tollere.
1216 374 1332 430 Ergo
1348 374 1432 414 hoc
1455 380 1609 414 statuae
1629 388 1718 416 mo-

154 427 348 468 nimento
369 442 455 468 non
476 437 595 484 eget:
626 429 757 470 habet
776 430 888 484 [illa]
911 431 1089 486 majora:
1121 431 1215 471 haec
1247 433 1360 471 enirn
1393 437 1537 471 statua
1567 430 1717 472 mortis

156 484 350 524 honestae
377 484 501 526 testis
532 485 633 536 erit3
663 486 747 536 illa,
781 486 984 527 memoria
1010 487 1109 527 vitae
1141 487 1356 543 gloriosae3
1388 494 1436 528 ut
1462 487 1546 528 hoc
1578 487 1717 542 magis

156 540 468 582 monimentum
501 541 609 597 grati
642 542 831 594 senatus,
852 542 985 598 quam
1005 543 1108 584 clari
1130 544 1220 595 viri,
1250 544 1440 585 futurum
1471 543 1539 584 sit.
1602 542 1717 584 Mul-

85 592 142 633 90
159 596 250 637 tum
282 597 412 638 etiam
441 599 625 640 valuisse
656 599 710 639 ad
741 599 872 655 patris
903 599 1110 640 honorem
1129 600 1267 656 pietas
1295 600 1371 640 filii
1392 599 1619 650 videbitur,
1641 599 1716 655 qui

159 654 419 709 quamquam
440 655 623 696 afflictus
650 656 768 696 luctu
795 670 882 696 non
909 656 1046 708 adest,
1066 663 1208 697 tamen
1230 656 1293 697 sic
1314 656 1508 697 fanimati
1529 671 1623 697 esse
1644 657 1718 697 de-

159 710 288 761 betis,
308 718 356 751 ut
376 711 412 751 si
434 711 502 752 ille
524 712 718 753 adesset:
750 719 816 753 est
835 719 979 753 autern
1000 713 1060 753 ita
1079 713 1299 764 gaffectus,
1315 719 1363 753 ut
1383 727 1509 753 nemo
1530 727 1718 769 unquam

160 767 280 808 unici
311 767 388 807 filii
421 775 601 809 mortem
629 767 765 824 magis
799 769 997 819 doluerit,
1018 769 1149 824 quam
1181 769 1252 810 ille
1282 776 1437 811 moeret
1454 768 1600 825 patris.
1659 768 1718 810 Et

163 823 340 878 quidem
372 825 501 865 etiam
532 826 586 866 ad
616 825 772 865 famam
805 824 895 866 Ser.
918 825 1093 881 Sulpicii
1121 826 1198 866 filii
1227 826 1404 867 arbitror
1425 825 1650 881 pertinere,
1671 831 1718 866 ut

90 875 145 916 95
162 879 358 921 videatur
387 880 591 922 honorem
622 882 815 922 debitum
839 882 949 936 patri
968 882 1242 937 praestitisse3
1275 881 1534 938 quamquam
1554 882 1718 922 nullum

163 936 474 976 monimentum
497 937 652 978 clarius
684 937 777 977 Ser.
799 938 1015 992 Sulpicius
1043 939 1280 994 relinquere
1303 939 1457 995 potuit,
1477 937 1608 994 quam
1630 938 1719 979 effi-

163 992 275 1047 giem
292 1007 456 1033 morum
472 1008 660 1044 suorum,
676 993 857 1042 virtutis,
876 995 1142 1043 constantiae,
1159 995 1346 1049 pietatis,
1366 995 1543 1049 ingenii,
1561 994 1716 1035 filium:

163 1049 286 1104 cujus
303 1050 444 1090 luctus
462 1058 536 1090 aut
551 1049 633 1090 hoc
649 1050 811 1091 honore
828 1056 985 1100 vestro,
1006 1057 1081 1090 aut
1096 1051 1214 1091 nullo
1231 1051 1398 1101 solatio,
1415 1051 1543 1091 levari
1560 1057 1718 1107 potest.

163 1103 276 1145 Mihi
297 1112 453 1157 autem,
469 1106 710 1147 recordanti
729 1106 819 1147 Ser.
840 1105 1019 1161 Sulpicii
1036 1107 1194 1147 multos
1210 1107 1254 1147 in
1270 1106 1557 1147 familiaritate
1573 1106 1719 1148 nostra

63 1157 145 1198 IOO
162 1162 629 1218 sermones,gratiorilli
639 1162 817 1214 videtur,
828 1162 863 1202 si
877 1162 974 1218 quis
987 1170 1053 1203 est
1067 1177 1217 1204 sensus
1231 1163 1274 1203 in
1286 1168 1565 1214 morte,aenea
1577 1170 1721 1204 statua

161 1218 316 1269 futura,
331 1225 373 1259 et
386 1234 436 1260 ea
449 1219 673 1275 pedestris,
690 1218 819 1275 quam
836 1219 1028 1260 inaurata
1041 1219 1272 1276 equestris:
1294 1219 1433 1276 qualis
1446 1225 1512 1260 est
1526 1219 1570 1260 L.
1585 1219 1718 1260 Sullae

158 1275 296 1330 prima
314 1282 476 1317 statua:
513 1275 692 1316 mirifice
710 1276 822 1317 enim
841 1275 930 1316 Ser.
949 1275 1163 1332 Sulpicius
1183 1277 1391 1332 majorum
1413 1275 1720 1317 continentiam

161 1331 395 1387 diligebat;
426 1332 551 1388 hujus
574 1333 719 1373 saeculi
740 1332 1013 1373 insolentiam
1029 1333 1310 1388 vituperabat.
1355 1333 1416 1373 Ut
1435 1332 1580 1388 igitur,
1598 1333 1633 1373 si
1653 1332 1718 1388 ip-

64 1435 67 1436 ?
159 1402 255 1429 sum
269 1390 503 1439 consulam,
521 1389 626 1444 quid
641 1389 760 1440 velit,
777 1388 840 1430 sic
857 1389 1099 1444 pedestrem
1114 1404 1165 1430 ex
1183 1404 1263 1430 aere
1281 1395 1483 1440 statuam,
1497 1396 1717 1445 tamquam

61 1442 142 1483 105
159 1460 212 1485 ex
233 1445 325 1500 ejus
346 1445 600 1486 auctoritate
622 1453 664 1486 et
684 1447 919 1496 voluntate,
953 1446 1162 1498 decerno,
1194 1461 1289 1501 quae
1317 1446 1491 1502 quidem
1512 1460 1718 1502 magnum

159 1501 319 1542 civium
339 1502 528 1543 dolorem
551 1510 593 1543 et
614 1502 873 1543 desiderium
890 1502 1051 1543 honore
1068 1502 1320 1543 monimenti
1338 1502 1499 1543 minuet
1515 1508 1559 1543 et
1573 1502 1716 1543 leniet.

157 1559 302 1613 Atque
324 1558 437 1599 hanc
458 1574 596 1599 meam
618 1559 889 1609 sententiam,
910 1557 959 1598 P.
977 1558 1040 1609 C.,
1076 1559 1126 1599 P.
1158 1558 1325 1601 Servilii
1357 1558 1572 1600 sententia
1600 1573 1715 1599 com-

155 1615 327 1668 probari
359 1630 535 1656 necesse
576 1622 656 1664 est,
688 1615 761 1671 qui
795 1615 1037 1670 sepulcrum
1070 1614 1243 1671 publice
1277 1615 1593 1656 decernendum
1625 1615 1713 1656 Ser.

158 1670 348 1725 Sulpicio
371 1672 554 1722 censuit,
573 1679 758 1713 statuam
780 1686 865 1712 non
887 1672 1070 1712 censuit.
1129 1672 1254 1722 Nam,
1278 1672 1312 1712 si
1334 1686 1446 1712 mors
1467 1671 1598 1727 legati
1621 1671 1715 1712 sine

58 1723 138 1764 110
157 1729 274 1768 caede
310 1734 439 1783 atque
471 1729 580 1770 ferro
613 1729 774 1769 nullum
795 1729 1001 1769 honorem
1023 1728 1251 1778 desiderat,
1275 1743 1349 1769 cur
1370 1728 1562 1769 decernit
1582 1728 1717 1769 hono-

155 1799 242 1824 rem
265 1785 508 1838 sepulturae‚
530 1785 601 1840 qui
623 1785 832 1825 maximus
854 1784 998 1825 haberi
1022 1791 1166 1840 potest
1197 1784 1394 1825 mortuo?
1456 1784 1532 1825 Sin
1564 1784 1608 1824 id
1642 1783 1716 1825 tri-

153 1840 249 1881 buit
270 1839 360 1880 Ser.
381 1840 590 1896 Sulpicio,
622 1842 738 1896 quod
766 1855 851 1881 non
874 1848 941 1881 est
962 1841 1110 1882 datum
1131 1841 1212 1881 Cn.
1235 1840 1446 1891 Octavio;
1477 1855 1566 1892 cur,
1599 1841 1715 1896 quod

153 1895 214 1936 illi
236 1897 383 1937 datum
406 1904 485 1946 est,
518 1897 618 1938 huic
649 1898 839 1938 dandum
871 1912 965 1938 esse
986 1912 1073 1938 non
1094 1897 1270 1938 censet?
1331 1897 1521 1950 Majores
1543 1897 1716 1953 quidem

152 1953 287 1994 nostri
309 1960 473 1994 statuas
494 1953 638 1994 multis
660 1955 953 2004 decreverunt,
966 1954 1162 2009 sepulcra
1182 1954 1330 2009 paucis
1347 1970 1356 1995 z
1389 1954 1464 1994 sed
1480 1960 1632 1994 statuae
1651 1954 1715 1994 in·-

54 2006 133 2049 ]15
151 2015 321 2050 tereunt
353 2016 621 2065 tempestate,
653 2010 710 2061 vi,
732 2016 971 2051 vetustate:
1004 2011 1295 2066 sepulcrorum
1327 2016 1472 2051 autem
1504 2009 1713 2051 sanctitas

150 2065 196 2106 in
225 2066 321 2121 ipso
354 2067 444 2107 solo
477 2073 557 2116 est,
589 2067 707 2122 quod
737 2066 858 2107 nulla
878 2066 918 2106 vi
939 2066 1097 2107 moveri
1121 2081 1260 2122 neque
1292 2066 1421 2107 deleri
1450 2072 1618 2122 potest3
1649 2074 1714 2108 at-

150 2138 247 2180 que,
256 2130 302 2165 ut
315 2130 467 2165 caetera
480 2123 823 2179 exstinguuntur,
834 2122 896 2164 sic
913 2123 1111 2180 sepulcra
1125 2123 1341 2165 sanctiora
1355 2123 1711 2176 fiunt,vetustate.

319 2270 334 2286 Ε
332 2265 565 2316 judicabat
583 2279 635 2306 etv
655 2279 780 2319 (equo
801 2265 923 2318 jure.
1056 2262 1228 2321 saffecti.
1367 2266 1543 2307 gtrz'stz‘s.

189 2433 241 2465 85.
266 2434 423 2475 Actiones]
468 2434 562 2466 Actio
588 2440 634 2466 est
652 2433 816 2475 jus'suum
839 2445 909 2474 per·
952 2434 1007 2465 lib.
1020 2437 1074 2468 34.
1086 2445 1173 2466 aenea
1184 2434 1254 2473 fuit,
1275 2441 1306 2467 et
1321 2435 1494 2478 pedestris3
1516 2434 1585 2466 aliae
1595 2445 1713 2477 eques-

145 2477 298 2517 sequendi
314 2477 454 2517 judicio:
479 2480 515 2508 lis
531 2484 633 2508 autern
651 2485 698 2508 est
711 2477 848 2518 jurgium
866 2479 907 2508 de
953 2483 1024 2509 tres.

143 2530 176 2550 re
193 2520 341 2560 quapiam
357 2521 435 2551 inter
451 2521 570 2562 aliquos
594 2522 678 2562 apud
695 2520 836 2561 judicem
858 2521 906 2550 in·
994 2523 1066 2553 115.
1090 2522 1235 2552 Sanctitas
1257 2523 1290 2552 in
1311 2523 1370 2562 ipso
1392 2523 1449 2553 solo
1469 2520 1537 2560 esa]
1583 2519 1713 2557 Probat,

143 2563 295 2593 stitutum.
949 2563 1109 2603 gloriosius
1135 2576 1214 2602 esse,
1239 2566 1424 2606 sepulcrum,
1449 2563 1543 2605 quam
1565 2568 1711 2600 statuam,

186 2607 236 2636 96.
265 2606 361 2640 Quam
384 2605 504 2647 effigiem
528 2607 666 2648 morum]
712 2606 807 2637 Filius
828 2606 905 2636 ima-
949 2608 1092 2637 decerni:
1117 2608 1202 2648 quia,
1224 2614 1376 2648 pereunte
1399 2606 1513 2642 statua,
1536 2605 1650 2637 desinit
1665 2606 1712 2636 lo-

143 2659 181 2688 go
198 2654 229 2678 et
245 2649 363 2690 effigies
380 2650 473 2690 patris
489 2661 555 2681 esse
573 2651 679 2686 debet,
696 2649 761 2690 ejus
776 2650 903 2680 virtutes
948 2659 1001 2680 cus
1028 2650 1081 2680 ubi
1108 2651 1209 2690 posita
1236 2656 1338 2681 statua
1360 2655 1445 2687 erat,-
1469 2654 1501 2679 at
1525 2648 1597 2679 vero
1623 2659 1712 2690 pere—

108 2728 113 2731 ,
140 2692 314 2722 referendo.
946 2699 1021 2723 unte
1039 2693 1191 2734 sepulcro,
1207 2693 1292 2723 locus
1305 2698 1443 2723 remanet
1456 2691 1606 2731 religione
1622 2702 1711 2722 sanc—

185 2737 257 2764 101.
318 2734 355 2764 L.
386 2735 476 2766 Sullae
508 2737 603 2774 prima
640 2736 767 2776 statum]
826 2735 901 2765 Tres
947 2741 1014 2773 tus3
1038 2742 1070 2766 et
1092 2736 1123 2766 in
1140 2736 1303 2776 profanum
1321 2747 1410 2766 usum
1435 2734 1548 2766 assumi
1571 2745 1634 2764 non
1655 2745 1712 2775 po-

139 2777 233 2808 Sullae
256 2778 399 2808 dictatori
418 2784 528 2809 erectae
551 2786 622 2809 sunt
647 2784 766 2815 statuae,
794 2789 903 2818 eaeque
949 2784 1030 2817 test,
1053 2779 1138 2820 quia,
1154 2778 1225 2809 cum
1249 2784 1385 2810 mortuus
1413 2778 1524 2819 aliquis
1549 2777 1582 2807 in
1608 2777 1711 2813 locum

135 2820 170 2852 in
183 2819 304 2852 Rostris
317 2821 437 2863 positae.
475 2821 592 2862 Prima,
613 2822 765 2856 referente
785 2821 903 2863 Plinio,
948 2822 1084 2866 aliquem
1108 2822 1211 2855 illatus
1232 2828 1293 2864 est,
1319 2822 1481 2866 religiosus
1506 2830 1628 2863 semper
1650 2825 1710 2854 est.
