1858 3095
685 153 776 188 I'RO
799 153 1062 191 MARCELLO.

1641 158 1727 216 357

76 230 263 277 militum
283 230 494 284 videntur,
525 235 568 274 et
586 232 803 275 turbarum
825 247 945 275 sono.
1006 235 1067 275 At
1097 234 1210 288 vero,
1246 236 1345 279 cum
1372 236 1536 294 aliquid
1558 238 1645 291 cle-

75 295 255 342 menter,
286 287 522 340 mansuete,
543 288 677 345 juste,
709 290 943 342 moderate,
977 291 1192 347 sapienter
1212 293 1374 336 factum
1395 293 1458 349 (in
1479 292 1645 342 iracun·
1659 298 1720 342 40

76 344 149 388 dia
169 345 415 402 praesertim,
448 362 544 402 quae
566 355 632 388 est
653 346 827 388 inimica
846 347 1041 400 consilio,
1063 355 1105 390 et
1127 349 1170 390 in
1193 350 1387 403 victoria,
1409 367 1507 408 quae
1522 359 1644 395 natu-

74 401 121 444 ra
141 401 331 445 insolens
348 410 391 445 et
407 404 592 460 superba
614 405 696 455 est)
719 412 794 446 aut
809 404 1019 456 audimus,
1051 413 1125 447 aut
1145 407 1352 464 legimus3
1384 423 1469 464 quo
1498 409 1643 452 studio

72 457 356 511 incendimur,
388 474 473 501 non
505 461 633 502 modo
663 461 707 501 in
739 461 890 524 sgestis
927 462 1066 513 rebus,
1098 463 1174 504 sed
1207 464 1334 505 etiam
1361 464 1405 506 in
1435 465 1562 516 fictis,
1594 472 1645 508 ut

73 529 149 558 eos
179 515 309 573 saepe,
340 531 448 573 quos
481 532 701 574 nunquam
732 518 932 570 vidimus,
966 519 1215 575 diligamus!
1276 520 1336 562 Te
1370 520 1481 570 verb,
1513 537 1641 579 quem

70 581 324 629 praesentem
345 573 572 626 intuemur,
604 576 727 631 cujus
758 582 945 616 mentem
975 591 1213 632 sensusque
1245 583 1288 618 et
1318 584 1390 618 gos
1412 579 1640 632 cernimus,
1657 582 1713 626 45

70 635 133 679 ut,
156 629 366 687 quidquid
389 631 487 672 belli
511 632 678 673 fortuna
699 632 908 688 reliquum
929 632 1089 687 reipub.
1110 632 1274 685 fecerit,
1296 633 1340 675 id
1360 649 1454 676 esse
1475 635 1642 680 salvum

71 686 193 738 velis,
221 688 376 744 quibus
413 687 614 730 laudibus
647 687 901 742 efferemus?
931 689 1087 744 quibus
1119 689 1274 731 studiis
1310 693 1641 748 prosequemur?

71 743 159 800 qua
180 744 485 787 benevolentia
506 745 838 800 complectemur
848 746 863 785 ’ἐ
917 744 1125 797 Parietes,
1146 747 1459 800 mediusfidius,
1477 748 1526 791 C.
1545 749 1642 793 Cae-

71 814 153 852 sar,
171 804 237 856 (ut
249 801 353 843 mihi
369 801 584 852 videntur)
598 802 724 858 hujus
741 801 869 843 ouriae
883 801 962 842 tibi
976 801 1137 857 gratias
1155 817 1278 859 agere
1297 805 1501 861 gestiunt,
1523 805 1640 864 quod

68 856 187 906 brevi
214 863 300 900 tem
334 872 404 899 ore
435 858 578 922 futura
608 857 665 899 sit
692 858 766 900 illa
795 859 1029 901 auctoritas
1058 859 1101 899 in
1132 859 1198 901 his
1221 862 1428 917 majorum
1449 877 1638 917 suorum,
1656 867 1714 911 50

69 919 114 966 et
129 914 218 955 suis
238 929 284 956 se
320 914 429 957 ibus.
477 914 706 971 Equidem,
728 915 826 956 cum
847 915 898 957 C.
921 915 1132 968 Marcelli,
1147 916 1226 958 viri
1248 917 1413 974 optimi,
1433 926 1477 961 et
1497 919 1639 963 heom.

66 969 330 1027 memorabili
351 971 512 1028 pietate
532 973 604 1026 [ae
624 972 797 1027 virtute]
820 971 1002 1029 praediti,
1025 973 1235 1029 lacrymas
1263 975 1392 1029 modo
1412 976 1638 1028 vobiscum

65 1027 267 1080 viderem,
302 1029 493 1070 omnium
510 1028 817 1071 Marcellorum
837 1044 979 1071 meum
1003 1039 1156 1085 pectus
1185 1030 1387 1074 memoria
1407 1028 1638 1089 [⁵effodit3]

66 1084 224 1142 quibus
246 1092 294 1128 tu
313 1086 442 1128 etiam
463 1086 658 1138 mortuis,
681 1086 745 1129 M.
769 1086 978 1128 Marcello
997 1095 1265 1138 conservato,
1296 1089 1550 1145 dignitatem
1570 1106 1638 1137 su-

65 1156 134 1184 am
150 1142 390 1195 reddidisti,
406 1143 803 1200 nobilissimamque
819 1143 1041 1196 familiam,
1051 1144 1144 1200 jam
1157 1145 1212 1187 ad
1228 1160 1390 1202 paucos
1404 1147 1635 1202 redactam,
1653 1152 1710 1200 55

64 1199 188 1255 paene
210 1200 264 1242 ab
284 1200 460 1243 interitu
492 1200 765 1243 kvindicasti.
1625 1230 1627 1232 -

122 1255 207 1298 ΙΙΙ.
239 1257 369 1299 Hunc
390 1263 436 1299 tu
457 1257 588 1314 igitur
609 1258 724 1300 diem
753 1258 838 1299 tuis
856 1257 1054 1299 maximis
1076 1265 1119 1300 et
1139 1258 1523 1304 innumerabilibus
1544 1276 1636 1318 gra-

62 1312 346 1356 tulationibus
352 1314 449 1371 jure
463 1321 714 1371 antepones.
744 1314 852 1356 Haec
866 1315 978 1357 enim
992 1330 1058 1356 res
1073 1315 1199 1357 unius
1214 1324 1281 1359 est
1292 1318 1463 1374 propria
1476 1318 1526 1361 C.
1541 1320 1636 1362 Caess·

64 1369 193 1415 saris:
225 1377 406 1424 caeterae,
427 1371 538 1413 duce
554 1378 597 1413 te
611 1379 758 1428 gestae‚
779 1386 948 1427 magnae
963 1372 1049 1413 illae
1069 1372 1260 1428 quidem,
1276 1375 1354 1416 sed
1371 1381 1514 1417 tamen
1528 1377 1636 1419 mul-

63 1432 110 1468 to
137 1434 382 1485 magnoque
415 1427 642 1480 comitatu3
671 1428 798 1485 hujus
835 1435 981 1470 autem
1013 1428 1073 1470 rei
1107 1436 1153 1470 tu
1184 1429 1299 1472 idem
1329 1437 1372 1472 et
1398 1432 1484 1473 dux
1516 1448 1562 1475 es
1591 1439 1637 1475 et

62 1498 229 1536 comes;
265 1500 361 1548 quae
389 1484 564 1541 quidem
602 1492 722 1527 tanta
761 1492 841 1537 est,
872 1491 921 1527 ut
949 1485 1118 1542 tropaeis
1154 1487 1517 1546 monimentisque
1547 1490 1679 1537 tuis5

62 1540 242 1584 allatura
262 1548 319 1583 Sit
339 1542 468 1584 finem
489 1548 614 1594 aetasg
647 1542 771 1597 (nihil
798 1542 913 1584 enim
940 1550 1005 1584 est
1032 1557 1159 1598 opere
1190 1551 1266 1586 aut
1294 1559 1424 1586 manu
1453 1546 1632 1602 factum,

95 1598 181 1641 uod
225 1598 457 1655 aliquando
497 1613 584 1641 non
626 1598 830 1641 conficiat
864 1606 908 1641 et
944 1608 1170 1642 consumat
1207 1606 1442 1652 vetustas):
1483 1610 1529 1645 at
1562 1618 1632 1646 ve-

60 1669 79 1710 r
143 1655 237 1698 haec
271 1662 346 1698 tua
378 1655 551 1713 justitia
584 1662 632 1720 'et
662 1656 817 1699 lenitas
853 1656 982 1698 animi
1017 1657 1216 1700 florescet
1249 1658 1443 1716 quotidie
1478 1661 1633 1721 magis,

87 1821 229 1868 ‘rebus
240 1826 361 1867 veris.
394 1824 603 1868 ssvultwn.
631 1824 1032 1868 ”commemoranda
1067 1825 1342 1868 immeo-avit.
1375 1824 1601 1870 Hiber-asti.

59 2041 191 2082 obstrepi,
215 2040 338 2082 passive
354 2045 488 2084 sumpta,
510 2040 645 2072 insolens
661 2051 697 2073 ac
710 2040 821 2083 parum

59 2084 173 2116 usitata
187 2085 239 2116 sit.

103 2129 158 2159 46.
183 2127 333 2168 Quidquid
348 2128 441 2170 bella]
487 2127 550 2158 Hic
564 2127 649 2158 locus
664 2127 703 2158 ab
718 2127 821 2158 Ennio

60 2172 245 2212 desumptus
258 2177 316 2207 est,
339 2171 393 2212 qui
406 2172 451 2202 sic
467 2171 592 2208 cecinit,

127 2214 258 2249 Quorum
273 2216 380 2246 virtuti
393 2215 458 2246 belli
462 2213 593 2256 fortuna
600 2215 737 2254 pepercit:

58 2258 92 2290 id
108 2262 166 2294 est,
189 2258 243 2299 qui
257 2257 288 2288 in
304 2258 387 2288 bello
402 2268 463 2288 non
477 2257 667 2288 interierunt.

101 2303 156 2334 48.
179 2300 340 2343 Parietes]
393 2301 566 2332 Translatio
592 2301 611 2331 εἰ
636 2300 726 2331 rebus
756 2299 822 2331 ani·

61 2344 162 2381 matis,
187 2345 226 2375 ad
243 2355 291 2375 res
305 2343 500 2380 inanimatas,
527 2344 638 2385 quibus
653 2354 761 2374 seusus
780 2344 820 2374 ad

59 2387 198 2419 laetitiam
215 2387 451 2428 significandam
465 2388 657 2419 conceditur.

103 2430 152 2462 lb.
175 2430 411 2472 Mediugfidius]
471 2430 523 2461 De
547 2432 606 2462 hoc
631 2430 749 2460 dictum
775 2433 822 2460 est

60 2484 118 2515 pro
131 2473 265 2510 Milone,
289 2484 396 2515 parag.
411 2476 463 2504 16.
480 2479 546 2504 not.
561 2474 613 2504 ad.
627 2473 646 2503 l.
661 2474 692 2503 9.

104 2518 157 2548 50.
179 2516 240 2548 Illa
255 2517 440 2558 auctoritas]
485 2516 645 2548 Restituto
668 2515 821 2547 Marcello

60 2558 79 2590 εὶ
102 2559 238 2600 Caesare,
259 2560 428 2592 restituitur
449 2560 579 2601 pristina
604 2558 727 2591 senatos
748 2569 822 2590 auc-

60 2601 187 2641 tortian
223 2613 294 2645 quae
330 2610 470 2645 tempore
507 2604 654 2634 bellorum
682 2602 821 2633 civilium

61 2644 154 2686 plane
163 2644 317 2685 jacuerat.

105 2689 158 2719 51.
183 2687 218 2719 C.
232 2687 395 2730 Marcelli-J
438 2689 593 2729 Loquitur
611 2689 652 2720 de
667 2688 819 2720 Marcello

60 2731 164 2768 fratre,
190 2731 246 2772 qui
263 2732 394 2773 supplex
417 2734 457 2764 ad
484 2732 638 2765 Caesarem
662 2733 758 2769 venit,
786 2737 822 2763 ut

63 2784 118 2817 pro
134 2775 193 2805 hoc
206 2774 357 2818 Marcello
372 2776 601 2816 deprecaretur.

110 2821 138 2849 1.
162 2817 252 2849 Hunc
273 2823 307 2848 tu
330 2819 425 2860 igitur
446 2819 547 2860 diem]
603 2819 725 2852 Laudat
752 2819 821 2852 Cte-

863 2052 963 2073 sarem
980 2042 998 2072 εἰ
1013 2041 1137 2083 proprio
1152 2042 1328 2074 clementiae
1343 2052 1408 2073 suae
1423 2041 1518 2080 facto,
1541 2043 1630 2085 quod

864 2086 998 2116 victoriis
1027 2087 1281 2126 anteponendum
1315 2091 1375 2123 est,
1409 2086 1483 2126 quia
1516 2086 1630 2118 multos

864 2128 993 2159 comites
1007 2128 1204 2159 victoriarum
1219 2129 1325 2165 habet,
1348 2127 1450 2160 nullos
1469 2127 1543 2160 vert)
1563 2129 1630 2162 cle·

867 2172 1002 2206 mentiae,
1024 2181 1086 2211 qua
1099 2172 1195 2212 ipsius
1208 2177 1273 2202 tota
1284 2177 1342 2204 est.

911 2214 960 2246 Ib.
986 2213 1056 2244 Tuis
1066 2214 1341 2256 gratulationibus]
1386 2213 1472 2245 Ante
1487 2214 1569 2246 bella
1583 2215 1629 2247 ci·
1643 2220 1649 2225 '

867 2257 950 2294 vilia,
973 2267 1029 2297 pro
1044 2259 1134 2288 rebus
1149 2258 1281 2289 feliciter
1296 2256 1389 2299 gestis
1405 2258 1436 2289 in
1448 2257 1564 2294 Gallia,
1579 2259 1628 2290 di-

865 2311 949 2331 erum
981 2301 1021 2331 25
1045 2301 1266 2341 gratulationes
1295 2311 1350 2331 seu
1381 2300 1627 2342 supplicationes

865 2344 981 2375 Caesari
1003 2344 1138 2375 decretae
1159 2350 1241 2380 sunt,
1263 2344 1348 2384 quod
1372 2344 1449 2374 nulli
1463 2343 1535 2375 ante
1551 2355 1627 2376 con·

865 2388 988 2427 tigerat,
1003 2391 1037 2417 ut
1049 2387 1116 2428 ipse
1129 2388 1183 2423 ait,
1199 2388 1251 2418 lib.
1266 2389 1296 2417 2.
1313 2385 1386 2418 bell.
1397 2386 1478 2418 civil.
1495 2392 1538 2423 et,
1549 2398 1627 2419 con-

863 2430 952 2461 sectis
983 2429 1071 2461 bellis
1098 2430 1249 2468 civilibus,
1275 2430 1394 2461 dierum
1420 2432 1474 2461 40.
1504 2435 1538 2462 ut
1559 2429 1625 2461 Dio

863 2473 967 2510 refert,
984 2473 1037 2503 lib.
1052 2477 1082 2504 2.
1168 2511 1170 2513 .

907 2517 938 2547 5.
974 2516 1122 2558 'si-opacis]
1178 2515 1230 2547 De
1256 2515 1304 2547 his
1329 2515 1448 2547 dictum
1474 2515 1563 2549 Orat.
1592 2516 1625 2547 in

865 2558 1024 2595 Pisonem,
1040 2570 1161 2600 paragr.
1174 2561 1225 2591 15.
1238 2564 1302 2590 not.
1317 2559 1356 2589 ad
1377 2559 1397 2590 l.
1408 2560 1462 2591 36.

908 2602 958 2633 Ib.
979 2602 1245 2645 Monimentisque.]
1283 2602 1515 2632 Monimentum
1527 2611 1626 2642 gene-

863 2645 967 2676 raliter
987 2655 1034 2676 res
1057 2651 1105 2676 est
1127 2646 1281 2677 meinoriae
1302 2644 1397 2676 causa
1413 2644 1444 2674 in
1466 2650 1624 2685 posterum

862 2689 997 2729 prodita,
1021 2688 1052 2719 in
1067 2688 1130 2730 qua
1152 2689 1177 2720 si
1199 2699 1310 2730 corpus
1325 2687 1484 2723 inseratur,
1506 2687 1561 2718 fiet
1575 2698 1624 2719 se-

863 2731 1025 2773 pulcrum3
1052 2731 1078 2763 si
1089 2731 1165 2762 nihil
1180 2732 1251 2771 erit,
1271 2730 1493 2762 monimentum
1507 2741 1626 2762 memo-

865 2775 916 2806 riae
927 2774 1022 2806 caus&
1035 2776 1151 2806 sactum
1166 2780 1223 2806 cst.
1617 2788 1620 2790 v

910 2822 941 2854 8,
964 2818 1034 2850 Haec
1049 2824 1099 2850 tua
1115 2819 1238 2859 justitia
1258 2822 1285 2847 et
1308 2816 1437 2858 lenitas]
1483 2814 1627 2859 Uimque

1143 2861 1168 2901 2
1203 2874 1225 2900 s:
1257 2861 1285 2900 2
