1858 3095
719 161 810 195 eno
835 160 1045 195 MURENA.
1654 156 1732 201 133

91 252 159 280 am
182 253 257 296 spe
280 244 408 296 atque
428 238 579 281 animis
602 238 751 280 inflata
769 242 953 296 peteret)
983 237 1187 280 mediocri
1225 237 1455 280 certamine
1488 244 1531 280 et
1557 251 1650 297 par-

87 294 143 337 va
175 296 448 338 dimicatione
471 295 745 337 commissam
776 295 1019 336 arbitraris?
1080 295 1212 337 Mitto
1240 294 1411 352 proelia;
1443 301 1648 350 praetereo

87 354 434 409 oppugnationes
465 352 745 408 oppidorum:
788 353 992 407 expulsus
1033 367 1162 409 regno
1196 352 1368 393 tandem
1397 351 1646 408 aliquando,

85 409 250 451 tantum
282 418 423 451 tamen
444 408 626 450 consilio
659 418 788 464 atque
821 409 1076 450 auctoritate
1104 409 1248 459 valuit,
1280 415 1326 449 ut
1353 422 1411 457 se,
1445 423 1543 465 rege
1566 409 1646 450 Ar·

87 466 324 507 meniorum
356 465 576 521 adjuncto,
613 465 733 506 novis
767 465 921 521 opibus
957 465 1179 522 copiisque
1208 463 1434 505 renovarit.
1495 467 1576 514 Ac,
1606 464 1642 507 si
1661 472 1717 512 50

82 522 186 562 mihi
218 536 331 563 nunc
359 522 411 562 de
441 522 565 562 rebus
594 521 728 578 gestis
763 529 877 563 esset
907 522 1040 563 nostri
1062 521 1274 563 exercitus
1294 521 1644 578 imperatorisque

85 577 329 627 dicendum,
351 578 530 633 plurima
551 586 593 620 et
613 578 798 619 maxima
819 579 968 634 proelia
989 591 1318 619 commemorare
1341 591 1536 632 possem:
1565 580 1642 620 sed

85 648 172 674 non
193 633 236 674 id
258 634 451 691 agimus:
484 635 567 676 hoc
588 636 707 676 dico:
739 634 773 675 si
796 635 952 675 bellum
976 635 1074 683 hoc,
1097 633 1133 674 si
1156 634 1225 674 hic
1246 633 1398 683 hostis,
1421 633 1457 673 si
1478 633 1550 674 ille
1567 649 1642 676 rex

82 691 421 731 contemnendus
443 691 615 742 fuisset3
647 705 786 746 neque
801 690 921 731 tanta
941 689 1043 731 cura
1059 696 1233 730 senatus
1249 697 1293 730 et
1309 690 1492 745 populus
1510 689 1639 732 Rom.

78 746 397 802 suscipiendum
411 747 620 803 putasset,
639 762 776 803 neque
794 754 858 788 tot
873 761 1009 788 annos
1026 746 1245 803 gessisset,
1260 760 1399 801 neque
1414 746 1535 787 tanta
1548 747 1638 803 glo-
1655 752 1711 794 55

77 801 142 842 riz'i
164 803 210 843 L.
231 803 421 852 Luculli3
453 818 590 859 neque
609 802 708 844 vero
732 804 824 858 ejus
845 803 945 844 belli
967 802 1226 844 conficiendi
1247 816 1392 843 curam
1413 809 1531 844 tanto
1549 810 1639 845 stu-

77 858 148 899 dio
183 860 364 916 populus
400 859 621 901 Romanus
657 860 711 900 ad
745 859 825 900 Cn.
863 859 1116 915 Pompeium
1148 858 1397 908 detulisset3
1430 860 1551 915 cujus
1585 874 1639 902 ex

77 916 277 957 omnibus
298 916 469 973 pugniS,
501 932 596 973 quae
627 923 728 957 sunt
758 916 1103 966 innumerabiles,
1139 916 1205 957 vel
1228 915 1432 956 acerrima
1451 915 1557 956 mihi
1578 916 1638 957 vi-

78 971 203 1012 detui·
237 972 323 1023 illa,
355 988 451 1028 quae
474 988 572 1014 cum
592 988 690 1027 rege
714 973 944 1013 commissa
965 981 1043 1021 est,
1079 979 1122 1014 et
1142 971 1309 1012 summa
1335 972 1636 1014 acontentione

79 1036 283 1084 pugnata.
339 1029 437 1078 Qua
454 1044 505 1071 ex
520 1033 666 1086 pugna
683 1029 781 1070 cum
798 1045 843 1070 se
861 1030 930 1070 ille
953 1029 1195 1086 eripuisset,
1219 1036 1261 1069 et
1278 1028 1518 1084 Bosporum
1535 1044 1634 1070 con·
1654 1034 1709 1077 60

77 1084 275 1142 fugisset,
296 1084 384 1142 quo
399 1088 610 1127 exercitus
627 1086 741 1127 adire
762 1100 847 1127 non
866 1093 1026 1142 posset,
1042 1085 1171 1127 etiam
1192 1085 1236 1125 in
1257 1084 1448 1126 extrema
1465 1085 1637 1127 fortun&

78 1148 121 1182 et
152 1142 257 1198 fugfi
285 1157 440 1184 nomen
477 1151 618 1184 tamen
646 1142 822 1184 retinuit
851 1143 1029 1199 regium.
1089 1142 1241 1197 Itaque
1269 1141 1362 1197 ipse
1384 1141 1637 1198 Pompeius,

76 1211 208 1254 regno
228 1213 442 1254 possesso,
467 1213 518 1240 ex
542 1200 738 1240 omnibus
761 1199 846 1239 oris
867 1214 917 1240 ac
939 1199 1052 1240 notis
1073 1199 1246 1240 sedibus
1269 1198 1392 1238 hoste
1412 1199 1550 1254 pulso,
1573 1205 1636 1240 ta-

76 1268 173 1295 men
207 1254 371 1296 tantfun
404 1255 446 1295 in
479 1256 604 1296 unius
635 1254 803 1296 banima
837 1256 994 1311 posuit,
1029 1262 1087 1305 ut,
1121 1254 1218 1296 cum
1249 1254 1404 1304 omnia,
1437 1270 1532 1310 quae
1563 1255 1634 1296 ille

74 1317 280 1360 tenuerat,
311 1311 488 1361 adierat,
519 1312 722 1367 sperarat,
753 1311 933 1352 victoria
953 1311 1211 1366 possideret3
1247 1317 1498 1352 tamennon
1519 1310 1632 1362 ante,
1653 1315 1708 1357 65

75 1366 206 1422 quam
237 1367 359 1407 illum
383 1367 472 1408 vita
507 1368 711 1424 cexpulit,
749 1368 908 1409 bellum
941 1367 1187 1408 confectum
1213 1366 1433 1423 judicarit.
1506 1367 1636 1410 Hunc

75 1429 121 1464 tu
142 1422 326 1475 hostem,
359 1424 484 1473 Cato,
515 1424 769 1473 contemnis,
805 1439 993 1480 quocum
1014 1439 1088 1480 per
1107 1430 1173 1464 tot
1193 1438 1342 1475 annos,
1372 1429 1439 1464 tot
1459 1423 1634 1478 proeliis,

71 1485 137 1521 tot
158 1479 434 1536 imperatores
454 1481 566 1522 bella
587 1483 840 1538 gesserunt?
871 1482 994 1537 cujus
1014 1479 1181 1536 expulsi
1203 1487 1247 1521 et
1266 1479 1395 1536 ejecti
1417 1479 1504 1521 vita
1524 1480 1635 1522 tanti

73 1536 285 1578 aestimata
304 1545 383 1586 est,
414 1544 475 1589 ut,
508 1546 643 1580 morte
665 1538 757 1593 ejus
778 1537 987 1588 nuntiate,
1019 1544 1110 1578 tum
1141 1537 1326 1593 denique
1353 1536 1511 1578 bellum
1532 1535 1635 1579 con-

74 1593 236 1634 fectum
257 1594 551 1648 [arbitraretur
564 1595 600 1649 ζ’]
649 1595 746 1635 Hoc
767 1594 896 1649 igitur
917 1594 960 1634 in
981 1594 1094 1635 bello
1117 1593 1164 1634 L.
1187 1593 1428 1644 Murenam,
1444 1593 1635 1650 legatum
1653 1599 1708 1641 70

72 1649 292 1691 fortissimi
327 1650 473 1702 animi,
505 1651 660 1692 summi
693 1651 872 1699 consilii,
903 1650 1077 1691 maximi
1107 1649 1278 1699 laboris,
1310 1649 1533 1706 cognitum
1569 1666 1635 1692 es-

73 1721 118 1748 se
136 1707 426 1759 defendimus3
462 1715 506 1750 et
538 1709 652 1750 hauc
683 1709 775 1764 ejus
807 1722 978 1765 operam
1011 1722 1098 1750 non
1127 1705 1268 1748 minus
1289 1706 1343 1749 ad
1364 1707 1636 1751 consulatum

239 1884 423 1920 'summo
440 1879 590 1920 labore.
822 1878 943 1919 britti.
1177 1879 1329 1932 ccoegit
1346 1879 1464 1919 mori.

114 2024 168 2054 49.
193 2021 272 2063 Rege
292 2023 520 2065 Armeniorum]
564 2024 713 2065 Tigranes
739 2035 833 2065 gener
920 2026 971 2056 66.
1000 2024 1065 2055 Vied
1093 2024 1229 2064 expulit]
1281 2023 1332 2055 Sic
1369 2024 1410 2054 de
1443 2023 1637 2055 Mithridatia

66 2065 127 2096 suit
144 2065 347 2102 Mithridatis,
374 2072 406 2096 et
434 2078 485 2096 rex
515 2066 682 2102 Armeniae,
706 2069 758 2108 qui
775 2079 832 2097 no·
876 2073 973 2098 morte
1001 2067 1109 2098 scribit
1135 2067 1300 2108 Appianus
1317 2078 1327 2097 ε
1383 2066 1519 2097 Extrema
1530 2067 1638 2107 fortu-

69 2107 169 2138 luerat
183 2109 362 2139 societatem
378 2109 454 2139 inire
469 2119 538 2140 cuin
555 2120 674 2146 socero,
697 2120 746 2146 nc,
771 2110 832 2140 suis
876 2110 914 2139 πά
948 2112 1111 2151 exagitatus
1145 2110 1332 2139 Mithridates
1365 2119 1502 2140 venenum
1535 2115 1638 2148 tempe-

69 2150 183 2180 viribus
197 2157 316 2187 auctus,
338 2151 467 2182 nimium
483 2157 645 2188 cresceret,
670 2158 702 2182 et
720 2153 832 2183 afflicto
875 2154 963 2188 ravit,
997 2153 1072 2192 quod
1101 2153 1133 2182 in
1159 2153 1256 2193 gladii
1287 2153 1388 2191 capulo
1414 2151 1528 2182 assidue
1555 2161 1638 2193 gere-

71 2194 183 2224 adfuit.
879 2196 948 2232 bat;
977 2206 1010 2225 eo
1038 2201 1134 2225 autem
1155 2195 1286 2235 extingui
1309 2205 1368 2224 mm
1385 2195 1490 2233 potuit,
1513 2200 1542 2225 et
1563 2194 1640 2234 quod

113 2238 167 2267 58.
203 2237 275 2270 Quae
303 2243 372 2267 sunt
398 2237 647 2277 innumerabiles]
705 2238 836 2274 Plinius,
880 2237 1016 2269 continuo
1040 2238 1217 2273 ambulabat,
1251 2243 1277 2267 et
1302 2237 1378 2276 quod
1407 2237 1641 2267 medicaminibus

69 2278 124 2311 lib.
146 2282 180 2315 7,
203 2290 273 2319 cap.
292 2281 345 2315 26,
369 2281 457 2316 dicii,
482 2280 666 2320 Pompeium
697 2281 836 2322 aequiisse
880 2282 919 2310 ad
939 2281 1115 2320 prohibenda
1138 2290 1245 2310 venena
1266 2286 1394 2310 assuetus
1415 2285 1490 2315 erat,
1517 2290 1578 2320 quae
1603 2279 1639 2310 ab

70 2332 131 2352 non
169 2321 261 2352 inodo
301 2323 471 2354 Alexandri
501 2323 613 2363 Magni
644 2334 743 2353 rerum
773 2323 831 2354 fnl-
875 2334 906 2354 eo
921 2323 974 2353 hac
988 2333 1095 2364 quoque
1108 2328 1191 2353 aetate
1213 2322 1420 2352 Mithridatico
1441 2323 1639 2361 appellantur.

72 2375 187 2405 gorem,
211 2366 266 2396 sed
287 2366 380 2396 etiam
408 2366 548 2397 Herculis
565 2366 661 2407 prope
677 2376 712 2397 ac
729 2366 832 2397 Liberi
876 2366 989 2396 Fortem
1018 2368 1112 2407 igilur
1139 2372 1166 2396 et
1188 2371 1338 2395 strenuum
1366 2365 1514 2395 Celtarum
1538 2365 1641 2396 ducem

71 2407 177 2448 patris.
876 2409 1009 2439 Bithium
1023 2414 1119 2450 rogat,
1135 2414 1169 2438 ut
1183 2409 1265 2438 illam
1278 2414 1446 2447 postremam
1461 2409 1513 2438 sibi
1524 2413 1640 2448 praestet

115 2451 168 2480 60.
192 2451 374 2492 Bosporum]
423 2452 582 2492 Bosporus
604 2456 650 2481 est
672 2457 835 2491 angustum
879 2462 1003 2492 operam,
1026 2457 1061 2482 ut
1081 2461 1109 2481 se
1130 2452 1311 2491 interficeret,
1333 2461 1379 2486 ne,
1400 2452 1480 2481 vivus
1494 2452 1642 2481 inmanus

71 2492 194 2529 fretum,
223 2504 280 2535 per
309 2495 393 2534 quod
425 2495 552 2525 Maentis
577 2494 671 2524 Palus
692 2494 724 2524 iu
754 2494 837 2524 Pon·
879 2495 1077 2525 Romanorum
1112 2496 1234 2529 veniens,
1271 2495 1310 2523 od
1339 2493 1519 2532 triumphum
1545 2503 1640 2523 serva-

72 2541 136 2565 tum
165 2536 284 2575 inssuit3
314 2537 552 2578 appellaturque
576 2536 771 2573 Cimmerius,
795 2538 835 2568 ad
878 2543 970 2568 retur.
1014 2537 1207 2577 Illacrymans
1229 2536 1310 2567 Celta
1326 2535 1529 2567 Mithridatem
1540 2536 1641 2576 gladio

73 2578 303 2610 distinctionem
326 2579 452 2611 Thracii
477 2582 515 2610 ad
541 2580 775 2611 Chalcedonem
805 2585 838 2610 et
879 2582 1004 2611 necavit.

72 2620 276 2661 Byzantium.
324 2622 484 2664 Bosporus
507 2631 610 2654 autem
632 2623 651 2652 ὲ
667 2623 740 2654 bovis
755 2633 838 2654 mea-
925 2626 978 2654 68.
1003 2622 1054 2653 Tot
1079 2621 1286 2662 imperatores]
1346 2621 1399 2652 Ad
1422 2619 1499 2650 illud
1523 2618 1642 2649 bellum

72 2663 128 2692 bili
142 2664 271 2694 transitu
284 2665 459 2696 nominatus
471 2671 528 2697 est.
581 2666 723 2705 Bosporus
745 2666 840 2697 etiam
881 2665 1082 2706 imperatores
1096 2665 1227 2706 profecti
1249 2669 1321 2696 sunt
1342 2665 1379 2694 L.
1396 2662 1496 2704 Sylla,
1518 2661 1554 2692 L.
1567 2661 1644 2692 Mu-

73 2706 158 2736 urbis
172 2716 287 2737 nornen
300 2713 348 2738 est
363 2709 395 2738 in
408 2709 542 2740 Thracio
556 2708 659 2744 litore,
682 2708 734 2739 ubi
758 2719 840 2738 mare
882 2719 958 2738 rena
973 2707 1062 2749 liujus
1077 2714 1177 2750 pater,
1200 2708 1236 2739 L.
1254 2707 1411 2744 Lucullum
1434 2710 1467 2736 et
1477 2704 1537 2737 Cn.
1549 2703 1646 2736 Pom-

73 2758 137 2778 non
154 2749 278 2780 excedit
291 2749 456 2784 latitudine
470 2752 526 2783 suit
539 2751 672 2793 spatium
689 2751 840 2794 quingen·
884 2751 985 2792 peius-

77 2796 175 2823 torum
191 2802 353 2833 passuum.

1249 2850 1275 2875 Ο
