1790 3090
191 181 213 207 A
237 187 266 205 ¹¹¹
979 177 1046 215 viii

382 412 482 450 Acta
519 410 701 448 Clodiana
738 408 901 447 rescidit.
970 406 1139 445 Tulliam
1175 406 1293 443 filiam
1323 403 1533 453 Crassipedi
1568 404 1632 441 de-

435 463 636 514 sponsavit.
693 461 802 500 Orat.
822 474 889 512 pro
910 459 1038 497 Sextio
1057 459 1203 503 habuit,
1222 466 1261 496 et
1290 456 1634 506 Interrogationem

432 518 473 554 in
493 515 704 553 Vatinium.

65 568 140 613 698
182 573 226 605 11
293 570 340 604 51
382 567 538 618 Scripsit
569 567 683 605 libros
709 571 731 603 3
758 566 803 603 de
824 564 989 602 Oratore
1004 579 1015 609 3
1045 572 1083 601 et
1109 562 1133 600 6
1162 562 1208 599 de
1237 560 1457 611 Republica,
1477 561 1543 611 qui
1571 560 1632 597 in-

432 621 630 658 terierunt.
687 619 913 656 Orationem
931 616 1065 654 habuit
1084 616 1125 652 in
1146 614 1331 651 Pisonem.

66 672 143 717 699
183 676 231 709 10
293 676 342 710 52
364 673 450 711 'Cn.
478 672 676 710 Plancium
709 670 870 709 ambitus
897 683 1004 706 reum
1033 667 1213 704 defendit.
1270 665 1427 716 Scripsit
1446 666 1495 704 ad
1527 665 1630 702 Len-

430 725 557 762 tulum
583 725 737 774 longam
762 722 869 759 illam
896 720 1091 770 epistolam
1119 718 1205 756 Lib.
1237 723 1272 763 1,
1304 719 1441 757 Famil.
1466 719 1635 767 itemque

435 777 521 814 illas
544 777 592 814 ad
620 775 854 813 Trebatium.
908 774 951 809 C.
973 771 1171 810 ‘Rabirium
1200 770 1424 810 Postumum
1453 769 1635 808 defendit.

68 831 145 871 ’700
192 833 218 871 9
294 831 343 865 53
382 829 569 879 Epistolas
588 828 636 866 ad
655 828 859 865 Curionem
878 825 1035 874 scripsit.

68 884 139 922 701
195 884 216 916 8
294 884 346 917 54
383 881 606 918 Orationem
623 879 758 917 habuit
776 892 842 928 pro
863 878 911 916 T.
930 878 1061 913 Annio
1082 875 1240 914 Milone.

68 937 92 974 7
96 935 144 969 02
195 936 218 974 7
295 936 343 969 55
382 933 678 971 Ariobarzanem
716 931 921 982 juniorem,
976 942 1105 979 regem
1148 928 1402 979 Cappadociae,
1454 927 1634 966 restituit.

436 985 641 1022 Proconsul
676 984 717 1021 in
761 982 991 1032 provinciam
1027 981 1200 1018 Ciliciam
1237 981 1439 1031 profectus,
1474 980 1634 1017 Parthos

434 1045 473 1074 et
500 1037 645 1074 Arabas
676 1035 724 1074 ad
753 1036 948 1072 Amanum
979 1040 1147 1070 montem
1175 1032 1338 1070 feliciter
1371 1032 1522 1077 devicit,
1556 1031 1636 1068 Im-

436 1096 586 1138 perator
630 1089 677 1125 ab
721 1087 889 1124 exercitu
935 1086 1132 1123 salutatus.
1188 1084 1368 1134 Epistolae
1407 1085 1535 1135 primae
1570 1082 1636 1120 lib.

441 1145 500 1185 15,
521 1148 558 1177 et
579 1140 691 1177 Coelii
719 1139 767 1176 ad
786 1138 862 1176 Cic.
890 1138 954 1175 lib.
984 1142 1019 1181 8,
1039 1144 1078 1175 et
1106 1137 1154 1174 ad
1173 1137 1337 1175 Coelium
1363 1136 1430 1175 lib.
1458 1141 1496 1181 2,
1524 1141 1563 1173 et
1591 1134 1639 1172 ad

438 1192 608 1241 Appium
629 1188 838 1228 Pulchrum
855 1191 920 1227 lib.
941 1194 978 1233 3,
999 1197 1169 1226 exaratae.

74 1246 148 1285 703
200 1243 224 1281 6
300 1242 351 1280 56
388 1244 526 1280 Filiam
545 1257 651 1280 suam
672 1242 841 1279 Tulliam
859 1241 1014 1278 viduam
1034 1241 1242 1279 Dolabellae
1261 1241 1510 1290 desponsavit.

74 1298 151 1338 704
200 1300 224 1333 5
301 1298 350 1337 57
390 1295 593 1333 Proconsul
629 1295 797 1343 Capuam
845 1300 958 1342 atque
1004 1306 1109 1330 oram
1153 1293 1384 1330 maritimam
1430 1290 1643 1341 Campaniae

441 1347 632 1391 obtinuit,
664 1347 749 1383 cum
786 1345 917 1388 Caesar,
959 1344 1156 1393 Hispaniis
1192 1345 1394 1393 occupatis,
1436 1343 1647 1381 Massiliam

441 1397 706 1449 expugnasset.
775 1397 934 1447 Epistol.
970 1397 1036 1434 lib.
1068 1401 1105 1442 7,
1141 1400 1177 1441 8,
1210 1401 1248 1441 9,
1285 1400 1346 1441 10,
1383 1395 1432 1434 ad
1469 1395 1646 1433 Atticum

444 1451 603 1500 scripsit.

78 1506 155 1546 705
206 1507 231 1541 4
307 1507 356 1541 58
395 1502 626 1552 Dyrrhachii
643 1502 732 1546 fuit,
753 1503 839 1540 cum
857 1501 1033 1550 proelium
1054 1500 1313 1539 Pharsalicum
1339 1500 1443 1539 inter
1461 1500 1645 1538 Caesarem

446 1563 484 1593 et
505 1554 726 1604 Pompeium
745 1554 1055 1591 committeretur.

81 1605 159 1650 706
208 1612 231 1645 3
309 1611 359 1651 59
396 1607 591 1645 Brundisii
627 1607 808 1644 Caesarem
844 1605 1024 1643 victorem
1064 1619 1111 1643 ex
1146 1605 1316 1657 AEgypto
1360 1604 1537 1644 reducem
1583 1617 1648 1642 ex-

448 1673 464 1697 s
491 1659 639 1696 ectavit.

83 1715 158 1755 707
209 1716 232 1750 2
311 1710 361 1750 60
397 1674 673 1748 Adeaesarem
701 1713 911 1748 orationem
937 1709 1072 1747 habuit
1098 1723 1166 1759 pro
1197 1709 1254 1746 M.
1282 1709 1488 1747 Marcello.¹
1517 1708 1653 1747 Libros

448 1764 610 1812 reliquos
631 1762 825 1800 Oratorios
843 1762 1009 1811 scripsit:
1038 1762 1132 1799 item
1149 1761 1233 1799 illos
1252 1761 1298 1799 de
1318 1760 1501 1806 Finibus;
1532 1761 1647 1808 Quae-

450 1816 587 1853 stiones
606 1815 848 1852 Academicas
863 1822 901 1852 et
917 1814 1162 1857 Tusculanas,
1177 1821 1216 1851 et
1230 1814 1277 1851 de
1290 1813 1442 1851 Natura
1459 1812 1644 1851 Deorum.

451 1867 639 1917 Epistolas
675 1867 820 1916 scripsit·
855 1867 903 1904 ad
940 1866 1178 1916 Torquatum
1214 1873 1254 1904 et
1290 1865 1488 1904 Caecinam.
1554 1865 1654 1903 Cum

452 1919 631 1957 Terentia
650 1919 854 1955 divortium
871 1918 972 1955 fecit.

85 1974 160 2014 708
215 1976 233 2008 1
312 1971 358 2010 61
399 1971 610 2021 Virginem,
639 1971 791 2008 nomine
837 1970 1053 2014 Publiliam,
1099 1982 1255 2007 uxorem
1296 1969 1419 2008 duxit.
1484 1967 1656 2006 Tulliam

451 2023 569 2060 filiam
601 2023 725 2060 amisit
756 2030 869 2072 partu
900 2022 1119 2060 extinctam.
1186 2021 1307 2059 Paulo
1338 2021 1420 2071 post
1449 2023 1651 2072 conjugem

454 2075 657 2113 Publiliam
677 2075 830 2112 dimisit.
887 2074 1090 2111 Orationes
1116 2086 1184 2122 pro
1201 2073 1372 2124 Ligario,
1393 2080 1432 2110 et
1457 2086 1525 2122 pro
1547 2073 1652 2122 Rege

189 2137 262 2162 Anu.
453 2127 648 2172 Deiotaro,
677 2127 811 2164 habuit
837 2126 883 2164 ad
902 2126 1096 2170 Caesarem,
1116 2125 1182 2175 qui
1209 2127 1278 2163 sub
1305 2125 1346 2162 id
1372 2132 1534 2175 tempus,
1562 2124 1654 2162 anni

189 2168 256 2225 32⁶1]
452 2179 612 2216 formam
631 2179 830 2215 ordinavit.

88 2235 165 2276 709
218 2236 235 2268 l
315 2230 365 2270 62
404 2231 492 2269 Post
530 2231 683 2268 Caesaris
719 2231 853 2267 caedem
900 2229 1030 2267 Idibus
1074 2227 1227 2266 Martiis
1262 2227 1416 2272 factam,
1446 2228 1561 2265 libros
1604 2228 1653 2265 de

454 2283 628 2320 Divinat.
649 2290 686 2320 et
701 2283 746 2320 de
766 2282 863 2319 Fato
881 2282 1038 2330 scripsit.
1088 2281 1262 2318 Athenas
1274 2281 1322 2317 ad
1336 2280 1460 2317 filium
1479 2279 1656 2317 Marcum

454 2336 716 2385 navigaturus,
748 2341 937 2381 ventoque
973 2334 1126 2369 adverso
1163 2332 1204 2368 in
1235 2332 1388 2369 Italiam
1419 2333 1593 2382 rejectus,
1611 2331 1655 2368 in

456 2386 591 2423 itinere
619 2385 779 2423 confecit
808 2384 998 2434 Epistolas
1025 2384 1072 2421 ad
1101 2383 1277 2420 Atticum
1304 2383 1370 2421 lib.
1399 2382 1460 2428 16,
1486 2387 1655 2433 itemque

457 2438 599 2487 Topica
626 2438 673 2475 ad
701 2437 946 2474 Trebatium:
978 2435 1211 2485 Romamque
1228 2448 1411 2480 reversus,
1433 2439 1456 2472 3
1475 2435 1589 2473 libros
1608 2435 1656 2472 de

458 2490 616 2535 Officiis,
636 2488 734 2533 cum,
760 2496 848 2526 ante
875 2489 954 2534 hos,
982 2487 1121 2525 librum
1140 2500 1288 2537 quoque
1312 2488 1359 2525 de
1388 2486 1592 2526 Senectute
1610 2487 1661 2525 ad

458 2542 634 2579 Atticum
652 2541 868 2590 scripsisset.
1536 2570 1538 2572 r

94 2600 173 2640 710
218 2597 243 2633 2
321 2593 371 2632 63
409 2594 634 2644 Philippicas
662 2594 703 2630 in
736 2593 792 2629 M.
822 2593 1038 2632 Antonium
1068 2591 1177 2630 dixit.
1232 2591 1423 2641 Epistolas
1452 2590 1502 2630 ad
1538 2591 1656 2629 Plan-

460 2659 544 2684 cum
575 2646 641 2684 lib.
673 2650 722 2682 10
752 2645 888 2683 Famil.
919 2652 959 2683 et
994 2645 1041 2683 ad
1073 2643 1126 2680 D.
1163 2643 1328 2682 Brutum
1362 2645 1428 2682 lib.
1459 2648 1499 2688 2,
1531 2651 1571 2681 et
1606 2643 1657 2680 ad

459 2698 630 2736 Cassium
657 2697 723 2735 lib.
758 2702 819 2743 12,
850 2698 970 2735 misit:
998 2697 1068 2735 sub
1094 2696 1210 2734 finem
1241 2696 1334 2734 anni
1359 2695 1384 2733 ξι
1406 2695 1549 2734 Caesare
1574 2694 1657 2733 Oc-

460 2750 561 2788 tavio
595 2750 650 2787 fil.
680 2762 794 2799 quem
828 2751 907 2788 suis
940 2749 1031 2788 ante
1072 2747 1272 2786 sententiis
1309 2755 1521 2792 ornaverat,
1565 2759 1657 2797 pro-

461 2802 643 2851 scriptus3
673 2801 789 2850 paulo
812 2800 911 2850 post,
941 2800 1105 2844 Antonii
1127 2802 1254 2855 jussu,
1278 2811 1348 2854 pel:
1376 2799 1583 2854 Popillium
1612 2798 1657 2839 in

462 2854 558 2906 fuga
574 2852 797 2895 interfectus
813 2861 887 2894 est.
998 2860 1007 2861 ‘⁷
