1790 3090
94 143 182 186 242
797 143 890 178 PRO
915 144 1076 179 COELro

167 218 435 261 manumissi
473 217 664 259 Tandem
677 217 863 275 aliquid
854 221 1109 270 invenimus,
1130 220 1247 276 quod
1263 220 1347 262 ista
1366 220 1532 272 mulier,
1555 221 1607 263 de
1629 236 1730 264 suo-

167 290 261 317 rum
281 276 629 337 propinquorum,
664 275 991 318 fortissimorum
1016 277 1215 328 vircium,
1247 275 1460 318 sententia
1480 284 1608 333 atque
1629 294 1729 321 auc-

168 333 357 382 toritate,
387 331 541 371 secisse
561 331 769 372 videatur.
831 332 918 373 Sed
949 332 1057 374 sciie
1088 333 1229 387 cupio,
1260 334 1363 389 quid
1392 334 1573 375 ehabeat
1605 349 1730 397 argu-

167 389 299 429 menti
320 388 402 428 ista
423 387 714 439 manumissio,
745 387 789 428 in
810 389 897 444 qua
924 395 997 429 aut
1025 389 1184 430 crimen
1212 397 1278 430 est
1299 390 1437 432 Coelio
1469 390 1729 445 squaesitum,

92 444 149 486 35
168 452 241 485 aut
258 443 440 499 quaestio
472 444 704 492 sublevata,
739 450 813 484 aut
843 445 1072 485 multarum
1103 459 1240 485 lerum
1267 446 1452 487 consciis
1481 461 1612 487 servis
1633 461 1731 488 cum

166 500 324 541 gcansa
352 499 571 567 praemium
599 500 872 555 persolutum.
946 501 1006 541 At
1025 500 1277 556 propinquis
1298 503 1480 556 placuit!
1526 502 1612 543 Cur
1643 517 1732 544 non

165 557 368 625 placeret,
400 571 496 597 cum
527 570 615 597 rem
646 556 738 596 11ιιιι-
743 562 783 597 te
811 556 866 596 ad
898 570 987 607 eos,
1020 571 1106 597 non
1136 557 1189 597 ab
1217 556 1313 597 aliis
1340 558 1418 599 tibi
1440 559 1627 608 allatam,
1653 558 1731 599 sed

165 628 190 652 a
224 619 267 654 te
298 627 395 668 lpsa
425 620 698 675 compertam,
729 612 890 653 deferre
921 612 1111 654 diceres?
1173 613 1256 654 Hic
1285 613 1413 655 etiam
1448 615 1662 666 miramur,
1693 614 1731 655 si

164 667 283 709 illam
303 669 645 710 commenticiam
666 669 870 724 pyxidem
888 669 1215 710 obscoenissima
1235 669 1292 710 sit
1311 670 1455 711 fabula
1474 671 1732 712 consecuta?

90 724 147 766 40
167 725 284 765 Nihil
301 733 379 775 est,
402 725 546 781 quod
538 739 581 765 ιιι
599 725 809 780 ejusmodi
826 725 1044 767 mulieiem
1062 740 1148 766 non
1170 726 1321 767 cadere
1342 726 1554 767 videatur:
1587 727 1733 767 audita

166 781 229 834 [et
255 783 522 844 pervulgata]
562 788 605 822 et
636 782 925 836 peicelebrata
963 781 1230 823 sermonibus
1266 797 1331 823 res
1363 789 1441 823 est.
1501 782 1732 837 Peicipitis

165 852 334 887 animis,
362 837 550 892 judices,
575 838 846 892 jamdudum,
881 837 983 893 quid
1012 839 1154 889 velim,
1186 839 1252 879 vel
1280 838 1420 893 potius
1453 839 1557 894 quid
1583 838 1732 890 nolim,

166 892 326 933 dicere:
368 893 498 947 quod,
522 893 649 933 etiam
670 908 706 932 Sl
729 901 795 933 est
816 893 989 942 factum,
1011 894 1126 935 certe
1151 911 1176 935 a
1193 895 1330 936 Coelio
1355 909 1441 935 non
1462 901 1528 936 est
1547 895 1731 936 factum:

166 949 269 1003 quid
287 948 399 989 enim
413 949 645 988 attinebat?
677 952 762 1002 [est
779 949 910 1001 enim]
929 950 981 989 ab
1000 951 1143 1005 aliquo
1158 950 1338 991 fortasse
1353 952 1627 992 adolescente
1646 965 1732 991 non

91 1006 146 1047 45
165 1010 254 1044 tam
275 1004 468 1055 ¹insulso,
500 1019 571 1058 qu
561 1018 628 1044 arn
652 1018 737 1044 non
756 1006 1013 1045 verecundo.
1086 1006 1163 1046 Sin
1183 1013 1325 1047 autem
1346 1014 1413 1047 est
1433 1007 1606 1057 fictum3
1644 1021 1731 1047 non

165 1060 269 1101 illud
300 1061 474 1116 quidem
505 1060 761 1107 modestum,
803 1060 879 1102 sed
914 1067 1058 1101 tamen
1089 1067 1155 1101 est
1185 1076 1271 1102 non
1302 1062 1523 1102 inficetum
1558 1063 1732 1103 menda-

166 1116 307 1166 cium3
339 1116 455 1173 qnod
471 1115 664 1178 profecto
678 1131 896 1172 nunquam
912 1116 1133 1157 hominum
1146 1132 1284 1158 selmo
1302 1124 1430 1172 atque
1449 1117 1594 1173 opinio
1615 1133 1733 1159 com-

165 1172 408 1234 probasset,
438 1187 520 1213 111S1
543 1187 698 1222 omnia,
720 1188 814 1228 quae
834 1188 931 1213 cum
952 1173 1213 1229 tuipituciine
1236 1173 1381 1229 aliqua
1401 1173 1658 1226 diceientur,
1687 1174 1732 1215 in

166 1229 293 1270 istam
309 1229 517 1285 quadraie
533 1229 632 1285 apte
652 1244 677 1269 v
667 1229 910 1271 iderentur.

167 1344 293 1396 equid
306 1344 465 1396 probet.
579 1341 840 1399 ‘conflatum
931 1346 1131 1385 graffone.
1250 1343 1325 1385 hta
1344 1346 1451 1399 ipsa.
1555 1344 1733 1385 istolido.

212 1501 265 1530 31.
289 1497 491 1539 Manumissi.]
545 1497 620 1529 Non
650 1498 764 1528 licebat
794 1498 929 1529 mulieri·
1017 1500 1069 1529 35.
1108 1499 1169 1529 Aut
1198 1501 1313 1539 quffslio
1336 1500 1509 1539 sublevata]
1567 1498 1734 1530 Tormenta

167 1542 225 1572 bus
239 1552 341 1572 servos
354 1542 567 1571 manumittere
581 1542 664 1581 apud
679 1541 851 1576 Romanos,
866 1542 929 1572 sine
973 1542 1066 1571 servis
1083 1542 1230 1582 adempta
1245 1547 1326 1578 sunt,
1342 1553 1411 1583 quae
1424 1543 1499 1584 ipsis
1514 1542 1545 1572 in
1562 1542 1732 1581 quaestione

171 1590 372 1624 cognatorum
401 1583 573 1620 senten1i513
615 1584 794 1614 manumissi
828 1589 931 1614 autem
974 1584 1202 1624 infligebantur.

167 1627 301 1662 fuerant,
324 1636 363 1656 ne
387 1627 427 1656 de
450 1627 486 1656 iis
505 1626 633 1667 quaestio
657 1627 832 1662 haberetur,
855 1627 928 1667 quia
1015 1629 1067 1657 39.
1094 1626 1441 1668 Obscoenissz'mafabula.]
1482 1627 1527 1657 Ex
1544 1626 1597 1656 illa
1614 1626 1733 1668 pyxide

169 1669 258 1699 liberi
274 1669 356 1709 apud
373 1669 533 1699 Romanos
556 1680 616 1699 non
640 1670 872 1709 torquebantur,
895 1675 930 1699 ut
973 1679 1108 1700 rumores
1121 1670 1218 1711 sparsi
1233 1675 1314 1707 sunt,
1331 1671 1371 1701 de
1388 1669 1565 1711 turpissima
1578 1669 1640 1700 vita
1650 1669 1732 1701 illius

171 1722 209 1742 ex
225 1713 374 1743 Cicerone
388 1716 475 1752 patet
489 1712 521 1742 in
537 1712 771 1744 Partitionibus.
975 1711 1122 1744 mulieris.

799 1879 1106 1908 PERORATIO.

228 1998 332 2040 XII.
362 1999 521 2041 aDicta
540 2005 606 2041 est
626 2015 652 2040 a
672 2014 738 2040 me
759 2013 903 2050 causa,
917 1999 1103 2054 judices,
1126 2005 1169 2039 et
1188 2004 1395 2061 perorata.
1454 1998 1552 2039 Jam
1576 1997 1732 2040 intelli-

172 2055 289 2111 gitis,
307 2063 513 2111 quantum
522 2056 733 2111 judicium
747 2055 1010 2118 sustineatis,
1027 2062 1188 2111 quanta
1203 2070 1269 2096 les
1287 2055 1344 2096 sit
1356 2055 1583 2096 commissa
1594 2055 1733 2098 vobis.

173 2112 241 2153 De
264 2112 304 2152 vi
324 2112 535 2168 quaeritis:
570 2128 665 2168 qnae
683 2113 753 2153 lex
774 2111 858 2152 ad
849 2112 1087 2174 lmpeiiuni‚
1109 2112 1164 2152 ad
1180 2112 1463 2167 maJestatem,
1497 2112 1551 2152 ad
1573 2116 1733 2153 statum

171 2168 334 2224 patriae,
355 2169 603 2209 adsalutem
616 2168 825 2231 onmium,
847 2169 1051 2224 peitinet3
1083 2182 1211 2224 quam
1227 2169 1365 2231 legem
1382 2168 1436 2216 Q.
1453 2167 1648 2217 Catulus,
1670 2183 1733 2209 ar-

174 2225 290 2265 mata
304 2225 570 2266 dissensione
588 2225 757 2274 civium,
769 2224 954 2294 Reipub.
970 2240 1094 2280 paene
1110 2226 1307 2265 extremis
1321 2223 1601 2285 temporibus,
1611 2223 1731 2273 tulit;

174 2297 353 2337 quaeque
370 2282 452 2332 lex,
474 2281 622 2322 sedata
639 2281 713 2322 illa
726 2280 899 2322 flamma
916 2281 1166 2322 consulatus
1188 2281 1285 2331 mei,
1304 2281 1517 2322 fumantes
1530 2279 1732 2336 reliquias

174 2314 481 2394 conjurationis
498 2338 718 2380 exstinxit.
755 2338 853 2379 Hac
866 2337 979 2379 enim
990 2338 1100 2394 lege,
1115 2337 1242 2379 Coelii
1258 2336 1563 2388 adolescentia,
1579 2351 1665 2378 non
1678 2337 1732 2377 ad

129 2208 155 2247 5

846 2468 1054 2523 aclefensa.

219 2599 250 2628 4.
274 2597 369 2631 Quam
383 2597 498 2638 legem]
540 2595 591 2627 De
603 2597 742 2637 istalege
754 2597 873 2627 dictum
885 2601 932 2627 est
1017 2598 1049 2627 7.
1083 2595 1149 2626 Non
1179 2598 1219 2627 ad
1247 2596 1408 2636 reipublicae
1433 2593 1556 2634 poenas.]
1617 2593 1732 2624 Coelius

174 2640 263 2671 initio
278 2640 369 2680 hujus
386 2640 551 2675 Orationis,
570 2651 675 2681 parag.
693 2643 722 2669 1.
737 2640 756 2671 l.
773 2644 801 2670 1.
975 2639 1044 2679 lege
1073 2639 1176 2669 Plotia
1201 2650 1268 2670 reus
1300 2650 1361 2669 non
1397 2644 1467 2675 est3
1501 2640 1555 2668 sed
1581 2647 1649 2667 reus
1675 2642 1734 2673 est,

221 2685 251 2713 6.
274 2682 509 2724 Sedatdflammli
523 2683 691 2714 consulensis
704 2683 785 2724 mei]
846 2683 933 2714 Cati·
977 2684 1050 2722 quia
1076 2683 1233 2715 effrenatae
1257 2682 1390 2718 mulieris
1409 2681 1527 2714 libidini
1558 2680 1733 2712 satisfacere

177 2726 252 2761 lina,
289 2725 440 2756 Cicerone
474 2726 612 2763 consule,
647 2731 793 2758 statuerat
818 2726 934 2759 Urbem
977 2725 1088 2760 noluit.

177 2769 256 2801 ferro
271 2768 456 2812 flammssque
469 2768 583 2800 delere.
