1858 3095
696 173 787 207 rao
811 170 975 206 offitio.
1601 160 1682 224 '241

49 250 103 291 ab
122 249 398 306 argumentis,
428 247 455 290 a
475 248 738 304 conjectura,
769 250 823 290 ab
844 249 897 290 iis
919 248 1052 305 signis
1075 249 1229 305 quibus
1251 247 1405 290 veritas
1427 247 1610 293 illustra-

49 306 83 347 ri
115 307 238 358 solet,
270 307 324 347 ad
352 313 482 347 testes
512 312 604 345 tota
638 306 834 347 traducta
869 312 946 347 est.
1007 306 1126 353 Quos
1154 305 1329 362 quidem'
1360 318 1441 360 ego
1462 312 1609 356 testes3

49 362 235 419 judices,
259 377 344 404 non
366 361 494 403 modo
525 360 617 402 sine
651 362 737 402 ullo
770 363 934 413 timore,
968 363 1043 403 sed
1076 363 1203 403 etiam
1236 376 1333 404 cum
1364 362 1506 418 aliqua
1535 376 1609 419 spe
1633 364 1683 405 10

50 419 362 469 delectationis,
394 426 612 473 exspecto.
674 418 900 474 Praegestit
921 419 1086 460 animus
1108 419 1199 474 jam
1226 418 1383 469 videre,
1416 418 1610 475 primum,

50 475 214 516 blautos
245 476 442 531 juvenes,
479 475 664 516 mulieris
702 475 838 516 beatae
874 491 925 516 ac
963 475 1118 516 nobilis
1159 474 1414 525 familiares;
1454 473 1610 517 deinde

49 531 180 572 fortes
201 530 327 582 virm,
363 531 417 572 ab
448 531 712 586 imperatrice
742 532 783 572 in
811 532 975 572 insidiis
1008 539 1135 584 atque
1157 530 1199 571 in
1222 529 1420 585 praesidio
1440 531 1613 573 balnea—

48 601 139 628 rum
169 587 356 638 locat0s;
390 602 441 628 ex
476 589 631 643 quibus
662 588 885 642 requiram,
920 602 1108 643 quonam
1136 587 1263 627 modo
1292 586 1506 638 latuerint,
1537 594 1612 629 aut

50 643 145 693 ubi3
184 644 403 685 alveus-ne
437 644 523 695 ille,
559 659 612 685 an
649 659 782 699 equus
816 644 1021 698 Trojanus
1052 642 1192 690 fuerit,
1225 642 1299 697 qui
1335 648 1398 683 tot
1428 641 1613 685 invictos
1635 645 1685 686 15

49 699 177 750 viros,
209 700 409 742 muliebre
442 701 600 741 bellum
632 707 837 756 gerentes,
873 699 1016 740 tulerit
1048 705 1090 739 et
1123 698 1304 739 texerit?
1367 697 1479 740 Illud
1515 698 1614 741 verb

48 756 306 811 respondere
332 770 498 811 cogam,
528 771 616 806 cur,
651 762 716 796 tot
745 755 820 796 viri
852 769 902 796 ac
929 755 1051 806 tales,
1078 754 1192 796 hunc
1219 762 1262 795 et
1288 768 1434 805 unum,
1466 761 1508 796 et
1527 761 1616 798 tam

49 811 314 853 imbecillu'm
353 811 483 867 quam
523 811 690 863 videtis,
732 826 817 853 non
858 820 931 852 aut
975 818 1159 852 stantem
1199 811 1615 867 comprehenderint,

52 874 125 908 aut
144 867 378 923 fugientem
400 869 622 910 consecuti
645 869 747 909 sint:
780 883 836 924 qu
863 869 920 909 ise
943 882 1175 937 nunquam,
1197 866 1403 922 profecto,
1428 867 1463 909 si
1485 867 1614 910 istum

50 923 96 963 in
125 923 268 965 locum
301 925 602 980 processerint,
645 924 947 980 explicabunt3
987 939 1114 979 quam
1148 924 1293 964 volent
1328 924 1372 964 in
1406 923 1613 966 conviviis
1632 928 1687 968 20

49 979 194 1030 faceti,
225 980 411 1031 dicaces,
446 995 753 1037 nonnunquam
774 981 902 1022 etiam
924 981 978 1021 ad
1001 980 1145 1021 vinum
1166 979 1326 1028 diserti,
1357 980 1454 1021 sint.
1515 979 1615 1023 Alia

52 1035 133 1076 fori
155 1035 219 1077 vis
241 1043 320 1088 est,
348 1037 430 1078 alia
460 1037 658 1078 triclinii:
690 1037 772 1078 alia
800 1037 1098 1078 subselliorum
1128 1037 1251 1087 ratio,
1282 1036 1362 1076 alia
1382 1036 1613 1078 lectorume

51 1106 139 1133 non
174 1092 289 1133 idem
315 1093 512 1147 judicum
547 1093 956 1150 comissatorumque
993 1100 1276 1149 conspectus:
1319 1093 1392 1133 lux
1428 1091 1614 1150 denique

54 1147 183 1205 longe
218 1148 300 1189 alia
337 1156 403 1190 est
443 1150 544 1191 solis
581 1156 622 1190 et
661 1150 926 1205 lychnorum.
1005 1149 1292 1197 Quamobrem
1326 1147 1616 1203 cexcutiemu's

57 1213 205 1245 omnes
224 1205 402 1246 istorum
438 1206 627 1256 delicias,
666 1221 813 1247 omnes
846 1206 1044 1262 ineptias,
1077 1206 1112 1246 si
1143 1205 1390 1261 prodierint.
1450 1205 1552 1258 Sed,
1580 1204 1616 1248 si
1633 1211 1689 1252 25

55 1275 122 1302 me
144 1261 332 1312 audiant,
364 1270 521 1303 navent
541 1263 666 1303 aliam
688 1277 879 1317 operam3
911 1261 1037 1302 aliam
1057 1262 1202 1302 ineant
1222 1261 1426 1318 gratiam3
1457 1260 1502 1302 in
1520 1262 1616 1304 aliis

55 1331 100 1357 se
136 1317 261 1366 rebus
293 1324 528 1358 ostentent:
569 1318 764 1372 ‘'vigeaut
799 1319 913 1373 apud
948 1319 1074 1358 istam
1113 1317 1333 1358 mulierem
1371 1325 1618 1370 venustate3

54 1372 323 1414 dominentur
371 1374 642 1430 sumptibus3
692 1374 889 1422 haereant,
928 1375 1116 1429 jaceant,
1166 1374 1437 1415 deserviant:
1488 1374 1618 1431 capiti

55 1427 153 1470 vero
189 1429 446 1478 innocentis,
477 1436 520 1471 et
555 1430 752 1481 fortunis,
801 1437 989 1486 parcant.
1049 1431 1140 1471 Aut
1174 1436 1275 1470 sunt
1303 1430 1412 1471 servi
1446 1430 1525 1482 illi,
1564 1432 1618 1473 de

55 1492 338 1542 cognatorum
351 1486 580 1538 sententia,
604 1486 965 1529 nobilissimorum
982 1493 1025 1529 et
1037 1486 1367 1529 clarissimorum
1382 1486 1616 1541 hominum,
1634 1493 1691 1535 30

114 1676 361 1732 '’elegantes.
498 1680 820 1721 eser-ambimur.

954 1678 1156 1732 dgratioszt
1174 1681 1264 1722 sint
1283 1680 1356 1720 isti
1374 1680 1559 1722 mulieri.

100 1907 150 1935 11.
169 1904 321 1946 Praegestit
333 1905 475 1946 animus]
512 1904 637 1936 Gestire
653 1910 700 1936 est
710 1909 815 1946 gestus

57 1947 161 1983 edere,
184 1948 236 1988 qui
251 1947 346 1978 animi
361 1947 506 1978 affectum
520 1948 671 1980 indicent.

103 1992 154 2021 13.
179 1989 303 2030 Fortes]
342 1989 459 2020 Itonia.

102 2031 151 2062 Ib.
174 2031 387 2072 Imperatr-ica]
434 2033 577 2064 Clodiam
592 2033 816 2074 imperatricem

58 2080 159 2110 vocat,
182 2075 255 2115 quia
271 2075 385 2115 ubique
400 2085 502 2106 servos
514 2077 720 2115 disposuerat.

104 2119 155 2148 15.
186 2118 340 2148 Alveus-ue
364 2117 441 2158 itta]
497 2118 614 2150 Alveus
648 2119 732 2149 locus
770 2123 817 2148 est

59 2170 227 2200 concavus,
252 2170 306 2201 per
327 2170 418 2201 quem
443 2160 496 2190 rivi
517 2167 547 2191 et
563 2161 686 2191 flumina
701 2161 814 2202 proflu-

60 2208 135 2239 unt;
160 2203 210 2234 hic
223 2209 326 2233 tamen
340 2202 460 2234 videtur
474 2203 604 2245 intelligi
618 2203 734 2234 labrum
750 2203 816 2234 bal-

60 2255 196 2276 nearum.

102 2288 152 2320 Ib.
178 2287 277 2328 Equus
306 2288 476 2330 Trigjanus]
529 2289 606 2320 Cum
637 2288 739 2320 Graeci
767 2300 816 2319 ur-

59 2330 131 2361 bem
155 2331 281 2372 Trojam
308 2342 419 2372 capere
448 2343 509 2362 non
541 2337 677 2373 possent,
709 2331 814 2372 Epeus

61 2383 174 2414 equum
200 2374 336 2415 ligneum
363 2374 485 2414 ingenti
511 2375 722 2416 magnitudine
745 2385 819 2405 con-

61 2416 147 2452 fecit,
181 2418 248 2458 qui,
279 2418 385 2447 fraude
413 2418 547 2453 Sinonis,
578 2419 606 2447 in
638 2419 742 2448 urbem
772 2418 819 2447 in·

61 2465 167 2489 vectus
194 2466 259 2496 est;
288 2460 371 2490 unde
395 2470 432 2489 eo
456 2460 565 2491 inclusi
591 2460 692 2491 Graeci
719 2471 818 2490 crum-

61 2507 184 2541 pentes,
208 2503 313 2533 urbem
343 2508 502 2542 ceperunt.
550 2502 634 2532 Vide
656 2502 764 2532 librum
787 2505 818 2533 2⁷.

63 2543 194 2575 AEne'i'd.
229 2545 327 2575 Ridet
343 2544 392 2575 hic
409 2545 518 2575 Cicero
534 2545 692 2575 consilium
709 2546 819 2575 adver-

63 2586 220 2626 sariorum,
235 2588 286 2628 qui
303 2588 345 2617 ita
361 2598 394 2618 se
409 2587 606 2624 abdiderunt,
620 2593 653 2618 ut
668 2587 821 2618 Licinium

63 2630 370 2668 comprehenderent.

109 2671 160 2702 16.
179 2670 322 2703 Muliebre
335 2673 466 2714 bellum]
506 2672 649 2714 Respicit
659 2673 767 2704 iterium
782 2674 821 2703 ad

65 2712 204 2749 Graecos,
229 2714 282 2755 qui
295 2723 420 2756 propter
432 2722 554 2757 raptam
577 2715 734 2747 Helenam
756 2716 823 2747 bel·

63 2755 126 2785 lum
142 2755 282 2795 Trojanis
297 2757 474 2790 intulerant.

859 1910 916 1940 est,
939 1905 957 1935 ’ἂ
980 1904 1076 1936 tribus
1099 1904 1197 1941 lectis,
1220 1905 1275 1946 qui
1290 1905 1515 1942 sternebantur,
1536 1916 1615 1937 nun-

859 1954 1016 1988 cupatum.
1062 1948 1194 1978 Veteres
1217 1949 1298 1978 enim
1322 1948 1379 1984 illi,
1402 1949 1455 1989 qui
1473 1949 1616 1990 jacentes

860 1992 1034 2027 coenabant,
1062 1996 1120 2020 tres
1145 2001 1266 2022 mensas
1288 2001 1342 2022 seu
1364 1991 1463 2022 lectos
1485 1993 1617 2023 adhibe-

860 2034 946 2064 bant.

902 2075 951 2107 Ib.
973 2076 1202 2116 Subselliorum.]
1248 2076 1401 2107 Subsellia
1415 2077 1482 2107 haec
1496 2087 1552 2118 pro
1562 2076 1616 2117 ju-

859 2119 947 2149 diciis
964 2125 1130 2159 ponuntur,
1147 2118 1352 2159 quiajudices
1367 2120 1397 2149 in
1411 2119 1490 2156 aliis,
1504 2120 1536 2150 in
1548 2119 1616 2150 aliis

860 2161 914 2197 rei,
937 2161 968 2191 in
985 2161 1051 2191 aliis
1065 2162 1184 2202 patroni
1201 2166 1233 2191 et
1247 2167 1394 2199 oratores,
1410 2161 1573 2193 sedebant.

903 2206 956 2235 23.
981 2203 1048 2233 Lux
1062 2205 1123 2234 alia
1137 2204 1226 2245 solis]
1286 2203 1307 2234 J
1311 2204 1412 2235 udicia
1427 2204 1616 2236 exerceban-

860 2251 908 2276 tur
923 2246 979 2277 sub
995 2247 1047 2276 dio
1069 2247 1101 2276 in
1122 2246 1253 2277 Rostris.
1299 2246 1414 2278 Contra
1434 2247 1518 2284 vero,
1539 2258 1615 2279 con·

859 2289 940 2319 vivia
954 2289 984 2319 in
1000 2290 1166 2320 coenaculis
1181 2290 1218 2319 ad
1232 2290 1315 2320 faces
1328 2290 1572 2322 celebrabantur.

903 2333 954 2363 96.
979 2331 1093 2362 Navem
1108 2332 1196 2362 aliam
1209 2332 1349 2374 operam]
1403 2332 1541 2365 Alterius
1556 2333 1615 2370 sibi

864 2374 955 2414 quam
972 2374 1091 2405 Clodiae
1107 2374 1234 2415 gratiam
1256 2375 1381 2405 mercari
1403 2376 1540 2414 debent3
1562 2376 1616 2407 aut

863 2416 895 2446 in
911 2418 999 2448 rebus
1020 2417 1086 2447 aliis
1110 2418 1275 2448 amicitiam
1298 2418 1356 2448 sibi
1374 2418 1493 2449 Clodiae
1510 2419 1616 2450 conci-

862 2459 947 2491 liare.

905 2505 958 2533 28.
983 2503 1178 2533 Dominentur
1189 2504 1374 2545 sumptibus]
1420 2504 1458 2534 Id
1476 2509 1534 2540 est,
1550 2504 1614 2544 ejus

862 2546 990 2585 gratiam
1002 2546 1173 2586 sumptibus
1183 2551 1214 2576 et
1224 2547 1398 2577 muneribus
1413 2552 1616 2586 aucupentur·

909 2588 957 2618 Ib.
983 2588 1286 2628 Haerecmt‚jaceant.]
1334 2589 1412 2620 Eam
1427 2599 1548 2630 semper
1563 2598 1616 2618 co-

866 2629 1022 2666 mitentur,
1035 2632 1125 2672 eique
1140 2631 1295 2662 assideant
1309 2632 1359 2662 ubi
1387 2641 1433 2661 ue.

910 2676 961 2704 29.
984 2673 1024 2703 At
1045 2680 1114 2704 sunt
1133 2676 1216 2709 servi,
1241 2674 1310 2714 &eff
1388 2672 1498 2704 ccurrit
1511 2673 1618 2715 objec-

867 2715 944 2746 tioni
958 2716 1079 2753 Cicero,
1102 2716 1227 2756 nempe,
1249 2715 1430 2746 auctoritate
1444 2721 1477 2756 et
1488 2716 1618 2759 consilio

866 2763 1066 2799 cognatorum
1091 2759 1221 2793 Clodiae,
1254 2758 1285 2789 in
1315 2757 1388 2788 fidei
1407 2769 1476 2802 ¹suoe
1502 2769 1619 2792 merce-

110 2801 163 2830 22.
198 2799 358 2843 'liminii-J
416 2801 595 2834 Triclinium
632 2801 824 2834 coenaculum
869 2803 941 2833 dem
957 2801 1114 2834 adomim}
1131 2800 1329 2834 manumissos
1345 2799 1449 2833 l‘uisSe.
