<?xml version="1.0" encoding="UTF-8"?>
<!DOCTYPE html PUBLIC "-//W3C//DTD XHTML 1.0 Transitional//EN"
    "http://www.w3.org/TR/xhtml1/DTD/xhtml1-transitional.dtd">
<html xmlns="http://www.w3.org/1999/xhtml" xml:lang="en" lang="en">
 <head>
  <title>
</title>
<meta http-equiv="Content-Type" content="text/html;charset=utf-8" />
  <meta name='ocr-system' content='tesseract 3.04.00' />
  <meta name='ocr-capabilities' content='ocr_page ocr_carea ocr_par ocr_line ocrx_word'/>
</head>
<body>
  <div class='ocr_page' id='page_1' title='image "./selectaeoratione00ciceuoft_0268.png"; bbox 0 0 1790 3090; ppageno 0'>
   <div class='ocr_carea' id='block_1_1' title="bbox 86 166 174 209">
    <p class='ocr_par' dir='ltr' id='par_1_1' title="bbox 86 166 174 209">
     <span class='ocr_line' id='line_1_1' title="bbox 86 166 174 209; baseline -0.023 0"><span class='ocrx_word' id='word_1_1' title='bbox 86 166 174 209; x_wconf 79' lang='lat'>228</span> 
     </span>
    </p>
   </div>
   <div class='ocr_carea' id='block_1_2' title="bbox 820 165 1095 199">
    <p class='ocr_par' dir='ltr' id='par_1_2' title="bbox 820 165 1095 199">
     <span class='ocr_line' id='line_1_2' title="bbox 820 165 1095 199; baseline 0.004 -2"><span class='ocrx_word' id='word_1_2' title='bbox 820 165 911 198; x_wconf 86' lang='lat' dir='ltr'>PRO</span> <span class='ocrx_word' id='word_1_3' title='bbox 935 165 1095 199; x_wconf 85' lang='lat' dir='ltr'>COELIO.</span> 
     </span>
    </p>
   </div>
   <div class='ocr_carea' id='block_1_3' title="bbox 96 238 1719 523">
    <p class='ocr_par' dir='ltr' id='par_1_3' title="bbox 96 238 1719 523">
     <span class='ocr_line' id='line_1_3' title="bbox 168 238 1718 297; baseline 0.002 -16"><span class='ocrx_word' id='word_1_4' title='bbox 168 253 322 297; x_wconf 84' lang='lat' dir='ltr'>genere</span> <span class='ocrx_word' id='word_1_5' title='bbox 336 239 381 280; x_wconf 89' lang='lat' dir='ltr'>in</span> <span class='ocrx_word' id='word_1_6' title='bbox 398 238 601 280; x_wconf 82' lang='lat' dir='ltr'>familiam</span> <span class='ocrx_word' id='word_1_7' title='bbox 617 238 895 281; x_wconf 87' lang='lat' dir='ltr'>clarissimam</span> <span class='ocrx_word' id='word_1_8' title='bbox 907 240 1144 296; x_wconf 81' lang='lat' dir='ltr'>nupsisses,</span> <span class='ocrx_word' id='word_1_9' title='bbox 1161 254 1235 282; x_wconf 88' lang='lat' dir='ltr'>cur</span> <span class='ocrx_word' id='word_1_10' title='bbox 1247 240 1324 282; x_wconf 90' lang='lat' dir='ltr'>tibi</span> <span class='ocrx_word' id='word_1_11' title='bbox 1334 239 1499 283; x_wconf 87' lang='lat' dir='ltr'>Coelius</span> <span class='ocrx_word' id='word_1_12' title='bbox 1514 246 1605 283; x_wconf 87' lang='lat' dir='ltr'>tam</span> <span class='ocrx_word' id='word_1_13' title='bbox 1614 248 1718 284; x_wconf 82' lang='lat' dir='ltr'>c&#39;on-</span> 
     </span>
     <span class='ocr_line' id='line_1_4' title="bbox 162 296 1717 353; baseline 0.002 -15"><span class='ocrx_word' id='word_1_14' title='bbox 162 299 339 353; x_wconf 85' lang='lat' dir='ltr'>junctus</span> <span class='ocrx_word' id='word_1_15' title='bbox 373 296 482 336; x_wconf 72' lang='lat' dir='ltr'>fuit?</span> <span class='ocrx_word' id='word_1_16' title='bbox 529 297 766 351; x_wconf 74' lang='lat' dir='ltr'>cognatus?</span> <span class='ocrx_word' id='word_1_17' title='bbox 798 297 964 338; x_wconf 73' lang='lat' dir='ltr'>affinis?</span> <span class='ocrx_word' id='word_1_18' title='bbox 1013 296 1092 337; x_wconf 87' lang='lat' dir='ltr'>viri</span> <span class='ocrx_word' id='word_1_19' title='bbox 1113 296 1176 338; x_wconf 90' lang='lat' dir='ltr'>tui</span> <span class='ocrx_word' id='word_1_20' title='bbox 1215 298 1463 339; x_wconf 71' lang='lat' dir='ltr'>familiaris?</span> <span class='ocrx_word' id='word_1_21' title='bbox 1494 297 1612 340; x_wconf 86' lang='lat' dir='ltr'>Nihil</span> <span class='ocrx_word' id='word_1_22' title='bbox 1641 299 1717 341; x_wconf 89' lang='lat' dir='ltr'>ho-</span> 
     </span>
     <span class='ocr_line' id='line_1_5' title="bbox 170 351 1717 409; baseline 0.001 -15"><span class='ocrx_word' id='word_1_23' title='bbox 170 368 275 394; x_wconf 89' lang='lat' dir='ltr'>rum.</span> <span class='ocrx_word' id='word_1_24' title='bbox 335 352 451 400; x_wconf 89' lang='lat' dir='ltr'>Quid</span> <span class='ocrx_word' id='word_1_25' title='bbox 490 351 619 407; x_wconf 85' lang='lat' dir='ltr'>igitur</span> <span class='ocrx_word' id='word_1_26' title='bbox 652 352 746 404; x_wconf 90' lang='lat' dir='ltr'>fuit,</span> <span class='ocrx_word' id='word_1_27' title='bbox 778 353 860 394; x_wconf 85' lang='lat' dir='ltr'>nisi</span> <span class='ocrx_word' id='word_1_28' title='bbox 882 354 1078 409; x_wconf 79' lang='lat' dir='ltr'>quaedam</span> <span class='ocrx_word' id='word_1_29' title='bbox 1097 354 1313 396; x_wconf 81' lang='lat' dir='ltr'>temeritas</span> <span class='ocrx_word' id='word_1_30' title='bbox 1334 369 1384 396; x_wconf 88' lang='lat' dir='ltr'>ac</span> <span class='ocrx_word' id='word_1_31' title='bbox 1406 354 1566 395; x_wconf 75' lang='lat' dir='ltr'>libido?</span> <span class='ocrx_word' id='word_1_32' title='bbox 1616 354 1717 396; x_wconf 91' lang='lat' dir='ltr'>Non</span> 
     </span>
     <span class='ocr_line' id='line_1_6' title="bbox 96 407 1719 467; baseline -0.001 -15"><span class='ocrx_word' id='word_1_33' title='bbox 96 411 151 452; x_wconf 88' lang='lat'>50</span> <span class='ocrx_word' id='word_1_34' title='bbox 171 417 227 461; x_wconf 90' lang='lat' dir='ltr'>te,</span> <span class='ocrx_word' id='word_1_35' title='bbox 242 410 276 450; x_wconf 92' lang='lat' dir='ltr'>si</span> <span class='ocrx_word' id='word_1_36' title='bbox 296 415 450 449; x_wconf 84' lang='lat' dir='ltr'>nostrae</span> <span class='ocrx_word' id='word_1_37' title='bbox 470 407 677 464; x_wconf 79' lang='lat' dir='ltr'>imagines</span> <span class='ocrx_word' id='word_1_38' title='bbox 688 409 826 450; x_wconf 88' lang='lat' dir='ltr'>viriles</span> <span class='ocrx_word' id='word_1_39' title='bbox 844 425 930 451; x_wconf 91' lang='lat' dir='ltr'>non</span> <span class='ocrx_word' id='word_1_40' title='bbox 951 411 1289 462; x_wconf 81' lang='lat' dir='ltr'>commovebant,</span> <span class='ocrx_word' id='word_1_41' title='bbox 1311 427 1363 452; x_wconf 87' lang='lat' dir='ltr'>ne</span> <span class='ocrx_word' id='word_1_42' title='bbox 1385 411 1610 467; x_wconf 83' lang='lat' dir='ltr'>progenies</span> <span class='ocrx_word' id='word_1_43' title='bbox 1624 410 1719 466; x_wconf 86' lang='lat' dir='ltr'>qui-</span> 
     </span>
     <span class='ocr_line' id='line_1_7' title="bbox 171 464 1719 523; baseline 0 -15"><span class='ocrx_word' id='word_1_44' title='bbox 171 468 268 508; x_wconf 85' lang='lat' dir='ltr'>dem</span> <span class='ocrx_word' id='word_1_45' title='bbox 286 480 393 515; x_wconf 86' lang='lat' dir='ltr'>mea,</span> <span class='ocrx_word' id='word_1_46' title='bbox 417 464 577 511; x_wconf 83' lang='lat' dir='ltr'>Quinta</span> <span class='ocrx_word' id='word_1_47' title='bbox 597 464 671 505; x_wconf 90' lang='lat' dir='ltr'>illa</span> <span class='ocrx_word' id='word_1_48' title='bbox 688 465 879 512; x_wconf 85' lang='lat' dir='ltr'>Claudia,</span> <span class='ocrx_word' id='word_1_49' title='bbox 897 467 1092 506; x_wconf 84' lang='lat' dir='ltr'>aemulam</span> <span class='ocrx_word' id='word_1_50' title='bbox 1109 467 1356 508; x_wconf 82' lang='lat' dir='ltr'>domesticae</span> <span class='ocrx_word' id='word_1_51' title='bbox 1371 468 1511 508; x_wconf 86' lang='lat' dir='ltr'>laudis</span> <span class='ocrx_word' id='word_1_52' title='bbox 1525 467 1568 507; x_wconf 88' lang='lat' dir='ltr'>in</span> <span class='ocrx_word' id='word_1_53' title='bbox 1582 465 1719 523; x_wconf 62' lang='lat' dir='ltr'>gloria</span> 
     </span>
    </p>
   </div>
   <div class='ocr_carea' id='block_1_4' title="bbox 169 521 1576 577">
    <p class='ocr_par' dir='ltr' id='par_1_4' title="bbox 169 521 1576 577">
     <span class='ocr_line' id='line_1_8' title="bbox 169 521 1576 577; baseline 0.002 -15"><span class='ocrx_word' id='word_1_54' title='bbox 169 521 365 562; x_wconf 83' lang='lat' dir='ltr'>muliebri</span> <span class='ocrx_word' id='word_1_55' title='bbox 387 535 481 561; x_wconf 91' lang='lat' dir='ltr'>esse</span> <span class='ocrx_word' id='word_1_56' title='bbox 503 521 791 562; x_wconf 80' lang='lat' dir='ltr'>admonebat?</span> <span class='ocrx_word' id='word_1_57' title='bbox 833 536 918 562; x_wconf 87' lang='lat' dir='ltr'>non</span> <span class='ocrx_word' id='word_1_58' title='bbox 937 523 1056 577; x_wconf 84' lang='lat' dir='ltr'>virgo</span> <span class='ocrx_word' id='word_1_59' title='bbox 1078 522 1150 563; x_wconf 90' lang='lat' dir='ltr'>illa</span> <span class='ocrx_word' id='word_1_60' title='bbox 1170 523 1359 564; x_wconf 81' lang='lat' dir='ltr'>Vestalis</span> <span class='ocrx_word' id='word_1_61' title='bbox 1381 523 1576 574; x_wconf 90' lang='lat' dir='ltr'>Claudia,</span> 
     </span>
    </p>
   </div>
   <div class='ocr_carea' id='block_1_5' title="bbox 1608 538 1718 579">
    <p class='ocr_par' dir='ltr' id='par_1_5' title="bbox 1608 538 1718 579">
     <span class='ocr_line' id='line_1_9' title="bbox 1608 538 1718 579; baseline 0.009 -16"><span class='ocrx_word' id='word_1_62' title='bbox 1608 539 1633 579; x_wconf 91' lang='lat' dir='ltr'>q</span> <span class='ocrx_word' id='word_1_63' title='bbox 1641 538 1718 571; x_wconf 85' lang='lat' dir='ltr'>uae,</span> 
     </span>
    </p>
   </div>
   <div class='ocr_carea' id='block_1_6' title="bbox 168 577 1719 692">
    <p class='ocr_par' dir='ltr' id='par_1_6' title="bbox 168 577 1719 692">
     <span class='ocr_line' id='line_1_10' title="bbox 168 577 1717 634; baseline 0.001 -15"><span class='ocrx_word' id='word_1_64' title='bbox 168 585 334 634; x_wconf 84' lang='lat' dir='ltr'>patrem</span> <span class='ocrx_word' id='word_1_65' title='bbox 370 577 594 632; x_wconf 78' lang='lat' dir='ltr'>complexa</span> <span class='ocrx_word' id='word_1_66' title='bbox 629 578 975 633; x_wconf 82' lang='lat' dir='ltr'>triumphantem,</span> <span class='ocrx_word' id='word_1_67' title='bbox 1007 579 1060 619; x_wconf 88' lang='lat' dir='ltr'>ab</span> <span class='ocrx_word' id='word_1_68' title='bbox 1082 578 1257 620; x_wconf 89' lang='lat' dir='ltr'>inimico</span> <span class='ocrx_word' id='word_1_69' title='bbox 1280 579 1449 621; x_wconf 85' lang='lat' dir='ltr'>tribuno</span> <span class='ocrx_word' id='word_1_70' title='bbox 1486 579 1623 634; x_wconf 92' lang='lat' dir='ltr'>plebis</span> <span class='ocrx_word' id='word_1_71' title='bbox 1663 579 1717 620; x_wconf 82' lang='lat' dir='ltr'>de</span> 
     </span>
     <span class='ocr_line' id='line_1_11' title="bbox 170 634 1719 692; baseline 0.001 -16"><span class='ocrx_word' id='word_1_72' title='bbox 170 650 294 682; x_wconf 79' lang='lat' dir='ltr'>curru</span> <span class='ocrx_word' id='word_1_73' title='bbox 315 634 479 675; x_wconf 84' lang='lat' dir='ltr'>detrahi</span> <span class='ocrx_word' id='word_1_74' title='bbox 501 649 627 689; x_wconf 86' lang='lat' dir='ltr'>passa</span> <span class='ocrx_word' id='word_1_75' title='bbox 654 649 740 675; x_wconf 90' lang='lat' dir='ltr'>non</span> <span class='ocrx_word' id='word_1_76' title='bbox 762 634 860 675; x_wconf 75' lang='lat' dir='ltr'>est?</span> <span class='ocrx_word' id='word_1_77' title='bbox 907 634 995 675; x_wconf 89' lang='lat' dir='ltr'>Cur</span> <span class='ocrx_word' id='word_1_78' title='bbox 1015 640 1057 675; x_wconf 88' lang='lat' dir='ltr'>te</span> <span class='ocrx_word' id='word_1_79' title='bbox 1081 635 1265 676; x_wconf 90' lang='lat' dir='ltr'>fraterna</span> <span class='ocrx_word' id='word_1_80' title='bbox 1284 635 1386 676; x_wconf 85' lang='lat' dir='ltr'>vitia</span> <span class='ocrx_word' id='word_1_81' title='bbox 1407 636 1565 691; x_wconf 72' lang='lat' dir='ltr'>potius,</span> <span class='ocrx_word' id='word_1_82' title='bbox 1587 635 1719 692; x_wconf 66' lang='lat' dir='ltr'>quam</span> 
     </span>
    </p>
   </div>
   <div class='ocr_carea' id='block_1_7' title="bbox 96 690 1718 746">
    <p class='ocr_par' dir='ltr' id='par_1_7' title="bbox 96 690 1718 746">
     <span class='ocr_line' id='line_1_12' title="bbox 96 690 1718 746; baseline -0.001 -12"><span class='ocrx_word' id='word_1_83' title='bbox 96 694 151 734; x_wconf 82' lang='lat'>55</span> <span class='ocrx_word' id='word_1_84' title='bbox 169 692 284 732; x_wconf 89' lang='lat' dir='ltr'>bona</span> <span class='ocrx_word' id='word_1_85' title='bbox 304 698 478 745; x_wconf 85' lang='lat' dir='ltr'>paterna</span> <span class='ocrx_word' id='word_1_86' title='bbox 497 697 539 731; x_wconf 89' lang='lat' dir='ltr'>et</span> <span class='ocrx_word' id='word_1_87' title='bbox 560 690 685 738; x_wconf 87' lang='lat' dir='ltr'>avita,</span> <span class='ocrx_word' id='word_1_88' title='bbox 717 697 772 741; x_wconf 88' lang='lat' dir='ltr'>et,</span> <span class='ocrx_word' id='word_1_89' title='bbox 805 705 940 746; x_wconf 88' lang='lat' dir='ltr'>usque</span> <span class='ocrx_word' id='word_1_90' title='bbox 963 690 988 731; x_wconf 68' lang='lat' dir='ltr'>a</span> <span class='ocrx_word' id='word_1_91' title='bbox 1005 691 1145 743; x_wconf 85' lang='lat' dir='ltr'>nobis,</span> <span class='ocrx_word' id='word_1_92' title='bbox 1176 691 1273 733; x_wconf 76' lang='lat' dir='ltr'>cum</span> <span class='ocrx_word' id='word_1_93' title='bbox 1292 691 1337 732; x_wconf 90' lang='lat' dir='ltr'>in</span> <span class='ocrx_word' id='word_1_94' title='bbox 1356 692 1456 734; x_wconf 83' lang='lat' dir='ltr'>viris</span> <span class='ocrx_word' id='word_1_95' title='bbox 1477 699 1568 733; x_wconf 85' lang='lat' dir='ltr'>tum</span> <span class='ocrx_word' id='word_1_96' title='bbox 1589 692 1718 733; x_wconf 88' lang='lat' dir='ltr'>etiam</span> 
     </span>
    </p>
   </div>
   <div class='ocr_carea' id='block_1_8' title="bbox 168 747 1720 973">
    <p class='ocr_par' dir='ltr' id='par_1_8' title="bbox 168 747 1720 973">
     <span class='ocr_line' id='line_1_13' title="bbox 170 747 1720 804; baseline 0 -16"><span class='ocrx_word' id='word_1_97' title='bbox 170 748 214 788; x_wconf 88' lang='lat' dir='ltr'>in</span> <span class='ocrx_word' id='word_1_98' title='bbox 245 747 414 788; x_wconf 79' lang='lat' dir='ltr'>feminis</span> <span class='ocrx_word' id='word_1_99' title='bbox 436 748 628 802; x_wconf 89' lang='lat' dir='ltr'>repetita,</span> <span class='ocrx_word' id='word_1_100' title='bbox 659 748 907 788; x_wconf 79' lang='lat' dir='ltr'>moverunt?</span> <span class='ocrx_word' id='word_1_101' title='bbox 939 747 1116 789; x_wconf 90' lang='lat' dir='ltr'>Ideo-ne</span> <span class='ocrx_word' id='word_1_102' title='bbox 1156 763 1236 803; x_wconf 82' lang='lat' dir='ltr'>ego</span> <span class='ocrx_word' id='word_1_103' title='bbox 1272 763 1423 804; x_wconf 87' lang='lat' dir='ltr'>pacem</span> <span class='ocrx_word' id='word_1_104' title='bbox 1463 748 1616 804; x_wconf 87' lang='lat' dir='ltr'>Pyrrhi</span> <span class='ocrx_word' id='word_1_105' title='bbox 1654 748 1720 788; x_wconf 88' lang='lat' dir='ltr'>di-</span> 
     </span>
     <span class='ocr_line' id='line_1_14' title="bbox 168 804 1718 860; baseline 0.001 -17"><span class='ocrx_word' id='word_1_106' title='bbox 168 804 288 854; x_wconf 88' lang='lat' dir='ltr'>remi,</span> <span class='ocrx_word' id='word_1_107' title='bbox 318 810 367 843; x_wconf 91' lang='lat' dir='ltr'>ut</span> <span class='ocrx_word' id='word_1_108' title='bbox 387 810 432 843; x_wconf 90' lang='lat' dir='ltr'>tu</span> <span class='ocrx_word' id='word_1_109' title='bbox 453 818 644 844; x_wconf 83' lang='lat' dir='ltr'>amorum</span> <span class='ocrx_word' id='word_1_110' title='bbox 667 804 1008 860; x_wconf 88' lang='lat' dir='ltr'>turpissimorum</span> <span class='ocrx_word' id='word_1_111' title='bbox 1026 804 1216 859; x_wconf 90' lang='lat' dir='ltr'>quotidie</span> <span class='ocrx_word' id='word_1_112' title='bbox 1237 805 1398 846; x_wconf 83' lang='lat' dir='ltr'>foedera</span> <span class='ocrx_word' id='word_1_113' title='bbox 1418 804 1589 846; x_wconf 73' lang='lat' dir='ltr'>ferires?</span> <span class='ocrx_word' id='word_1_114' title='bbox 1620 804 1718 845; x_wconf 88' lang='lat' dir='ltr'>ideo</span> 
     </span>
     <span class='ocr_line' id='line_1_15' title="bbox 170 859 1718 915; baseline 0 -15"><span class='ocrx_word' id='word_1_115' title='bbox 170 874 325 915; x_wconf 85' lang='lat' dir='ltr'>aquam</span> <span class='ocrx_word' id='word_1_116' title='bbox 356 859 531 910; x_wconf 85' lang='lat' dir='ltr'>adduxi,</span> <span class='ocrx_word' id='word_1_117' title='bbox 564 866 613 900; x_wconf 92' lang='lat' dir='ltr'>ut</span> <span class='ocrx_word' id='word_1_118' title='bbox 649 859 701 901; x_wconf 65' lang='lat' dir='ltr'>ea</span> <span class='ocrx_word' id='word_1_119' title='bbox 734 868 782 901; x_wconf 92' lang='lat' dir='ltr'>tu</span> <span class='ocrx_word' id='word_1_120' title='bbox 813 859 1007 901; x_wconf 71' lang='lat' dir='ltr'>dineeste</span> <span class='ocrx_word' id='word_1_121' title='bbox 1046 862 1238 902; x_wconf 79' lang='lat' dir='ltr'>uterere?</span> <span class='ocrx_word' id='word_1_122' title='bbox 1270 861 1367 902; x_wconf 92' lang='lat' dir='ltr'>ideo</span> <span class='ocrx_word' id='word_1_123' title='bbox 1397 861 1510 902; x_wconf 90' lang='lat' dir='ltr'>viam</span> <span class='ocrx_word' id='word_1_124' title='bbox 1541 860 1718 909; x_wconf 89' lang='lat' dir='ltr'>munivi,</span> 
     </span>
     <span class='ocr_line' id='line_1_16' title="bbox 169 914 1720 973; baseline 0 -17"><span class='ocrx_word' id='word_1_125' title='bbox 169 922 217 956; x_wconf 91' lang='lat' dir='ltr'>ut</span> <span class='ocrx_word' id='word_1_126' title='bbox 237 930 331 955; x_wconf 88' lang='lat' dir='ltr'>eam</span> <span class='ocrx_word' id='word_1_127' title='bbox 352 922 411 962; x_wconf 90' lang='lat' dir='ltr'>tu,</span> <span class='ocrx_word' id='word_1_128' title='bbox 443 914 592 955; x_wconf 88' lang='lat' dir='ltr'>alienis</span> <span class='ocrx_word' id='word_1_129' title='bbox 610 916 710 956; x_wconf 88' lang='lat' dir='ltr'>viris</span> <span class='ocrx_word' id='word_1_130' title='bbox 728 916 947 967; x_wconf 88' lang='lat' dir='ltr'>comitata,</span> <span class='ocrx_word' id='word_1_131' title='bbox 978 918 1272 958; x_wconf 64' lang='lat' dir='ltr'>ecelebrares?</span> <span class='ocrx_word' id='word_1_132' title='bbox 1304 917 1391 958; x_wconf 85' lang='lat' dir='ltr'>Sed</span> <span class='ocrx_word' id='word_1_133' title='bbox 1412 917 1516 973; x_wconf 89' lang='lat' dir='ltr'>quid</span> <span class='ocrx_word' id='word_1_134' title='bbox 1538 932 1634 973; x_wconf 83' lang='lat' dir='ltr'>ego,</span> <span class='ocrx_word' id='word_1_135' title='bbox 1649 917 1720 972; x_wconf 89' lang='lat' dir='ltr'>ju-</span> 
     </span>
    </p>
   </div>
   <div class='ocr_carea' id='block_1_9' title="bbox 97 970 1719 1028">
    <p class='ocr_par' dir='ltr' id='par_1_9' title="bbox 97 970 1719 1028">
     <span class='ocr_line' id='line_1_17' title="bbox 97 970 1719 1028; baseline -0.001 -12"><span class='ocrx_word' id='word_1_136' title='bbox 97 975 151 1015; x_wconf 90' lang='grc'>60</span> <span class='ocrx_word' id='word_1_137' title='bbox 170 970 304 1021; x_wconf 89' lang='lat' dir='ltr'>dices,</span> <span class='ocrx_word' id='word_1_138' title='bbox 332 970 393 1011; x_wconf 88' lang='lat' dir='ltr'>ita</span> <span class='ocrx_word' id='word_1_139' title='bbox 413 985 585 1026; x_wconf 84' lang='lat' dir='ltr'>gravem</span> <span class='ocrx_word' id='word_1_140' title='bbox 611 986 837 1026; x_wconf 84' lang='lat' dir='ltr'>personam</span> <span class='ocrx_word' id='word_1_141' title='bbox 859 972 1023 1023; x_wconf 87' lang='lat' dir='ltr'>induxi,</span> <span class='ocrx_word' id='word_1_142' title='bbox 1040 980 1088 1013; x_wconf 90' lang='lat' dir='ltr'>ut</span> <span class='ocrx_word' id='word_1_143' title='bbox 1108 981 1151 1013; x_wconf 89' lang='lat' dir='ltr'>et</span> <span class='ocrx_word' id='word_1_144' title='bbox 1169 988 1325 1023; x_wconf 87' lang='lat' dir='ltr'>verear,</span> <span class='ocrx_word' id='word_1_145' title='bbox 1358 988 1411 1014; x_wconf 89' lang='lat' dir='ltr'>ne</span> <span class='ocrx_word' id='word_1_146' title='bbox 1433 989 1478 1015; x_wconf 90' lang='lat' dir='ltr'>se</span> <span class='ocrx_word' id='word_1_147' title='bbox 1499 973 1613 1014; x_wconf 87' lang='lat' dir='ltr'>idem</span> <span class='ocrx_word' id='word_1_148' title='bbox 1632 974 1719 1028; x_wconf 90' lang='lat' dir='ltr'>Ap-</span> 
     </span>
    </p>
   </div>
   <div class='ocr_carea' id='block_1_10' title="bbox 168 1025 1720 1085">
    <p class='ocr_par' dir='ltr' id='par_1_10' title="bbox 168 1025 1720 1085">
     <span class='ocr_line' id='line_1_18' title="bbox 168 1025 1720 1085; baseline 0.001 -17"><span class='ocrx_word' id='word_1_149' title='bbox 168 1027 265 1083; x_wconf 86' lang='lat' dir='ltr'>pius</span> <span class='ocrx_word' id='word_1_150' title='bbox 287 1025 460 1082; x_wconf 68' lang='lat' dir='ltr'>repente</span> <span class='ocrx_word' id='word_1_151' title='bbox 475 1034 709 1078; x_wconf 87' lang='lat' dir='ltr'>convertat,</span> <span class='ocrx_word' id='word_1_152' title='bbox 725 1035 769 1069; x_wconf 89' lang='lat' dir='ltr'>et</span> <span class='ocrx_word' id='word_1_153' title='bbox 785 1028 971 1069; x_wconf 88' lang='lat' dir='ltr'>Coelium</span> <span class='ocrx_word' id='word_1_154' title='bbox 987 1028 1166 1084; x_wconf 84' lang='lat' dir='ltr'>incipiat</span> <span class='ocrx_word' id='word_1_155' title='bbox 1179 1044 1381 1070; x_wconf 85' lang='lat' dir='ltr'>accusare</span> <span class='ocrx_word' id='word_1_156' title='bbox 1403 1029 1471 1071; x_wconf 64' lang='lat' dir='ltr'>illa</span> <span class='ocrx_word' id='word_1_157' title='bbox 1494 1029 1573 1070; x_wconf 68' lang='lat' dir='ltr'>sua</span> <span class='ocrx_word' id='word_1_158' title='bbox 1585 1028 1720 1085; x_wconf 86' lang='lat' dir='ltr'>gravi-</span> 
     </span>
    </p>
   </div>
   <div class='ocr_carea' id='block_1_11' title="bbox 168 1083 514 1125">
    <p class='ocr_par' dir='ltr' id='par_1_11' title="bbox 168 1083 514 1125">
     <span class='ocr_line' id='line_1_19' title="bbox 168 1083 514 1125; baseline -0.006 0"><span class='ocrx_word' id='word_1_159' title='bbox 168 1091 256 1125; x_wconf 88' lang='lat' dir='ltr'>tate</span> <span class='ocrx_word' id='word_1_160' title='bbox 289 1083 514 1125; x_wconf 68' lang='lat' dir='ltr'>censoria?</span> 
     </span>
    </p>
   </div>
   <div class='ocr_carea' id='block_1_12' title="bbox 586 1083 1718 1141">
    <p class='ocr_par' dir='ltr' id='par_1_12' title="bbox 586 1083 1718 1141">
     <span class='ocr_line' id='line_1_20' title="bbox 586 1083 1718 1141; baseline 0.002 -17"><span class='ocrx_word' id='word_1_161' title='bbox 586 1083 672 1124; x_wconf 82' lang='lat' dir='ltr'>Sed</span> <span class='ocrx_word' id='word_1_162' title='bbox 711 1083 856 1125; x_wconf 90' lang='lat' dir='ltr'>videro</span> <span class='ocrx_word' id='word_1_163' title='bbox 897 1084 982 1125; x_wconf 91' lang='lat' dir='ltr'>hoc</span> <span class='ocrx_word' id='word_1_164' title='bbox 1023 1085 1249 1140; x_wconf 74' lang='lat' dir='ltr'>posterius,</span> <span class='ocrx_word' id='word_1_165' title='bbox 1284 1092 1413 1140; x_wconf 88' lang='lat' dir='ltr'>atque</span> <span class='ocrx_word' id='word_1_166' title='bbox 1432 1086 1507 1136; x_wconf 87' lang='lat' dir='ltr'>ita,</span> <span class='ocrx_word' id='word_1_167' title='bbox 1531 1085 1718 1141; x_wconf 89' lang='lat' dir='ltr'>judices,</span> 
     </span>
    </p>
   </div>
   <div class='ocr_carea' id='block_1_13' title="bbox 97 1138 1721 1532">
    <p class='ocr_par' dir='ltr' id='par_1_13' title="bbox 97 1138 1721 1532">
     <span class='ocr_line' id='line_1_21' title="bbox 168 1138 1721 1197; baseline 0.001 -16"><span class='ocrx_word' id='word_1_168' title='bbox 168 1147 216 1182; x_wconf 86' lang='lat' dir='ltr'>ut</span> <span class='ocrx_word' id='word_1_169' title='bbox 236 1141 301 1181; x_wconf 90' lang='lat' dir='ltr'>vel</span> <span class='ocrx_word' id='word_1_170' title='bbox 340 1138 619 1180; x_wconf 88' lang='lat' dir='ltr'>severissimis</span> <span class='ocrx_word' id='word_1_171' title='bbox 647 1140 1008 1196; x_wconf 85' lang='lat' dir='ltr'>disceptatoribus</span> <span class='ocrx_word' id='word_1_172' title='bbox 1031 1141 1095 1182; x_wconf 89' lang='lat' dir='ltr'>M.</span> <span class='ocrx_word' id='word_1_173' title='bbox 1117 1141 1245 1182; x_wconf 86' lang='lat' dir='ltr'>Coelii</span> <span class='ocrx_word' id='word_1_174' title='bbox 1266 1141 1396 1182; x_wconf 89' lang='lat' dir='ltr'>vitam</span> <span class='ocrx_word' id='word_1_175' title='bbox 1427 1156 1494 1183; x_wconf 90' lang='lat' dir='ltr'>me</span> <span class='ocrx_word' id='word_1_176' title='bbox 1522 1142 1721 1197; x_wconf 90' lang='lat' dir='ltr'>probatu-</span> 
     </span>
     <span class='ocr_line' id='line_1_22' title="bbox 168 1196 1719 1254; baseline 0.001 -16"><span class='ocrx_word' id='word_1_177' title='bbox 168 1212 260 1238; x_wconf 83' lang='lat' dir='ltr'>rum</span> <span class='ocrx_word' id='word_1_178' title='bbox 296 1210 389 1237; x_wconf 88' lang='lat' dir='ltr'>esse</span> <span class='ocrx_word' id='word_1_179' title='bbox 429 1196 657 1237; x_wconf 82' lang='lat' dir='ltr'>confidam.</span> <span class='ocrx_word' id='word_1_180' title='bbox 715 1197 779 1238; x_wconf 91' lang='lat' dir='ltr'>Tu</span> <span class='ocrx_word' id='word_1_181' title='bbox 815 1196 927 1248; x_wconf 78' lang='lat' dir='ltr'>vero,</span> <span class='ocrx_word' id='word_1_182' title='bbox 958 1197 1121 1249; x_wconf 88' lang='lat' dir='ltr'>mulier,</span> <span class='ocrx_word' id='word_1_183' title='bbox 1152 1199 1258 1254; x_wconf 83' lang='lat' dir='ltr'>(jam</span> <span class='ocrx_word' id='word_1_184' title='bbox 1293 1198 1404 1239; x_wconf 88' lang='lat' dir='ltr'>enim</span> <span class='ocrx_word' id='word_1_185' title='bbox 1438 1198 1530 1254; x_wconf 89' lang='lat' dir='ltr'>ipse</span> <span class='ocrx_word' id='word_1_186' title='bbox 1562 1204 1719 1248; x_wconf 89' lang='lat' dir='ltr'>tecum,</span> 
     </span>
     <span class='ocr_line' id='line_1_23' title="bbox 97 1252 1719 1311; baseline 0.001 -17"><span class='ocrx_word' id='word_1_187' title='bbox 97 1257 149 1299; x_wconf 82' lang='lat'>65</span> <span class='ocrx_word' id='word_1_188' title='bbox 168 1254 286 1294; x_wconf 72' lang='lat' dir='ltr'>nulla</span> <span class='ocrx_word' id='word_1_189' title='bbox 321 1252 506 1308; x_wconf 64' lang='lat' dir='ltr'>persona</span> <span class='ocrx_word' id='word_1_190' title='bbox 527 1252 786 1301; x_wconf 66' lang='lat' dir='ltr'>introducta,</span> <span class='ocrx_word' id='word_1_191' title='bbox 818 1254 990 1309; x_wconf 86' lang='lat' dir='ltr'>loquor)</span> <span class='ocrx_word' id='word_1_192' title='bbox 1021 1252 1056 1294; x_wconf 92' lang='lat' dir='ltr'>si</span> <span class='ocrx_word' id='word_1_193' title='bbox 1089 1269 1152 1304; x_wconf 81' lang='lat' dir='ltr'>ea,</span> <span class='ocrx_word' id='word_1_194' title='bbox 1185 1269 1281 1311; x_wconf 82' lang='lat' dir='ltr'>quae</span> <span class='ocrx_word' id='word_1_195' title='bbox 1317 1254 1438 1305; x_wconf 87' lang='lat' dir='ltr'>facis,</span> <span class='ocrx_word' id='word_1_196' title='bbox 1469 1269 1566 1310; x_wconf 86' lang='lat' dir='ltr'>quae</span> <span class='ocrx_word' id='word_1_197' title='bbox 1594 1254 1719 1305; x_wconf 80' lang='lat' dir='ltr'>dicis,</span> 
     </span>
     <span class='ocr_line' id='line_1_24' title="bbox 168 1308 1720 1367; baseline 0.001 -17"><span class='ocrx_word' id='word_1_198' title='bbox 168 1325 263 1365; x_wconf 85' lang='lat' dir='ltr'>quae</span> <span class='ocrx_word' id='word_1_199' title='bbox 284 1308 543 1356; x_wconf 79' lang='lat' dir='ltr'>sinsimulas,</span> <span class='ocrx_word' id='word_1_200' title='bbox 576 1325 671 1365; x_wconf 85' lang='lat' dir='ltr'>quae</span> <span class='ocrx_word' id='word_1_201' title='bbox 693 1310 866 1361; x_wconf 88' lang='lat' dir='ltr'>moliris,</span> <span class='ocrx_word' id='word_1_202' title='bbox 900 1325 996 1365; x_wconf 85' lang='lat' dir='ltr'>quae</span> <span class='ocrx_word' id='word_1_203' title='bbox 1029 1312 1187 1366; x_wconf 80' lang='lat' dir='ltr'>arguis,</span> <span class='ocrx_word' id='word_1_204' title='bbox 1218 1311 1395 1366; x_wconf 85' lang='lat' dir='ltr'>probare</span> <span class='ocrx_word' id='word_1_205' title='bbox 1429 1310 1621 1367; x_wconf 83' lang='lat' dir='ltr'>cogitas;</span> <span class='ocrx_word' id='word_1_206' title='bbox 1654 1324 1720 1351; x_wconf 85' lang='lat' dir='ltr'>ra-</span> 
     </span>
     <span class='ocr_line' id='line_1_25' title="bbox 168 1366 1721 1423; baseline 0.001 -16"><span class='ocrx_word' id='word_1_207' title='bbox 168 1367 333 1407; x_wconf 89' lang='lat' dir='ltr'>tionem</span> <span class='ocrx_word' id='word_1_208' title='bbox 354 1372 484 1406; x_wconf 84' lang='lat' dir='ltr'>tantae</span> <span class='ocrx_word' id='word_1_209' title='bbox 511 1366 828 1418; x_wconf 81' lang='lat' dir='ltr'>familiaritatis,</span> <span class='ocrx_word' id='word_1_210' title='bbox 859 1373 989 1407; x_wconf 81' lang='lat' dir='ltr'>tantae</span> <span class='ocrx_word' id='word_1_211' title='bbox 1007 1367 1344 1418; x_wconf 86' lang='lat' dir='ltr'>consuetudinis,</span> <span class='ocrx_word' id='word_1_212' title='bbox 1366 1374 1495 1409; x_wconf 84' lang='lat' dir='ltr'>tantae</span> <span class='ocrx_word' id='word_1_213' title='bbox 1516 1368 1721 1423; x_wconf 89' lang='lat' dir='ltr'>conjunc-</span> 
     </span>
     <span class='ocr_line' id='line_1_26' title="bbox 166 1422 1720 1479; baseline 0.001 -16"><span class='ocrx_word' id='word_1_214' title='bbox 166 1422 314 1473; x_wconf 84' lang='lat' dir='ltr'>tionis,</span> <span class='ocrx_word' id='word_1_215' title='bbox 345 1422 498 1463; x_wconf 87' lang='lat' dir='ltr'>reddas</span> <span class='ocrx_word' id='word_1_216' title='bbox 519 1429 648 1478; x_wconf 88' lang='lat' dir='ltr'>atque</span> <span class='ocrx_word' id='word_1_217' title='bbox 669 1438 873 1479; x_wconf 82' lang='lat' dir='ltr'>exponas,</span> <span class='ocrx_word' id='word_1_218' title='bbox 904 1438 1082 1465; x_wconf 89' lang='lat' dir='ltr'>necesse</span> <span class='ocrx_word' id='word_1_219' title='bbox 1104 1431 1183 1466; x_wconf 90' lang='lat' dir='ltr'>est.</span> <span class='ocrx_word' id='word_1_220' title='bbox 1239 1425 1530 1466; x_wconf 77' lang='lat' dir='ltr'>Accusatores</span> <span class='ocrx_word' id='word_1_221' title='bbox 1547 1423 1720 1479; x_wconf 88' lang='lat' dir='ltr'>quidem</span> 
     </span>
     <span class='ocr_line' id='line_1_27' title="bbox 166 1479 1720 1532; baseline 0.001 -13"><span class='ocrx_word' id='word_1_222' title='bbox 166 1479 383 1529; x_wconf 82' lang='lat' dir='ltr'>libidines,</span> <span class='ocrx_word' id='word_1_223' title='bbox 397 1492 576 1529; x_wconf 78' lang='lat' dir='ltr'>amores,</span> <span class='ocrx_word' id='word_1_224' title='bbox 599 1480 821 1532; x_wconf 87' lang='lat' dir='ltr'>adulteria,</span> <span class='ocrx_word' id='word_1_225' title='bbox 837 1479 981 1531; x_wconf 88' lang='lat' dir='ltr'>Baias,</span> <span class='ocrx_word' id='word_1_226' title='bbox 995 1486 1128 1532; x_wconf 86' lang='lat' dir='ltr'>actas,</span> <span class='ocrx_word' id='word_1_227' title='bbox 1150 1480 1360 1530; x_wconf 87' lang='lat' dir='ltr'>convivia,</span> <span class='ocrx_word' id='word_1_228' title='bbox 1378 1480 1720 1532; x_wconf 84' lang='lat' dir='ltr'>comissationes,</span> 
     </span>
    </p>
   </div>
   <div class='ocr_carea' id='block_1_14' title="bbox 335 1629 537 1684">
    <p class='ocr_par' dir='ltr' id='par_1_14' title="bbox 335 1629 537 1684">
     <span class='ocr_line' id='line_1_28' title="bbox 335 1629 537 1684; baseline 0 -13"><span class='ocrx_word' id='word_1_229' title='bbox 335 1629 351 1653; x_wconf 71' lang='lat' dir='ltr'>d</span> <span class='ocrx_word' id='word_1_230' title='bbox 360 1630 537 1684; x_wconf 68' lang='lat' dir='ltr'>impure.</span> 
     </span>
    </p>
   </div>
   <div class='ocr_carea' id='block_1_15' title="bbox 163 1798 921 2822">
    <p class='ocr_par' dir='ltr' id='par_1_15' title="bbox 163 1798 920 2000">
     <span class='ocr_line' id='line_1_29' title="bbox 207 1798 920 1842; baseline 0.004 -13"><span class='ocrx_word' id='word_1_231' title='bbox 207 1800 261 1830; x_wconf 84' lang='lat'>50.</span> <span class='ocrx_word' id='word_1_232' title='bbox 305 1798 416 1830; x_wconf 61' lang='lat' dir='ltr'>Nostris</span> <span class='ocrx_word' id='word_1_233' title='bbox 433 1800 571 1841; x_wconf 78' lang='lat' dir='ltr'>imagines</span> <span class='ocrx_word' id='word_1_234' title='bbox 585 1800 704 1841; x_wconf 56' lang='lat' dir='ltr'>viriles]</span> <span class='ocrx_word' id='word_1_235' title='bbox 764 1800 920 1842; x_wconf 85' lang='lat' dir='ltr'>Imagines</span> 
     </span>
     <span class='ocr_line' id='line_1_30' title="bbox 163 1841 919 1883; baseline 0.003 -11"><span class='ocrx_word' id='word_1_236' title='bbox 163 1841 310 1882; x_wconf 83' lang='lat' dir='ltr'>intelligit</span> <span class='ocrx_word' id='word_1_237' title='bbox 336 1852 440 1872; x_wconf 83' lang='lat' dir='ltr'>eorum</span> <span class='ocrx_word' id='word_1_238' title='bbox 457 1843 511 1883; x_wconf 91' lang='lat' dir='ltr'>qui</span> <span class='ocrx_word' id='word_1_239' title='bbox 536 1843 566 1872; x_wconf 89' lang='lat' dir='ltr'>in</span> <span class='ocrx_word' id='word_1_240' title='bbox 583 1842 640 1873; x_wconf 70' lang='lat' dir='ltr'>hac</span> <span class='ocrx_word' id='word_1_241' title='bbox 658 1843 857 1874; x_wconf 84' lang='lat' dir='ltr'>Claudiorum</span> <span class='ocrx_word' id='word_1_242' title='bbox 873 1845 919 1874; x_wconf 87' lang='lat' dir='ltr'>fa-</span> 
     </span>
     <span class='ocr_line' id='line_1_31' title="bbox 164 1885 919 1927; baseline 0.004 -13"><span class='ocrx_word' id='word_1_243' title='bbox 164 1885 250 1915; x_wconf 68' lang='lat' dir='ltr'>milia</span> <span class='ocrx_word' id='word_1_244' title='bbox 276 1885 462 1917; x_wconf 86' lang='lat' dir='ltr'>claruerunt.</span> <span class='ocrx_word' id='word_1_245' title='bbox 508 1886 568 1915; x_wconf 77' lang='lat' dir='ltr'>Hae</span> <span class='ocrx_word' id='word_1_246' title='bbox 593 1891 696 1916; x_wconf 88' lang='lat' dir='ltr'>autem</span> <span class='ocrx_word' id='word_1_247' title='bbox 720 1887 870 1927; x_wconf 82' lang='lat' dir='ltr'>imagines</span> <span class='ocrx_word' id='word_1_248' title='bbox 887 1887 919 1917; x_wconf 92' lang='lat' dir='ltr'>in</span> 
     </span>
     <span class='ocr_line' id='line_1_32' title="bbox 166 1928 917 1968; baseline 0.003 -11"><span class='ocrx_word' id='word_1_249' title='bbox 166 1929 292 1957; x_wconf 88' lang='lat' dir='ltr'>domum</span> <span class='ocrx_word' id='word_1_250' title='bbox 308 1928 476 1968; x_wconf 85' lang='lat' dir='ltr'>aliquando</span> <span class='ocrx_word' id='word_1_251' title='bbox 499 1929 676 1959; x_wconf 87' lang='lat' dir='ltr'>maritorum</span> <span class='ocrx_word' id='word_1_252' title='bbox 707 1930 746 1959; x_wconf 87' lang='lat' dir='ltr'>ab</span> <span class='ocrx_word' id='word_1_253' title='bbox 773 1930 917 1960; x_wconf 81' lang='lat' dir='ltr'>uxoribus</span> 
     </span>
     <span class='ocr_line' id='line_1_33' title="bbox 166 1971 436 2000; baseline 0 0"><span class='ocrx_word' id='word_1_254' title='bbox 166 1971 436 2000; x_wconf 79' lang='lat' dir='ltr'>transferebantur.</span> 
     </span>
    </p>

    <p class='ocr_par' dir='ltr' id='par_1_16' title="bbox 163 2012 921 2308">
     <span class='ocr_line' id='line_1_34' title="bbox 207 2012 921 2054; baseline 0.003 -11"><span class='ocrx_word' id='word_1_255' title='bbox 207 2015 259 2043; x_wconf 89' lang='lat'>51.</span> <span class='ocrx_word' id='word_1_256' title='bbox 277 2012 335 2042; x_wconf 83' lang='lat' dir='ltr'>Illa</span> <span class='ocrx_word' id='word_1_257' title='bbox 353 2013 504 2053; x_wconf 58' lang='lat' dir='ltr'>Claudia]</span> <span class='ocrx_word' id='word_1_258' title='bbox 518 2012 594 2043; x_wconf 82' lang='lat' dir='ltr'>Haec</span> <span class='ocrx_word' id='word_1_259' title='bbox 607 2013 750 2050; x_wconf 83' lang='lat' dir='ltr'>Claudia,</span> <span class='ocrx_word' id='word_1_260' title='bbox 764 2013 846 2054; x_wconf 66' lang='lat' dir='ltr'>qudd</span> <span class='ocrx_word' id='word_1_261' title='bbox 858 2015 921 2045; x_wconf 90' lang='lat' dir='ltr'>ele-</span> 
     </span>
     <span class='ocr_line' id='line_1_35' title="bbox 164 2055 920 2095; baseline 0.004 -11"><span class='ocrx_word' id='word_1_262' title='bbox 164 2055 296 2094; x_wconf 82' lang='lat' dir='ltr'>gantiori</span> <span class='ocrx_word' id='word_1_263' title='bbox 312 2061 396 2086; x_wconf 83' lang='lat' dir='ltr'>veste</span> <span class='ocrx_word' id='word_1_264' title='bbox 410 2056 602 2092; x_wconf 84' lang='lat' dir='ltr'>indueretur,</span> <span class='ocrx_word' id='word_1_265' title='bbox 619 2055 725 2095; x_wconf 72' lang='lat' dir='ltr'>parum</span> <span class='ocrx_word' id='word_1_266' title='bbox 735 2057 849 2095; x_wconf 88' lang='lat' dir='ltr'>pudica</span> <span class='ocrx_word' id='word_1_267' title='bbox 865 2058 920 2087; x_wconf 90' lang='lat' dir='ltr'>ha-</span> 
     </span>
     <span class='ocr_line' id='line_1_36' title="bbox 164 2097 918 2138; baseline 0.004 -11"><span class='ocrx_word' id='word_1_268' title='bbox 164 2099 229 2127; x_wconf 77' lang='lat' dir='ltr'>bita</span> <span class='ocrx_word' id='word_1_269' title='bbox 252 2103 315 2134; x_wconf 67' lang='grc' dir='ltr'>θείς</span> <span class='ocrx_word' id='word_1_270' title='bbox 341 2099 394 2128; x_wconf 86' lang='lat' dir='ltr'>sed</span> <span class='ocrx_word' id='word_1_271' title='bbox 425 2099 490 2128; x_wconf 82' lang='lat' dir='ltr'>(leae</span> <span class='ocrx_word' id='word_1_272' title='bbox 514 2097 650 2138; x_wconf 77' lang='lat' dir='ltr'>Cybeles</span> <span class='ocrx_word' id='word_1_273' title='bbox 680 2100 857 2129; x_wconf 79' lang='lat' dir='ltr'>testimonio</span> <span class='ocrx_word' id='word_1_274' title='bbox 887 2101 918 2130; x_wconf 85' lang='lat' dir='ltr'>id</span> 
     </span>
     <span class='ocr_line' id='line_1_37' title="bbox 163 2140 919 2180; baseline 0.005 -11"><span class='ocrx_word' id='word_1_275' title='bbox 163 2140 273 2170; x_wconf 79' lang='lat' dir='ltr'>falsum</span> <span class='ocrx_word' id='word_1_276' title='bbox 285 2142 512 2180; x_wconf 81' lang='lat' dir='ltr'>deprehensum</span> <span class='ocrx_word' id='word_1_277' title='bbox 523 2146 580 2176; x_wconf 85' lang='lat' dir='ltr'>est,</span> <span class='ocrx_word' id='word_1_278' title='bbox 591 2140 672 2177; x_wconf 74' lang='lat' dir='ltr'>cum,</span> <span class='ocrx_word' id='word_1_279' title='bbox 685 2141 765 2172; x_wconf 81' lang='lat' dir='ltr'>illius</span> <span class='ocrx_word' id='word_1_280' title='bbox 780 2142 919 2173; x_wconf 85' lang='lat' dir='ltr'>Claudiae</span> 
     </span>
     <span class='ocr_line' id='line_1_38' title="bbox 164 2182 919 2224; baseline 0.004 -12"><span class='ocrx_word' id='word_1_281' title='bbox 164 2182 270 2223; x_wconf 71' lang='lat' dir='ltr'>opera,</span> <span class='ocrx_word' id='word_1_282' title='bbox 288 2183 425 2224; x_wconf 83' lang='lat' dir='ltr'>Cybeles</span> <span class='ocrx_word' id='word_1_283' title='bbox 443 2183 636 2213; x_wconf 81' lang='lat' dir='ltr'>simulacrum</span> <span class='ocrx_word' id='word_1_284' title='bbox 652 2185 684 2214; x_wconf 89' lang='lat' dir='ltr'>in</span> <span class='ocrx_word' id='word_1_285' title='bbox 701 2185 817 2215; x_wconf 85' lang='lat' dir='ltr'>Urbem</span> <span class='ocrx_word' id='word_1_286' title='bbox 833 2185 919 2215; x_wconf 86' lang='lat' dir='ltr'>dela-</span> 
     </span>
     <span class='ocr_line' id='line_1_39' title="bbox 167 2226 918 2266; baseline 0.005 -11"><span class='ocrx_word' id='word_1_287' title='bbox 167 2232 232 2255; x_wconf 85' lang='lat' dir='ltr'>tum</span> <span class='ocrx_word' id='word_1_288' title='bbox 249 2231 305 2261; x_wconf 82' lang='lat' dir='ltr'>est,</span> <span class='ocrx_word' id='word_1_289' title='bbox 322 2227 418 2266; x_wconf 86' lang='lat' dir='ltr'>quod,</span> <span class='ocrx_word' id='word_1_290' title='bbox 433 2227 513 2256; x_wconf 85' lang='lat' dir='ltr'>vado</span> <span class='ocrx_word' id='word_1_291' title='bbox 528 2226 673 2257; x_wconf 86' lang='lat' dir='ltr'>Tiberino</span> <span class='ocrx_word' id='word_1_292' title='bbox 694 2228 918 2264; x_wconf 74' lang='lat' dir='ltr'>adhaerescens,</span> 
     </span>
     <span class='ocr_line' id='line_1_40' title="bbox 166 2269 652 2308; baseline 0 -9"><span class='ocrx_word' id='word_1_293' title='bbox 166 2269 355 2308; x_wconf 81' lang='lat' dir='ltr'>cingulosuo</span> <span class='ocrx_word' id='word_1_294' title='bbox 371 2270 409 2298; x_wconf 88' lang='lat' dir='ltr'>ad</span> <span class='ocrx_word' id='word_1_295' title='bbox 426 2269 496 2298; x_wconf 80' lang='lat' dir='ltr'>litus</span> <span class='ocrx_word' id='word_1_296' title='bbox 512 2270 652 2299; x_wconf 80' lang='lat' dir='ltr'>extraxit.</span> 
     </span>
    </p>

    <p class='ocr_par' dir='ltr' id='par_1_17' title="bbox 164 2311 918 2555">
     <span class='ocr_line' id='line_1_41' title="bbox 208 2311 918 2353; baseline 0.003 -12"><span class='ocrx_word' id='word_1_297' title='bbox 208 2313 262 2341; x_wconf 71' lang='lat'>52.</span> <span class='ocrx_word' id='word_1_298' title='bbox 286 2311 372 2351; x_wconf 71' lang='lat' dir='ltr'>Virgo</span> <span class='ocrx_word' id='word_1_299' title='bbox 390 2311 534 2351; x_wconf 68' lang='lat' dir='ltr'>Vestalis]</span> <span class='ocrx_word' id='word_1_300' title='bbox 561 2312 637 2342; x_wconf 78' lang='lat' dir='ltr'>Haec</span> <span class='ocrx_word' id='word_1_301' title='bbox 648 2313 783 2343; x_wconf 81' lang='lat' dir='ltr'>Vestalis</span> <span class='ocrx_word' id='word_1_302' title='bbox 798 2319 918 2353; x_wconf 80' lang='lat' dir='ltr'>patrem</span> 
     </span>
     <span class='ocr_line' id='line_1_42' title="bbox 165 2353 917 2394; baseline 0.005 -12"><span class='ocrx_word' id='word_1_303' title='bbox 165 2353 405 2393; x_wconf 76' lang='lat' dir='ltr'>triumphantem</span> <span class='ocrx_word' id='word_1_304' title='bbox 420 2354 537 2393; x_wconf 85' lang='lat' dir='ltr'>injussu</span> <span class='ocrx_word' id='word_1_305' title='bbox 556 2355 675 2394; x_wconf 87' lang='lat' dir='ltr'>populi,</span> <span class='ocrx_word' id='word_1_306' title='bbox 689 2366 815 2386; x_wconf 88' lang='lat' dir='ltr'>ascenso</span> <span class='ocrx_word' id='word_1_307' title='bbox 828 2357 917 2386; x_wconf 84' lang='lat' dir='ltr'>simul</span> 
     </span>
     <span class='ocr_line' id='line_1_43' title="bbox 165 2396 917 2437; baseline 0.004 -11"><span class='ocrx_word' id='word_1_308' title='bbox 165 2406 264 2431; x_wconf 91' lang='lat' dir='ltr'>curru,</span> <span class='ocrx_word' id='word_1_309' title='bbox 281 2397 421 2436; x_wconf 84' lang='lat' dir='ltr'>usquein</span> <span class='ocrx_word' id='word_1_310' title='bbox 433 2396 621 2435; x_wconf 80' lang='lat' dir='ltr'>Capitolium</span> <span class='ocrx_word' id='word_1_311' title='bbox 634 2406 796 2437; x_wconf 80' lang='lat' dir='ltr'>prosecuta</span> <span class='ocrx_word' id='word_1_312' title='bbox 809 2405 867 2434; x_wconf 85' lang='lat' dir='ltr'>est,</span> <span class='ocrx_word' id='word_1_313' title='bbox 878 2410 917 2429; x_wconf 88' lang='lat' dir='ltr'>ne</span> 
     </span>
     <span class='ocr_line' id='line_1_44' title="bbox 164 2439 917 2480; baseline 0.005 -13"><span class='ocrx_word' id='word_1_314' title='bbox 164 2445 269 2468; x_wconf 84' lang='lat' dir='ltr'>vetare</span> <span class='ocrx_word' id='word_1_315' title='bbox 285 2444 338 2468; x_wconf 87' lang='lat' dir='ltr'>aut</span> <span class='ocrx_word' id='word_1_316' title='bbox 352 2439 534 2469; x_wconf 81' lang='lat' dir='ltr'>interdicere</span> <span class='ocrx_word' id='word_1_317' title='bbox 560 2440 705 2480; x_wconf 85' lang='lat' dir='ltr'>cuiquam</span> <span class='ocrx_word' id='word_1_318' title='bbox 726 2441 917 2471; x_wconf 82' lang='lat' dir='ltr'>tribunorum</span> 
     </span>
     <span class='ocr_line' id='line_1_45' title="bbox 164 2481 916 2523; baseline 0.005 -13"><span class='ocrx_word' id='word_1_319' title='bbox 164 2481 211 2510; x_wconf 78' lang='lat' dir='ltr'>fas</span> <span class='ocrx_word' id='word_1_320' title='bbox 227 2487 318 2510; x_wconf 70' lang='lat' dir='ltr'>esset.</span> <span class='ocrx_word' id='word_1_321' title='bbox 363 2482 413 2512; x_wconf 90' lang='lat' dir='ltr'>De</span> <span class='ocrx_word' id='word_1_322' title='bbox 430 2482 488 2511; x_wconf 69' lang='lat' dir='ltr'>hac</span> <span class='ocrx_word' id='word_1_323' title='bbox 506 2482 626 2512; x_wconf 81' lang='lat' dir='ltr'>Vestali</span> <span class='ocrx_word' id='word_1_324' title='bbox 647 2482 782 2523; x_wconf 82' lang='lat' dir='ltr'>loquitur</span> <span class='ocrx_word' id='word_1_325' title='bbox 805 2483 916 2514; x_wconf 90' lang='lat' dir='ltr'>Sueto-</span> 
     </span>
     <span class='ocr_line' id='line_1_46' title="bbox 164 2523 611 2555; baseline 0.007 -3"><span class='ocrx_word' id='word_1_326' title='bbox 164 2523 233 2553; x_wconf 88' lang='lat' dir='ltr'>nius</span> <span class='ocrx_word' id='word_1_327' title='bbox 246 2523 276 2552; x_wconf 90' lang='lat' dir='ltr'>in</span> <span class='ocrx_word' id='word_1_328' title='bbox 292 2523 361 2553; x_wconf 88' lang='lat' dir='ltr'>Tib.</span> <span class='ocrx_word' id='word_1_329' title='bbox 377 2530 408 2554; x_wconf 84' lang='lat' dir='ltr'>et</span> <span class='ocrx_word' id='word_1_330' title='bbox 423 2524 496 2555; x_wconf 89' lang='lat' dir='ltr'>Val.</span> <span class='ocrx_word' id='word_1_331' title='bbox 514 2524 567 2555; x_wconf 86' lang='lat' dir='ltr'>lib.</span> <span class='ocrx_word' id='word_1_332' title='bbox 581 2526 611 2555; x_wconf 89' lang='lat'>5.</span> 
     </span>
    </p>

    <p class='ocr_par' dir='ltr' id='par_1_18' title="bbox 163 2566 917 2734">
     <span class='ocr_line' id='line_1_47' title="bbox 207 2566 917 2607; baseline 0.001 -11"><span class='ocrx_word' id='word_1_333' title='bbox 207 2568 259 2596; x_wconf 83' lang='lat'>53.</span> <span class='ocrx_word' id='word_1_334' title='bbox 287 2566 414 2596; x_wconf 78' lang='lat' dir='ltr'>Tribuno</span> <span class='ocrx_word' id='word_1_335' title='bbox 439 2567 553 2606; x_wconf 48' lang='lat' dir='ltr'>plebia]</span> <span class='ocrx_word' id='word_1_336' title='bbox 599 2567 728 2597; x_wconf 76' lang='lat' dir='ltr'>Tribuni</span> <span class='ocrx_word' id='word_1_337' title='bbox 755 2567 854 2607; x_wconf 85' lang='lat' dir='ltr'>plebis</span> <span class='ocrx_word' id='word_1_338' title='bbox 870 2568 917 2598; x_wconf 88' lang='lat' dir='ltr'>in-</span> 
     </span>
     <span class='ocr_line' id='line_1_48' title="bbox 164 2609 914 2650; baseline 0.004 -12"><span class='ocrx_word' id='word_1_339' title='bbox 164 2609 265 2638; x_wconf 87' lang='lat' dir='ltr'>terced</span> <span class='ocrx_word' id='word_1_340' title='bbox 272 2619 321 2638; x_wconf 82' lang='lat' dir='ltr'>ere</span> <span class='ocrx_word' id='word_1_341' title='bbox 333 2614 485 2648; x_wconf 82' lang='lat' dir='ltr'>poterant,</span> <span class='ocrx_word' id='word_1_342' title='bbox 496 2620 534 2639; x_wconf 89' lang='lat' dir='ltr'>ne</span> <span class='ocrx_word' id='word_1_343' title='bbox 544 2609 611 2649; x_wconf 89' lang='lat' dir='ltr'>quis</span> <span class='ocrx_word' id='word_1_344' title='bbox 625 2611 835 2650; x_wconf 78' lang='lat' dir='ltr'>triumpharet.</span> <span class='ocrx_word' id='word_1_345' title='bbox 851 2610 914 2648; x_wconf 84' lang='lat' dir='ltr'>Sic,</span> 
     </span>
     <span class='ocr_line' id='line_1_49' title="bbox 163 2651 910 2689; baseline 0.007 -10"><span class='ocrx_word' id='word_1_346' title='bbox 163 2652 245 2689; x_wconf 82' lang='lat' dir='ltr'>apud</span> <span class='ocrx_word' id='word_1_347' title='bbox 262 2651 394 2686; x_wconf 80' lang='lat' dir='ltr'>Livium,</span> <span class='ocrx_word' id='word_1_348' title='bbox 406 2651 461 2681; x_wconf 87' lang='lat' dir='ltr'>lib.</span> <span class='ocrx_word' id='word_1_349' title='bbox 477 2654 528 2682; x_wconf 81' lang='lat'>39.</span> <span class='ocrx_word' id='word_1_350' title='bbox 547 2652 593 2682; x_wconf 88' lang='grc' dir='ltr'>Μ.</span> <span class='ocrx_word' id='word_1_351' title='bbox 607 2652 752 2683; x_wconf 74' lang='lat' dir='ltr'>Albutius</span> <span class='ocrx_word' id='word_1_352' title='bbox 773 2654 910 2684; x_wconf 87' lang='lat' dir='ltr'>tribunus</span> 
     </span>
     <span class='ocr_line' id='line_1_50' title="bbox 164 2694 754 2734; baseline 0.007 -11"><span class='ocrx_word' id='word_1_353' title='bbox 164 2694 261 2732; x_wconf 66' lang='lat' dir='ltr'>plebis</span> <span class='ocrx_word' id='word_1_354' title='bbox 279 2694 324 2723; x_wconf 79' lang='lat' dir='ltr'>M.</span> <span class='ocrx_word' id='word_1_355' title='bbox 339 2694 438 2724; x_wconf 83' lang='lat' dir='ltr'>Fulvii</span> <span class='ocrx_word' id='word_1_356' title='bbox 455 2695 608 2734; x_wconf 86' lang='lat' dir='ltr'>triumpho</span> <span class='ocrx_word' id='word_1_357' title='bbox 624 2696 754 2727; x_wconf 78' lang='lat' dir='ltr'>obstitit.</span> 
     </span>
    </p>

    <p class='ocr_par' dir='ltr' id='par_1_19' title="bbox 163 2736 913 2822">
     <span class='ocr_line' id='line_1_51' title="bbox 203 2736 912 2779; baseline 0.007 -13"><span class='ocrx_word' id='word_1_358' title='bbox 203 2738 256 2766; x_wconf 74' lang='lat'>56.</span> <span class='ocrx_word' id='word_1_359' title='bbox 284 2736 386 2767; x_wconf 75' lang='lat' dir='ltr'>Pacem</span> <span class='ocrx_word' id='word_1_360' title='bbox 403 2737 545 2778; x_wconf 64' lang='lat' dir='ltr'>Pyrrhi]</span> <span class='ocrx_word' id='word_1_361' title='bbox 589 2738 646 2769; x_wconf 85' lang='lat' dir='ltr'>Per</span> <span class='ocrx_word' id='word_1_362' title='bbox 671 2745 912 2779; x_wconf 78' lang='lat' dir='ltr'>quatuoi·.annos</span> 
     </span>
     <span class='ocr_line' id='line_1_52' title="bbox 163 2777 913 2822; baseline 0.009 -14"><span class='ocrx_word' id='word_1_363' title='bbox 163 2777 297 2809; x_wconf 77' lang='lat' dir='ltr'>Romani</span> <span class='ocrx_word' id='word_1_364' title='bbox 334 2780 528 2811; x_wconf 81' lang='lat' dir='ltr'>acerbissima</span> <span class='ocrx_word' id='word_1_365' title='bbox 552 2780 633 2812; x_wconf 84' lang='lat' dir='ltr'>bella</span> <span class='ocrx_word' id='word_1_366' title='bbox 660 2788 820 2822; x_wconf 73' lang='lat' dir='ltr'>gesserunt</span> <span class='ocrx_word' id='word_1_367' title='bbox 843 2794 913 2815; x_wconf 80' lang='lat' dir='ltr'>curn</span> 
     </span>
    </p>
   </div>
   <div class='ocr_carea' id='block_1_16' title="bbox 767 1632 1105 1687">
    <p class='ocr_par' dir='ltr' id='par_1_20' title="bbox 767 1632 1105 1687">
     <span class='ocr_line' id='line_1_53' title="bbox 767 1632 1105 1687; baseline -0.003 -15"><span class='ocrx_word' id='word_1_368' title='bbox 767 1637 781 1654; x_wconf 50' lang='grc' dir='ltr'>Θ·</span> <span class='ocrx_word' id='word_1_369' title='bbox 785 1632 1105 1687; x_wconf 74' lang='lat' dir='ltr'>frequentares.</span> 
     </span>
    </p>
   </div>
   <div class='ocr_carea' id='block_1_17' title="bbox 1335 1631 1550 1674">
    <p class='ocr_par' dir='ltr' id='par_1_21' title="bbox 1335 1631 1550 1674">
     <span class='ocr_line' id='line_1_54' title="bbox 1335 1631 1550 1674; baseline 0 0"><span class='ocrx_word' id='word_1_370' title='bbox 1335 1631 1349 1655; x_wconf 75' lang='lat' dir='ltr'><strong>f</strong></span> <span class='ocrx_word' id='word_1_371' title='bbox 1357 1646 1550 1674; x_wconf 80' lang='lat' dir='ltr'>accusas.</span> 
     </span>
    </p>
   </div>
   <div class='ocr_carea' id='block_1_18' title="bbox 957 1801 1719 2824">
    <p class='ocr_par' dir='ltr' id='par_1_22' title="bbox 962 1801 1719 2090">
     <span class='ocr_line' id='line_1_55' title="bbox 963 1801 1719 1844; baseline 0 -12"><span class='ocrx_word' id='word_1_372' title='bbox 963 1801 1150 1838; x_wconf 86' lang='lat' dir='ltr'>Tarentinis,</span> <span class='ocrx_word' id='word_1_373' title='bbox 1174 1801 1228 1843; x_wconf 87' lang='lat' dir='ltr'>qui</span> <span class='ocrx_word' id='word_1_374' title='bbox 1253 1802 1420 1844; x_wconf 86' lang='lat' dir='ltr'>Pyrrhum,</span> <span class='ocrx_word' id='word_1_375' title='bbox 1443 1801 1533 1842; x_wconf 89' lang='lat' dir='ltr'>Epiri</span> <span class='ocrx_word' id='word_1_376' title='bbox 1547 1812 1663 1843; x_wconf 87' lang='lat' dir='ltr'>regem,</span> <span class='ocrx_word' id='word_1_377' title='bbox 1685 1801 1719 1832; x_wconf 85' lang='lat' dir='ltr'>in</span> 
     </span>
     <span class='ocr_line' id='line_1_56' title="bbox 963 1844 1718 1885; baseline 0.001 -11"><span class='ocrx_word' id='word_1_378' title='bbox 963 1845 1108 1875; x_wconf 81' lang='lat' dir='ltr'>auxilium</span> <span class='ocrx_word' id='word_1_379' title='bbox 1134 1851 1332 1877; x_wconf 83' lang='lat' dir='ltr'>vocaverunt.</span> <span class='ocrx_word' id='word_1_380' title='bbox 1376 1845 1596 1885; x_wconf 82' lang='lat' dir='ltr'>Transgressus</span> <span class='ocrx_word' id='word_1_381' title='bbox 1611 1844 1664 1875; x_wconf 83' lang='lat' dir='ltr'>ille</span> <span class='ocrx_word' id='word_1_382' title='bbox 1685 1844 1718 1875; x_wconf 88' lang='lat' dir='ltr'>in</span> 
     </span>
     <span class='ocr_line' id='line_1_57' title="bbox 962 1887 1719 1929; baseline 0.001 -13"><span class='ocrx_word' id='word_1_383' title='bbox 962 1887 1098 1924; x_wconf 84' lang='lat' dir='ltr'>Italiam,</span> <span class='ocrx_word' id='word_1_384' title='bbox 1121 1893 1153 1917; x_wconf 86' lang='lat' dir='ltr'>et</span> <span class='ocrx_word' id='word_1_385' title='bbox 1168 1888 1266 1928; x_wconf 91' lang='lat' dir='ltr'>primo</span> <span class='ocrx_word' id='word_1_386' title='bbox 1281 1899 1448 1928; x_wconf 85' lang='lat' dir='ltr'>congressu</span> <span class='ocrx_word' id='word_1_387' title='bbox 1473 1889 1581 1923; x_wconf 85' lang='lat' dir='ltr'>victor,</span> <span class='ocrx_word' id='word_1_388' title='bbox 1608 1897 1719 1929; x_wconf 84' lang='lat' dir='ltr'>pacem</span> 
     </span>
     <span class='ocr_line' id='line_1_58' title="bbox 962 1929 1718 1971; baseline 0.001 -12"><span class='ocrx_word' id='word_1_389' title='bbox 962 1929 1118 1960; x_wconf 84' lang='lat' dir='ltr'>Romanis</span> <span class='ocrx_word' id='word_1_390' title='bbox 1134 1930 1255 1967; x_wconf 81' lang='lat' dir='ltr'>obtulit,</span> <span class='ocrx_word' id='word_1_391' title='bbox 1272 1942 1365 1971; x_wconf 92' lang='lat' dir='ltr'>quam</span> <span class='ocrx_word' id='word_1_392' title='bbox 1381 1931 1426 1960; x_wconf 87' lang='lat' dir='ltr'>illi</span> <span class='ocrx_word' id='word_1_393' title='bbox 1439 1931 1542 1960; x_wconf 87' lang='lat' dir='ltr'>forsan</span> <span class='ocrx_word' id='word_1_394' title='bbox 1558 1930 1718 1970; x_wconf 86' lang='lat' dir='ltr'>accepturi</span> 
     </span>
     <span class='ocr_line' id='line_1_59' title="bbox 964 1972 1718 2014; baseline -0.001 -11"><span class='ocrx_word' id='word_1_395' title='bbox 964 1979 1064 2012; x_wconf 85' lang='lat' dir='ltr'>erant,</span> <span class='ocrx_word' id='word_1_396' title='bbox 1088 1973 1121 2003; x_wconf 85' lang='lat' dir='ltr'>ni</span> <span class='ocrx_word' id='word_1_397' title='bbox 1137 1972 1260 2014; x_wconf 88' lang='lat' dir='ltr'>Appius</span> <span class='ocrx_word' id='word_1_398' title='bbox 1277 1974 1399 2008; x_wconf 78' lang='lat' dir='ltr'>Caecus,</span> <span class='ocrx_word' id='word_1_399' title='bbox 1421 1973 1533 2003; x_wconf 65' lang='lat' dir='ltr'>lectica</span> <span class='ocrx_word' id='word_1_400' title='bbox 1548 1972 1670 2002; x_wconf 85' lang='lat' dir='ltr'>delatus</span> <span class='ocrx_word' id='word_1_401' title='bbox 1684 1973 1718 2003; x_wconf 89' lang='lat' dir='ltr'>in</span> 
     </span>
     <span class='ocr_line' id='line_1_60' title="bbox 964 2015 1718 2056; baseline 0.003 -12"><span class='ocrx_word' id='word_1_402' title='bbox 964 2021 1116 2051; x_wconf 85' lang='lat' dir='ltr'>senatum,</span> <span class='ocrx_word' id='word_1_403' title='bbox 1132 2016 1241 2056; x_wconf 68' lang='lat' dir='ltr'>magna</span> <span class='ocrx_word' id='word_1_404' title='bbox 1255 2027 1331 2046; x_wconf 83' lang='lat' dir='ltr'>voce</span> <span class='ocrx_word' id='word_1_405' title='bbox 1345 2022 1377 2046; x_wconf 81' lang='lat' dir='ltr'>et</span> <span class='ocrx_word' id='word_1_406' title='bbox 1389 2015 1482 2045; x_wconf 88' lang='lat' dir='ltr'>firmis</span> <span class='ocrx_word' id='word_1_407' title='bbox 1492 2015 1638 2046; x_wconf 84' lang='lat' dir='ltr'>lateribus</span> <span class='ocrx_word' id='word_1_408' title='bbox 1648 2026 1718 2046; x_wconf 84' lang='lat' dir='ltr'>eam</span> 
     </span>
     <span class='ocr_line' id='line_1_61' title="bbox 965 2057 1692 2090; baseline 0.001 -3"><span class='ocrx_word' id='word_1_409' title='bbox 965 2058 1168 2088; x_wconf 82' lang='lat' dir='ltr'>dissuasisset.</span> <span class='ocrx_word' id='word_1_410' title='bbox 1214 2058 1297 2089; x_wconf 88' lang='lat' dir='ltr'>Vide</span> <span class='ocrx_word' id='word_1_411' title='bbox 1315 2059 1498 2090; x_wconf 83' lang='lat' dir='ltr'>Ciceronem</span> <span class='ocrx_word' id='word_1_412' title='bbox 1513 2058 1545 2088; x_wconf 90' lang='lat' dir='ltr'>in</span> <span class='ocrx_word' id='word_1_413' title='bbox 1560 2057 1692 2090; x_wconf 87' lang='lat' dir='ltr'>Catone.</span> 
     </span>
    </p>

    <p class='ocr_par' dir='ltr' id='par_1_23' title="bbox 963 2101 1718 2185">
     <span class='ocr_line' id='line_1_62' title="bbox 1006 2101 1718 2143; baseline 0 -12"><span class='ocrx_word' id='word_1_414' title='bbox 1006 2103 1060 2133; x_wconf 82' lang='lat'>57.</span> <span class='ocrx_word' id='word_1_415' title='bbox 1086 2101 1205 2131; x_wconf 80' lang='lat' dir='ltr'>Foedera</span> <span class='ocrx_word' id='word_1_416' title='bbox 1217 2101 1353 2143; x_wconf 57' lang='lat' dir='ltr'>serires-J</span> <span class='ocrx_word' id='word_1_417' title='bbox 1399 2101 1522 2132; x_wconf 81' lang='lat' dir='ltr'>Alludit</span> <span class='ocrx_word' id='word_1_418' title='bbox 1534 2102 1574 2131; x_wconf 83' lang='lat' dir='ltr'>ad</span> <span class='ocrx_word' id='word_1_419' title='bbox 1590 2101 1718 2132; x_wconf 83' lang='lat' dir='ltr'>foederis</span> 
     </span>
     <span class='ocr_line' id='line_1_63' title="bbox 963 2143 1675 2185; baseline 0.001 -12"><span class='ocrx_word' id='word_1_420' title='bbox 963 2143 1100 2173; x_wconf 85' lang='lat' dir='ltr'>faciendi</span> <span class='ocrx_word' id='word_1_421' title='bbox 1113 2144 1248 2180; x_wconf 86' lang='lat' dir='ltr'>verbum,</span> <span class='ocrx_word' id='word_1_422' title='bbox 1258 2144 1290 2174; x_wconf 90' lang='lat' dir='ltr'>in</span> <span class='ocrx_word' id='word_1_423' title='bbox 1305 2155 1367 2185; x_wconf 84' lang='lat' dir='ltr'>quo</span> <span class='ocrx_word' id='word_1_424' title='bbox 1381 2154 1475 2185; x_wconf 81' lang='lat' dir='ltr'>porca</span> <span class='ocrx_word' id='word_1_425' title='bbox 1487 2143 1675 2174; x_wconf 58' lang='lat' dir='ltr'>fen‘ebatun</span> 
     </span>
    </p>

    <p class='ocr_par' dir='ltr' id='par_1_24' title="bbox 963 2186 1718 2302">
     <span class='ocr_line' id='line_1_64' title="bbox 1006 2186 1718 2228; baseline 0.003 -12"><span class='ocrx_word' id='word_1_426' title='bbox 1006 2189 1060 2217; x_wconf 84' lang='lat'>58.</span> <span class='ocrx_word' id='word_1_427' title='bbox 1102 2187 1216 2226; x_wconf 80' lang='lat' dir='ltr'>Aquam</span> <span class='ocrx_word' id='word_1_428' title='bbox 1237 2188 1394 2228; x_wconf 49' lang='lat' dir='ltr'>addua]</span> <span class='ocrx_word' id='word_1_429' title='bbox 1420 2186 1546 2227; x_wconf 84' lang='lat' dir='ltr'>Appius</span> <span class='ocrx_word' id='word_1_430' title='bbox 1565 2186 1618 2217; x_wconf 80' lang='lat' dir='ltr'>ille</span> <span class='ocrx_word' id='word_1_431' title='bbox 1649 2186 1718 2218; x_wconf 81' lang='lat' dir='ltr'>Cae-</span> 
     </span>
     <span class='ocr_line' id='line_1_65' title="bbox 963 2229 1717 2272; baseline 0.001 -13"><span class='ocrx_word' id='word_1_432' title='bbox 963 2239 1016 2259; x_wconf 92' lang='lat' dir='ltr'>cus</span> <span class='ocrx_word' id='word_1_433' title='bbox 1030 2239 1140 2270; x_wconf 76' lang='lat' dir='ltr'>aquarn</span> <span class='ocrx_word' id='word_1_434' title='bbox 1155 2230 1311 2261; x_wconf 83' lang='lat' dir='ltr'>Anienem</span> <span class='ocrx_word' id='word_1_435' title='bbox 1327 2231 1358 2260; x_wconf 90' lang='lat' dir='ltr'>in</span> <span class='ocrx_word' id='word_1_436' title='bbox 1373 2230 1490 2262; x_wconf 90' lang='lat' dir='ltr'>Urbem</span> <span class='ocrx_word' id='word_1_437' title='bbox 1504 2229 1625 2260; x_wconf 83' lang='lat' dir='ltr'>induxit</span> <span class='ocrx_word' id='word_1_438' title='bbox 1635 2240 1717 2272; x_wconf 71' lang='lat' dir='ltr'>anno</span> 
     </span>
     <span class='ocr_line' id='line_1_66' title="bbox 964 2271 1148 2302; baseline 0 0"><span class='ocrx_word' id='word_1_439' title='bbox 964 2271 1056 2302; x_wconf 82' lang='lat' dir='ltr'>Urbis</span> <span class='ocrx_word' id='word_1_440' title='bbox 1073 2275 1148 2302; x_wconf 79' lang='lat'>441.</span> 
     </span>
    </p>

    <p class='ocr_par' dir='ltr' id='par_1_25' title="bbox 960 2312 1716 2526">
     <span class='ocr_line' id='line_1_67' title="bbox 1006 2312 1714 2356; baseline 0 -12"><span class='ocrx_word' id='word_1_441' title='bbox 1006 2314 1055 2345; x_wconf 91' lang='lat' dir='ltr'>Ib.</span> <span class='ocrx_word' id='word_1_442' title='bbox 1084 2314 1165 2345; x_wconf 74' lang='lat' dir='ltr'>Viam</span> <span class='ocrx_word' id='word_1_443' title='bbox 1193 2315 1334 2355; x_wconf 65' lang='lat' dir='ltr'>munivi]</span> <span class='ocrx_word' id='word_1_444' title='bbox 1396 2314 1455 2345; x_wconf 84' lang='lat' dir='ltr'>Via</span> <span class='ocrx_word' id='word_1_445' title='bbox 1472 2316 1538 2345; x_wconf 86' lang='lat' dir='ltr'>haec</span> <span class='ocrx_word' id='word_1_446' title='bbox 1551 2312 1659 2356; x_wconf 76' lang='lat' dir='ltr'>Appia</span> <span class='ocrx_word' id='word_1_447' title='bbox 1674 2315 1714 2345; x_wconf 89' lang='lat' dir='ltr'>ab</span> 
     </span>
     <span class='ocr_line' id='line_1_68' title="bbox 962 2356 1715 2398; baseline 0.001 -12"><span class='ocrx_word' id='word_1_448' title='bbox 962 2357 1036 2388; x_wconf 92' lang='lat' dir='ltr'>urbe</span> <span class='ocrx_word' id='word_1_449' title='bbox 1056 2356 1170 2393; x_wconf 72' lang='lat' dir='ltr'>Rom-22,</span> <span class='ocrx_word' id='word_1_450' title='bbox 1195 2358 1257 2388; x_wconf 88' lang='lat' dir='ltr'>sive</span> <span class='ocrx_word' id='word_1_451' title='bbox 1270 2358 1289 2387; x_wconf 72' lang='lat' dir='ltr'>a</span> <span class='ocrx_word' id='word_1_452' title='bbox 1304 2357 1394 2398; x_wconf 67' lang='lat' dir='ltr'>porta</span> <span class='ocrx_word' id='word_1_453' title='bbox 1406 2357 1537 2398; x_wconf 59' lang='lat' dir='ltr'>Capena</span> <span class='ocrx_word' id='word_1_454' title='bbox 1551 2358 1590 2387; x_wconf 86' lang='lat' dir='ltr'>ad</span> <span class='ocrx_word' id='word_1_455' title='bbox 1609 2359 1715 2387; x_wconf 82' lang='lat' dir='ltr'>urbem</span> 
     </span>
     <span class='ocr_line' id='line_1_69' title="bbox 962 2400 1716 2441; baseline 0.001 -12"><span class='ocrx_word' id='word_1_456' title='bbox 962 2410 1058 2440; x_wconf 85' lang='lat' dir='ltr'>usque</span> <span class='ocrx_word' id='word_1_457' title='bbox 1073 2400 1230 2440; x_wconf 88' lang='lat' dir='ltr'>Capuam,</span> <span class='ocrx_word' id='word_1_458' title='bbox 1243 2411 1342 2441; x_wconf 86' lang='lat' dir='ltr'>eaque</span> <span class='ocrx_word' id='word_1_459' title='bbox 1358 2406 1451 2430; x_wconf 79' lang='lat' dir='ltr'>strata</span> <span class='ocrx_word' id='word_1_460' title='bbox 1467 2400 1716 2441; x_wconf 73' lang='lat' dir='ltr'>lapidibu8‚per-</span> 
     </span>
     <span class='ocr_line' id='line_1_70' title="bbox 962 2442 1712 2483; baseline 0.003 -12"><span class='ocrx_word' id='word_1_461' title='bbox 962 2443 1053 2473; x_wconf 80' lang='lat' dir='ltr'>ducta</span> <span class='ocrx_word' id='word_1_462' title='bbox 1072 2443 1143 2481; x_wconf 81' lang='lat' dir='ltr'>fuit3</span> <span class='ocrx_word' id='word_1_463' title='bbox 1170 2444 1223 2473; x_wconf 80' lang='lat' dir='ltr'>sed</span> <span class='ocrx_word' id='word_1_464' title='bbox 1242 2444 1351 2483; x_wconf 70' lang='lat' dir='ltr'>postea</span> <span class='ocrx_word' id='word_1_465' title='bbox 1365 2443 1384 2472; x_wconf 71' lang='lat' dir='ltr'>a</span> <span class='ocrx_word' id='word_1_466' title='bbox 1398 2443 1483 2474; x_wconf 89' lang='lat' dir='ltr'>Julio</span> <span class='ocrx_word' id='word_1_467' title='bbox 1505 2442 1553 2472; x_wconf 88' lang='lat' dir='ltr'>vel</span> <span class='ocrx_word' id='word_1_468' title='bbox 1570 2442 1712 2482; x_wconf 79' lang='lat' dir='ltr'>Augusto</span> 
     </span>
     <span class='ocr_line' id='line_1_71' title="bbox 960 2484 1647 2526; baseline 0.001 -12"><span class='ocrx_word' id='word_1_469' title='bbox 960 2484 1082 2515; x_wconf 87' lang='lat' dir='ltr'>Caesare</span> <span class='ocrx_word' id='word_1_470' title='bbox 1099 2485 1296 2515; x_wconf 83' lang='lat' dir='ltr'>Brundisium</span> <span class='ocrx_word' id='word_1_471' title='bbox 1316 2496 1412 2526; x_wconf 88' lang='lat' dir='ltr'>usque</span> <span class='ocrx_word' id='word_1_472' title='bbox 1430 2489 1572 2525; x_wconf 79' lang='lat' dir='ltr'>porrecta</span> <span class='ocrx_word' id='word_1_473' title='bbox 1589 2491 1647 2515; x_wconf 86' lang='lat' dir='ltr'>est.</span> 
     </span>
    </p>

    <p class='ocr_par' dir='ltr' id='par_1_26' title="bbox 958 2527 1714 2644">
     <span class='ocr_line' id='line_1_72' title="bbox 1002 2527 1714 2569; baseline 0 -12"><span class='ocrx_word' id='word_1_474' title='bbox 1002 2529 1054 2557; x_wconf 84' lang='lat'>63.</span> <span class='ocrx_word' id='word_1_475' title='bbox 1077 2528 1350 2567; x_wconf 62' lang='lat' dir='ltr'>Disceptatoribus]</span> <span class='ocrx_word' id='word_1_476' title='bbox 1375 2527 1577 2568; x_wconf 78' lang='lat' dir='ltr'>Disceptator</span> <span class='ocrx_word' id='word_1_477' title='bbox 1601 2527 1714 2569; x_wconf 80' lang='lat' dir='ltr'>appel-</span> 
     </span>
     <span class='ocr_line' id='line_1_73' title="bbox 959 2569 1714 2611; baseline 0.004 -13"><span class='ocrx_word' id='word_1_478' title='bbox 959 2569 1039 2599; x_wconf 80' lang='lat' dir='ltr'>latur</span> <span class='ocrx_word' id='word_1_479' title='bbox 1054 2570 1073 2599; x_wconf 70' lang='lat' dir='ltr'>a</span> <span class='ocrx_word' id='word_1_480' title='bbox 1088 2571 1238 2601; x_wconf 84' lang='lat' dir='ltr'>Cicerone</span> <span class='ocrx_word' id='word_1_481' title='bbox 1255 2571 1287 2600; x_wconf 88' lang='lat' dir='ltr'>in</span> <span class='ocrx_word' id='word_1_482' title='bbox 1300 2570 1528 2606; x_wconf 81' lang='lat' dir='ltr'>Partitionibus,</span> <span class='ocrx_word' id='word_1_483' title='bbox 1552 2569 1608 2611; x_wconf 89' lang='lat' dir='ltr'>qui</span> <span class='ocrx_word' id='word_1_484' title='bbox 1619 2570 1664 2601; x_wconf 90' lang='lat' dir='ltr'>rei</span> <span class='ocrx_word' id='word_1_485' title='bbox 1679 2575 1714 2601; x_wconf 86' lang='lat' dir='ltr'>et</span> 
     </span>
     <span class='ocr_line' id='line_1_74' title="bbox 958 2613 1381 2644; baseline -0.002 -1"><span class='ocrx_word' id='word_1_486' title='bbox 958 2613 1118 2643; x_wconf 63' lang='lat' dir='ltr'>sententiae</span> <span class='ocrx_word' id='word_1_487' title='bbox 1136 2615 1310 2643; x_wconf 85' lang='lat' dir='ltr'>moderator</span> <span class='ocrx_word' id='word_1_488' title='bbox 1325 2619 1381 2644; x_wconf 86' lang='lat' dir='ltr'>est.</span> 
     </span>
    </p>

    <p class='ocr_par' dir='ltr' id='par_1_27' title="bbox 998 2655 1656 2697">
     <span class='ocr_line' id='line_1_75' title="bbox 998 2655 1656 2697; baseline 0.002 -12"><span class='ocrx_word' id='word_1_489' title='bbox 998 2657 1049 2685; x_wconf 87' lang='lat'>69.</span> <span class='ocrx_word' id='word_1_490' title='bbox 1074 2655 1190 2696; x_wconf 61' lang='lat' dir='ltr'>Baias]</span> <span class='ocrx_word' id='word_1_491' title='bbox 1237 2656 1288 2686; x_wconf 91' lang='lat' dir='ltr'>De</span> <span class='ocrx_word' id='word_1_492' title='bbox 1302 2656 1347 2685; x_wconf 84' lang='lat' dir='ltr'>his</span> <span class='ocrx_word' id='word_1_493' title='bbox 1362 2655 1478 2686; x_wconf 85' lang='lat' dir='ltr'>dictum</span> <span class='ocrx_word' id='word_1_494' title='bbox 1492 2660 1539 2686; x_wconf 83' lang='lat' dir='ltr'>est</span> <span class='ocrx_word' id='word_1_495' title='bbox 1553 2655 1656 2697; x_wconf 59' lang='lat' dir='ltr'>supra.</span> 
     </span>
    </p>

    <p class='ocr_par' dir='ltr' id='par_1_28' title="bbox 957 2697 1712 2824">
     <span class='ocr_line' id='line_1_76' title="bbox 999 2697 1712 2739; baseline 0 -11"><span class='ocrx_word' id='word_1_496' title='bbox 999 2697 1048 2728; x_wconf 93' lang='lat' dir='ltr'>Ib.</span> <span class='ocrx_word' id='word_1_497' title='bbox 1083 2698 1320 2739; x_wconf 65' lang='lat' dir='ltr'>Comissationes]</span> <span class='ocrx_word' id='word_1_498' title='bbox 1367 2698 1610 2729; x_wconf 80' lang='lat' dir='ltr'>Comissationes</span> <span class='ocrx_word' id='word_1_499' title='bbox 1637 2708 1712 2730; x_wconf 91' lang='lat' dir='ltr'>con-</span> 
     </span>
     <span class='ocr_line' id='line_1_77' title="bbox 957 2740 1711 2784; baseline 0.003 -14"><span class='ocrx_word' id='word_1_500' title='bbox 957 2740 1036 2772; x_wconf 86' lang='lat' dir='ltr'>vivia</span> <span class='ocrx_word' id='word_1_501' title='bbox 1053 2747 1134 2777; x_wconf 83' lang='lat' dir='ltr'>sunt,</span> <span class='ocrx_word' id='word_1_502' title='bbox 1157 2746 1188 2772; x_wconf 91' lang='lat' dir='ltr'>et</span> <span class='ocrx_word' id='word_1_503' title='bbox 1202 2742 1344 2772; x_wconf 84' lang='lat' dir='ltr'>serotinae</span> <span class='ocrx_word' id='word_1_504' title='bbox 1360 2741 1618 2782; x_wconf 79' lang='lat' dir='ltr'>compotationes,</span> <span class='ocrx_word' id='word_1_505' title='bbox 1640 2745 1711 2784; x_wconf 77' lang='lat' dir='ltr'>quae</span> 
     </span>
     <span class='ocr_line' id='line_1_78' title="bbox 959 2783 1707 2824; baseline 0 -9"><span class='ocrx_word' id='word_1_506' title='bbox 959 2789 1030 2824; x_wconf 87' lang='lat' dir='ltr'>post</span> <span class='ocrx_word' id='word_1_507' title='bbox 1055 2794 1174 2817; x_wconf 84' lang='lat' dir='ltr'>coenam</span> <span class='ocrx_word' id='word_1_508' title='bbox 1205 2785 1292 2817; x_wconf 83' lang='lat' dir='ltr'>fiunt.</span> <span class='ocrx_word' id='word_1_509' title='bbox 1354 2784 1448 2820; x_wconf 78' lang='lat' dir='ltr'>Unde</span> <span class='ocrx_word' id='word_1_510' title='bbox 1475 2783 1654 2822; x_wconf 71' lang='lat' dir='ltr'>Suetonius,</span> <span class='ocrx_word' id='word_1_511' title='bbox 1674 2784 1707 2816; x_wconf 87' lang='lat' dir='ltr'>in</span> 
     </span>
    </p>
   </div>
  </div>
 </body>
</html>
