1790 3090
3 154 61 201 44

636 155 728 188 PRO
750 155 869 188 LEGE
889 154 1104 188 MANILIA.

81 229 232 272 navale
259 229 434 282 bellum,
465 228 581 270 varia
610 236 654 271 et
683 232 853 273 diversa
873 244 1031 288 genera
1050 237 1095 272 et
1124 230 1336 272 bellorum
1363 235 1408 272 et
1439 229 1644 281 hostium,

83 301 170 328 non
191 286 330 329 solum
350 293 473 344 gesta
491 286 545 327 ab
567 287 652 328 hoc
671 303 773 340 uno,
795 289 872 330 sed
888 289 1019 330 etiam
1040 288 1251 339 confecta,
1266 288 1430 329 nullam
1449 302 1538 328 rem
1549 301 1644 328 esse

82 401 237 458 possit.

7 342 64 383 25
84 343 306 386 declarant
325 344 369 386 in
381 359 460 386 usu
469 342 644 386 militari
659 346 860 401 positam,
875 361 970 402 quae
982 346 1109 403 hujus
1129 345 1208 388 viri
1226 345 1453 388 scientiam
1471 351 1487 376 ἓ
1499 343 1646 399 fugere

471 523 488 548 g
498 531 600 571 quoe
614 519 752 571 possit
770 519 967 570 ignorari
988 518 1039 557 ab
1060 519 1136 558 hoc
1153 519 1257 558 viro.

82 640 180 669 mero,
203 635 237 661 ut
263 630 422 671 sexaginta
463 631 560 662 millia
597 635 842 663 numerarentur.

81 672 207 703 Ducem
224 673 268 704 illi
281 674 463 715 Spartacum
479 675 654 706 habuerunt
666 685 735 705 cum
749 673 842 705 Crixo

82 721 114 746 et
137 716 286 747 Granico.
331 718 447 747 sedem
467 718 542 748 belli
557 720 697 748 fecerunt
709 717 844 748 Vesuvi-

81 769 133 789 um
149 764 306 798 montem;
330 759 496 791 Claudium
510 761 673 792 Pulchrum
694 761 843 801 legatum,

82 806 115 832 et
131 801 168 834 P.
185 803 350 834 Vatinium
366 810 539 844 praetorem,
555 804 663 845 proelio
680 804 842 842 viceruut3

82 846 137 875 sed
151 844 278 876 demum
293 845 313 875 ἐ.
328 846 377 877 Μ.
388 846 498 879 Crasso
511 848 647 888 superati
658 853 740 883 sunt,
756 847 842 878 caesis

80 887 214 918 hostium
251 889 419 920 duodecim
449 890 581 921 millibus
615 897 647 921 et
673 891 838 928 trecenti53

81 930 176 961 tribus
184 931 258 961 vero
269 932 414 969 millibus,
428 934 575 964 utFlorus
585 934 639 970 ait,
649 933 841 974 ὲΡοιῃρεὶο,

80 974 135 1014 qui
147 973 164 1003 ὲ
178 973 282 1014 pugna
293 981 465 1006 evaserant.
479 976 570 1007 Idem
582 976 699 1007 bellum
710 978 837 1007 mixtum

887 641 994 661 vorum
1010 630 1179 662 exercitum
1193 630 1416 667 confluxerant,
1436 641 1514 672 quos
1531 630 1646 661 ducem

886 674 1032 704 habuisse
1049 673 1219 705 Granicum
1241 674 1280 707 Τ.
1297 673 1402 705 Livius
1417 674 1473 705 lib.
1488 676 1539 704 97.
1563 684 1649 704 com-

887 722 1050 748 memorat.

931 763 982 791 23.
1009 759 1149 801 Navata]
1196 759 1320 791 Navale
1336 759 1453 790 bellum
1469 769 1539 790 cum
1564 757 1649 798 pira-

887 804 926 834 tis
943 810 1065 845 gestum
1093 809 1152 840 est,
1176 808 1209 833 et
1239 808 1311 845 post
1334 808 1466 845 quatuor
1482 812 1603 833 meuses
1630 801 1649 832 zi

887 846 1042 888 Pompeio
1058 847 1246 878 confectum.

928 889 978 920 Ib.
1007 890 1095 920 Varia
1110 889 1244 931 genera]
1290 888 1364 919 Alia
1394 889 1561 929 terrestria,
1588 888 1648 918 alia

886 933 1050 969 maritima,
1066 933 1214 965 confecit.

925 975 976 1007 Ib.
1020 976 1060 1006 Et
1091 976 1242 1015 hostium]
1307 975 1414 1006 Gessit
1434 975 1552 1006 bellum
1575 984 1646 1005 cum

79 1017 267 1057 appellatur,
279 1019 364 1058 quod
381 1018 398 1048 ὲ
414 1018 510 1050 Gallis
527 1024 558 1049 et
575 1019 738 1050 Germanis
748 1019 839 1049 belli·
882 1019 1020 1060 regibus,
1033 1030 1103 1049 cum
1114 1019 1281 1056 exsulibus,
1293 1029 1364 1050 curn
1375 1019 1568 1061 proscriptis,
1577 1028 1647 1049 cum

78 1060 242 1091 cosissimis
257 1061 435 1093 nationibus
445 1061 569 1103 plurimi
585 1063 718 1094 adhunc
733 1062 840 1103 fugiti-
883 1062 1004 1103 piratis,
1020 1067 1052 1093 et
1067 1063 1174 1094 servis.

665 1241 900 1271 SECUNDA
935 1241 1076 1270 PARS.

364 1404 422 1444 Ιη
438 1404 523 1456 qud
539 1402 751 1456 probatur
771 1402 966 1456 Pompeii
985 1402 1126 1443 virtus
1145 1403 1362 1444 militaris.

138 1514 197 1558 X.
225 1515 322 1557 Jam
331 1515 431 1558 vero
444 1515 591 1557 virtuti
610 1515 691 1557 Cn.
709 1515 908 1570 Pompeii
922 1530 1017 1571 quae
1037 1521 1183 1571 potest
1194 1529 1270 1571 par
1286 1513 1422 1555 oratio
1438 1512 1647 1555 inveniri?

79 1573 186 1630 quid
217 1579 296 1625 est,
328 1573 444 1629 quod
466 1572 695 1629 quisquam
715 1578 790 1613 aut
809 1572 885 1612 illo
907 1572 1101 1628 dignum,
1131 1578 1206 1612 aut
1231 1571 1356 1613 vobis
1379 1585 1552 1624 novum,
1573 1578 1649 1612 aut

80 1630 282 1686 cuiquam
295 1629 551 1682 inauditum,
564 1629 704 1686 possit
712 1628 886 1672 afferre?
908 1629 1009 1670 Non
1022 1629 1137 1670 enim
1146 1629 1230 1670 illae
1239 1634 1342 1670 sunt
1353 1628 1455 1670 solae
1468 1628 1648 1670 virtutes

79 1686 379 1743 imperatoriae,
401 1702 497 1743 quae
529 1686 656 1743 vulgo
676 1686 989 1734 existimantur,
1009 1686 1132 1727 labor
1149 1685 1195 1727 in
1213 1685 1416 1741 negotiis,
1438 1684 1648 1727 fortitudo

33 1743 63 1785 5
82 1743 126 1785 in
144 1744 362 1800 periculis,
383 1743 625 1785 aindustria
643 1744 688 1784 in
709 1744 894 1800 agendo,
916 1743 1114 1785 celeritas
1135 1742 1180 1784 in
1201 1741 1489 1794 conficiendo,
1507 1742 1648 1784 consi-

81 1801 188 1842 lium
207 1800 251 1842 in
270 1800 559 1857 providendo:
592 1815 688 1857 quae
701 1807 823 1842 tanta
842 1806 943 1841 sunt
962 1800 1007 1841 in
1038 1800 1124 1842 hoc
1140 1814 1240 1852 uno,
1271 1805 1433 1856 quanta
1452 1799 1496 1839 in
1512 1799 1648 1841 omni-

79 1858 162 1899 bus
181 1857 358 1914 reliquis
392 1857 736 1913 imperatoribus,
759 1872 868 1914 quos
889 1864 965 1898 aut
983 1857 1169 1899 vidimus
1186 1862 1262 1897 aut
1281 1856 1539 1905 audivimus,
1559 1871 1648 1897 non

80 1915 266 1956 fuerunt.

324 1914 467 1956 Testis
488 1922 555 1956 est
575 1914 715 1964 Italia,
734 1929 864 1970 quam
880 1913 1055 1970 illeipse
1067 1914 1206 1955 victor
1226 1914 1274 1955 L.
1290 1913 1411 1970 Sylla
1426 1913 1553 1969 hujus
1566 1913 1649 1953 vir-

79 1977 174 2013 tute
187 1978 231 2013 et
243 1971 426 2013 oonsilio
440 1971 665 2013 confessus
679 1971 997 2013 estliberatam:
1013 1971 1138 2013 testis
1150 1977 1217 2013 est
1229 1970 1392 2019 Sicilia,
1401 1984 1531 2026 quam
1539 1969 1649 2011 mul-

9 2025 64 2069 10
82 2028 137 2070 tis
155 2028 347 2085 undique
365 2029 552 2070 cinctam
568 2028 786 2085 periculis,
802 2044 890 2070 non
907 2035 1066 2070 terrore
1079 2028 1195 2077 belli,
1217 2028 1293 2069 sed
1311 2026 1531 2069 celeritate
1544 2041 1648 2068 con-

81 2086 182 2139 silii,
203 2085 221 2109 b
237 2085 493 2142 explicavit:
516 2085 640 2127 testis
657 2093 723 2127 est
743 2086 902 2135 Africa,
927 2100 1036 2141 quae,
1049 2084 1219 2142 magnis
1238 2098 1446 2141 oppressa
1456 2083 1648 2125 hostium

81 2143 236 2200 copiis,
253 2157 401 2184 eorum
417 2142 609 2200 ipsorum
629 2141 839 2200 sanguine
857 2142 1137 2185 redundavit:
1168 2141 1295 2184 testis
1311 2147 1379 2183 est
1399 2140 1559 2194 Gallia,
1572 2155 1648 2198 per

190 2263 207 2281 ²
214 2261 555 2312 perseverantia,
576 2258 644 2299 vel
666 2259 916 2300 assiduitas.

122 2375 153 2403 8.
198 2374 286 2404 Testis
308 2379 349 2403 est
375 2371 494 2413 Italian]
541 2371 621 2402 Cum
668 2372 770 2403 Carbo
809 2377 842 2402 et

79 2415 239 2456 Perperna
254 2415 364 2446 multas
380 2415 487 2446 clades
499 2415 694 2456 accepissent
709 2414 727 2444 a
740 2414 842 2456 Sylla,

81 2464 113 2489 et
127 2458 211 2499 pulsi
240 2469 279 2489 ex
307 2458 401 2489 Italia
416 2459 448 2488 in
465 2458 600 2489 Siciliam
616 2458 842 2498 confugissent,

81 2501 365 2533 senatus-consulto
388 2502 557 2542 Pompeius
571 2511 641 2531 curn
658 2501 795 2531 exercitu
811 2501 842 2530 in

82 2556 151 2576 eam
174 2546 282 2576 missus
306 2550 364 2575 est.
408 2545 502 2586 Fugit
523 2544 625 2575 statim
655 2544 836 2585 Perperna;

82 2589 184 2620 Carbo
196 2588 281 2618 venit
305 2588 339 2618 in
355 2588 501 2628 Pompeii
515 2592 715 2628 potestatem,
743 2588 761 2617 ai
777 2598 838 2628 quo

81 2631 269 2673 morijussus
280 2636 338 2664 est.
382 2630 464 2661 Inde
481 2641 588 2661 omnes
604 2631 643 2661 ab
657 2630 732 2671 ipsis
747 2641 841 2661 occu-

81 2680 171 2716 patas
186 2674 329 2705 civitates
344 2673 443 2704 amice
467 2674 599 2714 recepit,
627 2679 739 2715 praeter
751 2674 840 2704 Mes-

80 2728 206 2749 sanam:
231 2718 271 2748 de
284 2716 331 2747 his
342 2717 415 2747 vide
429 2716 468 2749 T.
482 2716 604 2747 Livium
620 2716 675 2747 lib.
693 2718 750 2749 89.
763 2716 839 2748 Plu-

77 2761 218 2793 tarchum
234 2759 267 2790 in
281 2759 395 2801 Pomp.
408 2759 545 2796 Florum¹
557 2759 753 2801 Appianum.

123 2807 178 2843 11,
197 2801 485 2847 TettioeotAfiica]
521 2801 575 2839 De
589 2803 653 2847 qua
662 2802 730 2848 jam
744 2813 841 2846 supe·

1174 2257 1192 2280 ¹³
1205 2257 1416 2300 liberavit.

885 2369 946 2402 risis
960 2382 1083 2413 paragr.
1095 2371 1136 2402 ix.
1148 2374 1201 2403 21.
1245 2370 1296 2401 Ibi
1311 2375 1415 2401 autem
1427 2370 1538 2413 viginti
1547 2371 1646 2401 homi-

885 2426 960 2445 num
983 2415 1079 2445 millia
1107 2414 1234 2450 delevit,
1271 2425 1402 2455 quorum
1426 2415 1487 2445 tria
1522 2413 1643 2445 tantum

886 2457 982 2488 millia
1011 2457 1198 2499 Pompeium
1225 2457 1428 2498 effugerunt3
1451 2468 1558 2488 omnes
1573 2457 1645 2488 reli-

887 2501 941 2541 qui
961 2511 1031 2531 cum
1054 2500 1195 2531 Domitio
1223 2500 1380 2532 interfecti
1405 2506 1497 2539 sunt;
1521 2501 1562 2531 de
1577 2510 1641 2540 quo

882 2544 1066 2575 Plutarchus
1080 2544 1115 2574 in
1131 2544 1244 2584 Pomp.

928 2589 978 2618 12.
1005 2587 1093 2617 Testis
1106 2592 1146 2618 est
1160 2586 1290 2627 Gallim]
1344 2586 1397 2617 De
1411 2586 1520 2616 itinere
1537 2597 1591 2616 suo
1607 2586 1642 2616 in

885 2629 1031 2666 Galliam,
1055 2630 1114 2661 ἃς.
1151 2630 1195 2661 sic
1228 2629 1365 2670 loquitur
1399 2629 1585 2670 Pompeius,
1608 2630 1641 2660 in

884 2673 1017 2714 epistola
1042 2672 1099 2703 sua
1114 2673 1154 2704 ad
1183 2678 1324 2704 senatum
1340 2673 1424 2713 apud
1439 2673 1618 2703 Sallustium
1628 2684 1639 2703 z

884 2715 1023 2757 Equidem
1036 2715 1153 2758 fateor,
1178 2726 1223 2746 me
1247 2717 1286 2746 ad
1315 2714 1366 2745 hoc
1401 2716 1508 2746 bellum
1536 2717 1644 2756 mqjore

882 2760 981 2791 studio
1000 2759 1087 2800 quum
1113 2760 1230 2790 cornilio
1251 2757 1425 2801 profectum,
1452 2759 1554 2800 quippe
1577 2759 1642 2799 qui,

882 2807 996 2836 nomino
1020 2801 1102 2837 mod&
1129 2802 1244 2845 imperii
1267 2802 1288 2835 ἃ
1315 2802 1392 2837 vobis
1402 2807 1529 2844 aceqvto,
1543 2801 1645 2840 diebus
