1790 3090
69 136 154 180 380

761 136 852 168 PRO
876 136 1085 170 LIGARIO.

144 210 431 252 constantiam
450 209 580 251 dico?
609 210 756 253 nescio
780 226 834 253 an
864 212 1015 254 melius
1047 211 1297 268 patientiam
1322 225 1500 269 >possem
1531 212 1699 257 dicere:

145 273 301 322 quotus
323 267 436 309 enim
466 267 582 308 istud
603 267 785 325 quisque
807 269 997 320 fecisset,
1019 276 1081 320 ut,
1105 267 1130 310 a
1151 269 1308 326 quibus
1340 269 1530 326 partibus
1551 269 1595 310 in
1616 270 1703 312 dis-

71 324 126 366 60
145 323 343 366 sensione
361 323 478 364 civili
499 339 586 365 non
603 332 717 367 esset
739 333 950 382 recethS,
969 333 1168 381 essetque
1188 326 1317 368 etiam
1334 341 1431 368 cum
1450 325 1703 368 crudelitate

143 381 343 436 rejectus,
358 381 413 421 ad
431 396 503 422 eas
525 380 638 438 ipsas
660 382 845 424 rediret?
876 382 1028 439 Magni
1050 383 1275 438 cujusdam
1296 383 1439 434 animi,
1461 389 1590 440 atque
1607 382 1701 438 ejus

142 436 220 479 viri
237 444 317 488 est,
331 452 460 493 quem
474 438 526 479 de
544 437 748 495 suscepta
762 439 894 480 causa
911 439 1221 495 propositaque
1239 439 1454 481 sententia
1469 440 1586 481 nulla
1602 454 1704 481 con-

142 493 334 544 tumelia,
353 493 471 535 nulla
486 495 563 544 vis,
584 495 749 536 nullum
770 497 1021 552 periculum,
1042 503 1192 552 posset
1221 496 1449 552 depellere.

1509 495 1570 537 Ut
1591 496 1703 538 enim

143 556 298 592 caetera
318 551 437 606 paria
456 550 669 593 Tuberoni
691 567 790 593 cuni
810 551 924 594 Varo
947 552 1141 604 fuissent,
1158 553 1311 604 honos,
1329 553 1544 604 nobilitas,
1559 553 1705 616 splen-

69 608 124 649 65
144 606 236 658 dor,
255 607 490 663 ingenium,
513 623 608 665 quae
630 608 909 665 nequaquam
940 609 1134 662 fuerunt3
1178 610 1264 651 hoc
1295 608 1411 651 certe
1442 624 1705 673 praecipuum

143 663 381 705 Tuberonis
407 665 503 717 fuit,
526 664 642 720 quod
663 666 783 721 justo
809 681 909 707 cum
935 666 1113 723 irnperio
1136 681 1189 708 ex
1225 666 1269 708 S.
1292 666 1341 708 C.
1369 666 1413 707 in
1439 681 1706 723 provinciam

143 735 266 763 suam
286 728 485 773 venerat3
517 721 619 763 hinc
639 722 894 778 prohibitus,
917 738 1003 765 non
1024 723 1077 764 ad
1102 723 1332 775 Caesarem,
1353 738 1406 765 ne
1427 722 1587 775 iratus;
1618 737 1706 764 non

143 778 333 828 domum,
353 793 406 819 ne
427 778 559 830 iners3
592 794 677 821 non
698 779 885 836 aliquam
906 780 948 821 in
970 779 1203 836 regionem,
1224 795 1278 822 ne
1298 781 1584 822 condemnare
1606 794 1706 821 cau-

143 849 235 875 sam
257 834 389 886 illam,
407 850 537 890 quam
558 842 733 877 secutus
755 843 883 888 esset,
897 837 1138 889 videretur3
1170 837 1213 878 in
1231 837 1537 879 Macedoniam
1553 837 1608 878 ad
1626 836 1706 879 Cn.

142 962 241 988 cum
271 947 441 1002 injuria.

69 890 124 932 70
144 888 342 947 Pompeii
365 898 506 932 castra
523 892 654 943 venit,
675 892 720 933 in
741 908 836 934 eam
863 894 1002 949 ipsam
1023 909 1211 944 causam,
1236 893 1262 935 a
1283 893 1369 950 qua
1400 901 1491 936 erat
1521 894 1705 949 rejectus

503 947 649 996 Quid?
680 947 778 990 cum
810 949 893 990 ista
923 965 989 991 res
1022 950 1128 990 nihil
1150 951 1594 1007 connnovissetdejus
1616 950 1708 991 ani-

140 1018 271 1055 mum,
303 1004 358 1044 ad
389 1018 518 1060 quem
549 1005 775 1056 veneratis,
809 1006 1074 1061 languidiore
1106 1007 1274 1061 (credo)
1306 1008 1450 1048 studio
1489 1007 1535 1048 in
1574 1007 1707 1048 causa

140 1060 284 1102 fuistis
302 1077 310 1102 :
344 1062 641 1103 tantummodo
657 1062 702 1102 in
718 1062 927 1118 praesidiis
942 1062 1084 1114 eratis,
1103 1063 1232 1104 animi
1249 1062 1350 1105 vero
1366 1063 1392 1104 a
1407 1063 1540 1105 causa
1556 1063 1708 1104 abhor-

140 1117 312 1159 rebant:
344 1132 411 1168 an,
434 1125 483 1159 ut
502 1118 552 1159 fit
582 1118 625 1159 in
656 1119 782 1161 bellis
814 1119 1028 1172 civilibus,
1059 1135 1140 1161 nec
1170 1120 1214 1160 in
1246 1120 1368 1161 vobis
1399 1121 1552 1176 magiS‚
1575 1119 1707 1176 quam

67 1175 120 1216 75
141 1171 185 1215 in
200 1174 387 1231 reliquiS,
399 1189 546 1217 omnes
566 1176 765 1217 vincendi
780 1176 923 1218 studio
938 1177 1212 1218 tenebamur?
1235 1176 1365 1218 Pacis
1379 1177 1583 1234 equidem
1599 1191 1709 1219 sem—

139 1245 216 1288 per
236 1238 385 1273 auctor
404 1231 492 1284 fui;
524 1233 601 1274 sed
623 1241 713 1274 tum
733 1233 852 1286 serb3
884 1241 974 1276 erat
995 1234 1109 1275 enim
1140 1234 1338 1286 amentis,
1361 1234 1459 1276 cum
1489 1235 1628 1276 aciem
1646 1233 1710 1276 vi-

139 1288 279 1341 deres,
320 1303 473 1346 pacem
513 1290 717 1346 cogitare.

778 1290 956 1341 Omnes,
995 1291 1186 1348 inquam,
1221 1291 1393 1333 vincere
1433 1291 1702 1334 volebamus:

138 1351 187 1387 tu
209 1345 325 1387 certe
347 1345 577 1403 praecipue,
595 1347 691 1404 equi
713 1348 756 1389 in
774 1363 873 1390 euni
892 1349 1036 1390 locum
1057 1349 1264 1401 venisses,
1282 1348 1358 1390 ubi
1379 1348 1457 1390 tibi
1479 1355 1596 1390 esset
1617 1363 1710 1405 per-

139 1402 433 1455 eundum,nisi
449 1404 648 1446 vicisses:
671 1405 949 1462 quamquam,
961 1413 1010 1447 ut
1026 1420 1140 1447 nunc
1154 1421 1200 1448 se
1213 1420 1280 1447 res
1294 1405 1442 1457 habet,
1455 1421 1542 1448 non
1556 1405 1708 1446 dubito

65 1459 120 1502 80
138 1458 241 1515 quin
263 1460 376 1501 hanc
397 1461 580 1503 salutem
601 1468 837 1518 anteponas
868 1463 929 1504 illi
949 1462 1160 1505 victoriae.

1223 1462 1329 1504 Haec
1362 1476 1444 1519 ego
1475 1476 1563 1504 non
1593 1461 1710 1503 dice-

136 1530 240 1570 rem,
260 1516 444 1572 Tubero,
466 1517 502 1561 si
523 1525 598 1561 aut
618 1534 694 1562 vos
716 1520 974 1563 constantiae
990 1526 1157 1573 vestrae,
1176 1526 1250 1563 aut
1267 1520 1485 1563 Caesarem
1504 1518 1704 1564 beneficii

567 1747 796 1805 “Pompeii.

180 1963 232 1993 66.
247 1961 333 1993 Justo
345 1972 411 1992 cum
425 1963 569 2003 imperia]
594 1963 718 1994 Justum
734 1963 897 2005 imperium

138 2005 260 2042 dicitur,
276 2007 360 2046 quod
374 2017 411 2036 ex
425 2006 706 2037 senatus-consulto
719 2008 826 2037 datum
840 2013 897 2040 est,

179 2049 232 2080 67.
255 2049 301 2079 Ad
319 2048 484 2090 Caesarem]
537 2049 659 2080 Tubero
675 2061 737 2080 non
754 2051 840 2081 venit
856 2052 896 2082 ad

137 2091 305 2126 Caesarem,
320 2102 359 2121 ne
376 2092 469 2122 iratus
487 2091 643 2123 videretur
659 2093 825 2133 Pompeio.

179 2137 232 2167 68.
255 2135 393 2174 Aliquam
419 2136 450 2165 in
474 2136 643 2177 regionem]
690 2136 763 2172 Qua
788 2137 820 2167 in
848 2147 896 2167 re-

137 2177 228 2217 gione
240 2177 341 2209 nullus
353 2189 505 2209 armorum
522 2180 680 2216 turnultus,
696 2180 814 2210 nullum
829 2180 896 2210 bel-

135 2221 199 2250 lum
217 2226 308 2251 esset.

177 2265 232 2294 72.
258 2263 375 2304 Credm]
399 2263 520 2294 Ironiee
534 2265 679 2306 loquitur:
696 2276 798 2306 neque
811 2266 893 2296 enim

135 2307 238 2337 coacti
260 2307 291 2336 in
306 2313 407 2337 castra
428 2307 572 2348 Pompeii
586 2314 737 2339 venerunt
760 2309 898 2339 Tubero-

136 2359 204 2385 nes,
231 2349 286 2379 sed
311 2349 356 2380 ira
379 2351 537 2388 concitati,
557 2357 592 2382 ut
615 2356 722 2382 contra
743 2352 897 2383 Caesareiu

137 2398 323 2433 pugnarent.

179 2437 233 2466 73.
256 2435 293 2465 In
310 2437 450 2474 praesidiis
469 2435 584 2475 eratis]
632 2436 705 2468 Non
733 2438 773 2468 ad
798 2443 898 2469 castra

135 2478 268 2518 profecti
278 2478 399 2508 fuerant
416 2479 560 2520 Pompeii
573 2479 765 2517 Tuberones,
780 2486 815 2510 ut
830 2486 898 2511 tan-

135 2520 200 2552 turn
217 2526 321 2551 essent
341 2522 375 2551 in
396 2521 478 2552 illius
493 2522 656 2563 praesidiis,
670 2524 726 2553 sed
742 2523 848 2554 revera
864 2530 897 2554 ut

134 2564 202 2595 acie
220 2570 405 2604 pugnarent.

177 2608 231 2637 75.
255 2607 342 2638 Pacis
356 2608 484 2648 equidem
499 2618 605 2647 semper
621 2608 811 2650 auctor-fui]
839 2609 896 2640 Ar-

135 2655 283 2691 gumento
310 2651 329 2680 a
352 2650 467 2681 minore
492 2652 533 2681 ad
560 2651 668 2691 majus,
689 2658 720 2682 et
744 2653 762 2683 a
786 2664 818 2683 se
840 2654 896 2683 de-

133 2699 269 2734 sumpto,
284 2694 421 2724 ostendit
443 2694 552 2725 Cicero
576 2705 724 2725 summam
747 2695 841 2727 fuisse
863 2695 895 2726 in

133 2736 298 2767 Tuberone
311 2736 456 2767 vincendi
468 2737 686 2779 cupiditatem.
710 2738 806 2776 Nam,
822 2740 897 2770 licet

136 2779 248 2814 cicero
272 2790 395 2823 semper
420 2780 506 2823 pacis
526 2786 634 2814 auctor
652 2781 773 2824 fuisset,
789 2788 897 2816 tamen

1088 1758 1101 1775 ⁰
1109 1752 1324 1806 quoniam.

943 1964 1073 1995 ardebat
1095 1964 1239 1995 vincendi
1267 1964 1461 2006 cupiditate;
1486 1960 1559 2006 erg&
1587 1963 1705 2006 majore

941 2007 1133 2043 Tuberones,
1163 2009 1217 2049 qui
1248 2013 1334 2038 tanto
1373 2008 1476 2038 studio
1517 2008 1704 2049 Pompeium

941 2049 1143 2090 adjuvabant.
1200 2050 1294 2087 Quod
1327 2056 1430 2082 autern
1455 2061 1565 2092 pacem
1582 2062 1706 2092 semper

941 2094 1080 2129 suaserit,
1104 2098 1192 2133 patet
1219 2100 1284 2125 turn
1314 2105 1352 2125 ex
1379 2094 1559 2130 Plutarcho,
1575 2095 1630 2135 qui
1658 2105 1707 2125 re-

939 2136 1009 2172 fert,
1027 2136 1140 2176 saepius
1155 2137 1195 2167 de
1210 2148 1289 2178 pace
1305 2137 1464 2178 scripsisse
1480 2137 1519 2168 ad
1537 2137 1704 2174 Caesarem,

939 2179 1050 2220 saepius
1072 2180 1259 2220 Pompeium
1285 2180 1473 2219 obsecrasse,
1502 2185 1537 2210 ut
1559 2191 1628 2211 earn
1653 2191 1704 2211 ac-

938 2228 1094 2263 ceptaret3
1111 2225 1178 2259 sed,
1193 2224 1327 2254 incensis
1350 2223 1503 2264 utrimque
1519 2223 1638 2260 animis,
1655 2223 1703 2253 ni-

937 2266 980 2295 hil
997 2265 1158 2304 effecisse3
1184 2271 1248 2296 tuni
1272 2277 1310 2296 ex
1333 2266 1434 2307 Epist.
1457 2266 1512 2296 lib.
1531 2269 1563 2297 7.
1578 2273 1642 2296 turn
1665 2276 1703 2296 ex

941 2310 994 2341 16.
1011 2309 1107 2339 famil.
1123 2310 1163 2339 ad
1179 2309 1338 2346 Tironem,
1353 2310 1406 2339 ubi
1429 2314 1559 2340 testatur
1581 2319 1614 2340 se
1636 2320 1704 2339 oni-

940 2352 994 2382 nia
1009 2357 1040 2382 et
1054 2352 1166 2383 fecisse
1183 2358 1216 2384 et
1230 2353 1345 2383 dixisse
1361 2363 1431 2394 quae
1448 2353 1488 2383 ad
1503 2361 1614 2393 pacem
1630 2362 1703 2392 per-

941 2396 1084 2426 tinerent.

984 2440 1038 2470 76.
1072 2438 1146 2468 Tum
1168 2437 1252 2477 seru]
1291 2439 1370 2469 Tum
1387 2438 1472 2469 nulla
1487 2448 1548 2479 pax
1563 2437 1628 2472 fieri
1646 2448 1702 2479 po-

942 2485 1032 2519 terat,
1048 2481 1119 2512 cum
1141 2482 1293 2513 instructa
1308 2481 1376 2522 jam
1399 2486 1480 2513 esset
1503 2481 1597 2517 acies,
1612 2487 1644 2512 et
1658 2482 1700 2512 ad

941 2524 1081 2565 proelium
1097 2525 1257 2565 expedita.

985 2570 1036 2597 80.
1062 2566 1149 2596 Hanc
1170 2567 1320 2608 salutem]
1366 2567 1517 2609 Loquitur
1531 2567 1572 2598 de
1588 2566 1702 2604 salute,

941 2620 1032 2650 quam
1058 2610 1125 2650 ipse
1149 2610 1272 2642 Tubero
1293 2610 1428 2641 obtinuit
1448 2610 1466 2641 εἰ
1483 2610 1606 2642 Caesare
1629 2617 1702 2652 post

940 2653 1069 2684 relatam
1084 2653 1122 2683 ab
1139 2663 1175 2683 eo
1192 2653 1365 2684 victoriam.

984 2699 1039 2727 81.
1061 2695 1198 2738 Beneficii
1211 2697 1282 2737 sui]
1308 2696 1435 2727 Iudicat
1449 2696 1635 2729 beneficium
1651 2707 1701 2727 sa·

938 2739 1023 2778 lutis,
1047 2750 1140 2780 quam
1165 2739 1225 2780 ipsi
1250 2739 1430 2771 Tuberones
1456 2740 1655 2773 obtinuerunt
1680 2740 1699 2770 εἰ

940 2782 1076 2821 Caesare,
1089 2781 1160 2817 cum
1176 2782 1253 2826 ipsis
1266 2783 1404 2826 ignovit.
