1858 3095
691 179 785 214 pao
812 180 1016 217 ummo.
1631 185 1716 230 333

78 270 156 299 nes
176 258 341 316 equites
363 257 486 301 Rom.
507 258 580 315 qui
604 259 762 302 adsunt
780 266 898 301 veste
919 259 1098 312 mutata,
1119 272 1205 302 non
1237 259 1375 302 solnm
1395 266 1521 303 notos
1550 261 1644 313 tibi,
1662 262 1719 302 30

72 314 226 361 *verum
247 316 375 358 etiam
395 316 597 373 probatos
620 317 746 368 viros,
777 323 922 358 tecum
945 317 1073 358 fuisse
1084 318 1100 358 ’ἶ
1162 319 1307 374 Atque
1326 317 1393 359 his
1425 317 1646 373 [maxime]

81 370 392 424 irascebamur;
442 373 520 414 hos
560 373 924 430 drequirebamus3
969 374 1035 415 his
1084 375 1276 416 nonnulli
1323 375 1454 417 etiarn
1495 374 1648 430 [mina-

80 428 265 484 bamur-J
325 430 544 472 Conserva
574 430 704 486 igitur
733 430 818 472 tuis
849 445 976 482 suos3
1011 437 1072 482 ut,
1104 432 1466 487 quemadmodum
1496 438 1651 473 eoetera

84 500 180 554 quae
200 486 318 528 dicta
338 493 438 527 sunt
456 486 481 527 ῖι
497 494 554 535 te,
577 487 638 528 sic
655 487 739 528 hoc
754 487 1022 529 verissimum
1039 488 1281 544 reperiatur.
1334 488 1460 537 Quod
1478 488 1512 530 si
1533 487 1630 545 peni
1700 463 1737 540 H

84 548 152 583 tus
168 542 408 599 perspicere
423 557 574 599 posses
589 544 865 585 concordiam
878 545 1158 600 Ligariorum,
1180 559 1327 586 omnes
1343 545 1491 586 fratres
1507 553 1651 587 tecum
1696 545 1722 585 5

75 598 295 653 judicares
317 600 459 641 fuisse.
522 601 591 640 An
608 607 753 656 potest
773 601 1002 657 quisquam
1023 601 1233 651 dubitare,
1255 601 1372 656 quin,
1394 601 1426 642 si
1452 601 1508 649 Q.
1530 602 1652 657 Liga-

83 654 169 696 rius
189 655 233 696 in
256 655 379 698 Italia
407 671 500 698 esse
529 658 756 713 potuisset,
789 659 833 698 in
866 658 1018 699 eadem
1051 657 1267 698 sententia
1298 658 1464 698 futurus
1485 657 1652 708 fuisset,

86 710 132 752 in
147 711 234 769 qu'a
254 712 402 755 fratres
424 713 620 755 fuerunt?
659 713 756 769 quis
773 720 854 763 est,
876 713 948 769 qui
964 714 1112 754 horum
1129 727 1387 755 consensum
1406 714 1655 770 conspiran-

87 775 189 821 tem,
220 776 264 811 et
293 769 414 826 paene
442 770 687 817 conflatum,
719 770 763 809 in
791 769 875 810 h'ac
902 769 1035 826 prope
1067 770 1308 826 aequalitate
1336 770 1536 820 fraterna,
1567 785 1654 812 non

83 825 272 868 noverit?
303 827 374 882 qui
398 827 481 867 hoc
501 839 587 867 non
608 826 780 877 sentiat,
811 826 980 882 quidvis
1008 826 1124 882 prius
1146 827 1335 868 futurum
1353 827 1501 879 fuisse,
1523 828 1654 884 quam
1671 828 1728 869 40

84 889 134 923 ut
154 881 199 922 hi
219 882 369 924 fratres
391 883 579 924 diversas
600 883 833 924 sententias
854 883 1132 940 fortunasque
1153 885 1457 940 sequerentur?
1491 884 1655 926 Volun-

86 944 173 979 tate
195 937 327 1001 igitur
347 953 494 981 omnes
511 946 654 981 tecum
677 939 870 982 fuerunt:
903 946 1158 996 tempestate
1189 941 1414 997 eabreptus
1437 948 1503 982 est
1522 956 1654 993 unus;

87 994 173 1051 qui,
195 1003 231 1036 st
251 995 433 1038 consilio
456 996 499 1038 id
522 996 709 1045 fecisset,
732 1003 848 1037 esset
869 1010 1013 1037 eorum
1031 997 1198 1049 similis,
1222 1012 1329 1054 quos
1346 1005 1393 1039 tu
1409 1004 1552 1039 tamen
1572 998 1656 1040 sal-

86 1066 164 1093 vos
186 1066 281 1094 esse
301 1053 487 1094 voluisti.
535 1052 622 1094 Sed
637 1053 733 1094 ierit
746 1053 800 1094 ad
817 1053 996 1094 bellum:
1020 1054 1286 1106 dissenserit,
1304 1053 1426 1095 nona
1442 1062 1483 1096 te
1501 1055 1655 1106 solum,

88 1107 234 1150 verum
269 1109 398 1151 etiam
433 1109 459 1150 ἒι
491 1110 709 1151 fratribus:
740 1109 784 1150 hi
816 1117 858 1151 te
890 1117 1012 1152 orant
1043 1111 1116 1152 tui.
1180 1110 1410 1167 Equidem,
1443 1110 1540 1154 cum
1570 1112 1656 1154 tuis
1675 1111 1730 1154 45

91 1166 291 1208 omnibus
326 1166 514 1224 negotiis
541 1166 809 1217 interessem,
843 1166 1051 1208 memori-21
1073 1174 1214 1219 teneo,
1245 1168 1385 1224 qualis
1408 1175 1499 1210 tum
1518 1168 1566 1211 T.
1589 1169 1656 1210 Li-

91 1222 234 1278 garius
259 1232 446 1280 quaestor
471 1224 658 1264 urbanus
686 1223 815 1264 fuerit
845 1238 944 1279 erga
973 1231 1015 1264 te
1049 1231 1093 1265 et
1125 1224 1377 1280 dignitatem
1411 1232 1548 1266 tuam:
1581 1226 1659 1267 sed

85 1293 240 1334 parum
257 1286 322 1320 est
339 1295 405 1321 me
423 1280 507 1321 hoc
528 1279 793 1320 meminisse:
827 1294 949 1335 spero
973 1280 1117 1331 etiam,
1138 1288 1196 1331 te,
1217 1281 1311 1336 (qui
1334 1281 1529 1323 oblivisci
1553 1282 1659 1323 nihil

74 1334 216 1386 soles,
239 1335 323 1376 nisi
342 1336 534 1391 injurias,
556 1336 760 1392 quoniam
790 1335 892 1376 shoc
911 1342 976 1377 est
996 1337 1142 1388 animi,
1164 1337 1368 1393 quoniam
1390 1337 1519 1380 etiam
1542 1338 1661 1396 inge-

89 1391 150 1432 nii
172 1392 254 1444 tui)
274 1399 331 1444 te,
352 1393 514 1449 aliquid
536 1393 588 1434 de
609 1393 735 1448 hujus
752 1392 978 1448 quaestoris
1000 1393 1141 1434 officio
1160 1393 1438 1449 cogitantem,
1460 1395 1589 1436 etiam
1606 1396 1658 1437 de
1678 1395 1733 1439 50

39 1446 44 1450 “
91 1448 186 1489 aliis
207 1449 467 1505 quibusdam
487 1450 772 1506 quaestoribus
797 1449 1414 1501 reminiscentem,recordari.
1474 1451 1560 1493 Hic
1580 1451 1661 1509 igi-

90 1511 159 1546 tur
177 1504 226 1546 T.
246 1505 455 1562 Ligarius,
487 1507 559 1562 qui
588 1513 678 1547 tum
709 1505 814 1546 nihil
843 1505 934 1561 egit
965 1506 1080 1548 aliud
1107 1512 1265 1563 (neque
1291 1507 1405 1548 enim
1430 1507 1523 1549 haec
1550 1508 1660 1550 divi-

89 1561 242 1613 nabat)
275 1563 358 1604 nisi
380 1570 429 1604 ut
447 1571 494 1604 tu
514 1577 611 1604 eum
632 1562 695 1604 tui
724 1562 977 1614 studiosum,
1010 1570 1052 1604 et
1072 1564 1232 1605 bonum
1253 1563 1404 1615 virum,
1425 1564 1662 1620 judicares,

90 1632 206 1659 nunc
229 1618 255 1660 a
277 1626 319 1661 te
340 1620 521 1676 supplex
543 1619 682 1660 fratris
711 1620 891 1660 salutem
921 1620 1050 1675 petit:
1083 1635 1227 1676 quam,
1258 1620 1386 1676 hujus
1417 1621 1664 1664 admonitus

92 1675 249 1724 officio,
277 1678 378 1718 cum
396 1676 589 1732 utrisque
609 1675 676 1716 his
697 1675 881 1724 dederis,
910 1682 997 1717 tres
1029 1676 1177 1718 fratres
1211 1676 1397 1732 optimos
1419 1684 1463 1719 et
1480 1677 1664 1734 integer·
1681 1681 1737 1722 55

92 1731 236 1782 rimos,
276 1748 362 1775 non
403 1732 542 1775 solum
583 1731 666 1774 sibi
705 1732 838 1789 ipsos,
879 1747 1017 1788 neque
1054 1733 1120 1775 his
1161 1739 1226 1775 tot
1264 1748 1315 1775 ac
1350 1734 1509 1776 talibus
1549 1735 1663 1785 virls,

263 1903 641 1948 ‘’desiderabamus.
742 1925 745 1929 ·
804 1905 1002 1945 eclivis-us.
1162 1903 1221 1946 fes
1240 1906 1315 1946 stoc·
1337 1907 1491 1947 animo.

747 2090 860 2122 Brutus

97 2136 170 2166 mihi
200 2135 232 2166 T.
257 2135 376 2177 Ligarii
402 2135 490 2165 verbis
512 2135 672 2169 nuntiavit,
707 2134 781 2173 quud
809 2145 861 2174 ap-

97 2084 226 2126 errasse}
249 2091 348 2133 Epist.
362 2093 413 2122 42.
430 2091 484 2122 lib.
501 2092 553 2122 13.
569 2090 607 2121 ad
623 2090 691 2120 Att.
947 2091 999 2123 35.
1024 2091 1244 2133 Onznesfi·ot1·es
1258 2093 1379 2134 tecum]
1403 2092 1477 2123 Duo
1490 2092 1541 2123 alii
1551 2093 1667 2134 Ligarii

904 2134 990 2164 istius
1006 2135 1112 2165 fratres
1134 2135 1287 2166 Caesarem
1312 2135 1413 2166 secuti
1427 2136 1559 2166 fuerant.
1604 2136 1667 2167 Hic

92 2179 218 2219 pelletur
244 2178 280 2208 L.
309 2177 454 2218 Corfidius
480 2178 510 2206 in
535 2180 663 2207 oratione
685 2175 860 2218 Ligariami,

95 2228 223 2252 erratum
238 2231 292 2252 esse
313 2231 418 2258 meum,
439 2221 487 2251 sed
510 2222 561 2259 (ut
577 2218 679 2259 aiunt)
699 2221 861 2259 μνημονικὸν

95 2266 269 2306 ἁμάρτημα.
334 2263 461 2294 Sciebam
496 2262 656 2303 Corfidium
688 2272 864 2302 pernecessa-

97 2309 176 2338 rium
212 2307 422 2349 Ligariorum:
457 2306 504 2337 sed
531 2317 594 2336 eum
617 2306 695 2335 uideo
720 2307 788 2337 ιιι-,τὲ
810 2317 864 2337 esse

97 2357 253 2382 mortuum.
299 2350 350 2380 Da
362 2352 465 2391 igitur,
481 2359 580 2390 quoeso,
603 2349 749 2390 negotium
765 2349 862 2380 Phar-

97 2395 174 2430 παι-ἰ,
196 2394 308 2427 Δηειεο,
330 2392 436 2429 Salvio,
459 2398 491 2422 ut
516 2393 547 2422 id
569 2402 669 2422 nomen
689 2402 720 2422 ex
734 2393 862 2423 omnibus

99 2437 179 2468 libris
192 2438 325 2468 tollatur.

142 2482 195 2511 30.
226 2480 341 2510 Adsunt
367 2484 440 2509 veste
468 2477 611 2520 mutasti]
658 2478 732 2508 Non
763 2477 861 2508 solum

97 2522 143 2553 rei
157 2522 318 2564 injudicio
341 2528 458 2552 vestem
482 2522 654 2558 mutabant,
677 2522 731 2552 sed
752 2532 860 2551 omncs

101 2565 194 2596 etiarn
218 2565 385 2608 propinqui
408 2570 440 2595 ct
463 2564 565 2604 amici,
589 2564 642 2606 qui
659 2563 782 2606 judicio
805 2565 862 2595 ad-

101 2614 198 2639 erant.

143 2653 197 2682 34.
221 2650 286 2681 Hoc
296 2650 496 2691 verissimum]
542 2649 672 2681 Dixerat
688 2650 804 2687 Caesar,
828 2659 861 2679 se

102 2703 172 2724 suos
187 2704 294 2724 omnes
308 2699 429 2735 putare,
452 2694 505 2735 qui
526 2699 632 2724 contra
655 2704 687 2724 se
712 2703 772 2724 non
790 2692 864 2723 fuis-

102 2741 182 2767 sent.
225 2735 305 2768 Ciun
317 2737 410 2779 igitur
422 2737 561 2778 Ligarius
573 2742 679 2768 contra
695 2747 764 2767 eum
781 2745 864 2766 arma

102 2790 164 2810 non
179 2779 356 2822 sumpserit,
379 2786 537 2824 tamquam
559 2791 647 2812 suum
672 2781 769 2812 debet
790 2789 865 2812 con·

101 2832 233 2856 Servare·

905 2177 986 2208 solus
1000 2177 1100 2207 fuerat
1115 2177 1145 2208 in
1161 2177 1280 2214 Africa,
1302 2179 1366 2219 qui,
1393 2178 1418 2208 si
1434 2178 1544 2209 Romae
1557 2179 1668 2210 fuisset

905 2231 974 2251 curn
990 2220 1145 2260 fratribus,
1167 2220 1206 2250 ab
1221 2220 1257 2250 iis
1272 2231 1335 2251 non
1351 2221 1538 2252 recessisset.

948 2265 1002 2294 38.
1047 2263 1274 2303 Conspirantem‚
1311 2270 1339 2294 et
1372 2264 1454 2304 poene?
1480 2264 1666 2307 conflatum]

905 2306 1094 2347 Metnphora
1108 2312 1230 2347 sumpta
1241 2306 1259 2336 ῖι
1276 2307 1386 2338 ventis.

948 2351 999 2380 46.
1033 2349 1137 2384 Qualis
1159 2355 1222 2379 tum
1244 2348 1276 2379 T.
1298 2349 1441 2392 Ligarius
1467 2356 1586 2390 quaestor
1614 2361 1667 2381 ur-

905 2391 1022 2432 banus]
1068 2392 1221 2433 Ligarius,
1250 2402 1384 2431 quaestor
1411 2393 1554 2430 urbanus,
1584 2393 1666 2424 Len-

904 2435 968 2465 tulo
1002 2440 1034 2465 et
1068 2434 1215 2476 Philippo
1246 2435 1334 2466 Coss.
1372 2435 1442 2466 cum
1477 2436 1667 2478 stipendium

905 2478 1021 2508 Caesari
1046 2478 1205 2509 decretum
1236 2484 1293 2514 est,
1316 2478 1402 2520 cujus
1424 2478 1536 2510 Cicero
1560 2479 1668 2510 memi-

903 2521 948 2551 nit
971 2521 1023 2551 lib.
1045 2523 1074 2552 1.
1091 2521 1131 2551 ad
1158 2520 1254 2552 famil.
1279 2522 1380 2562 Epist.
1396 2523 1429 2552 7.
1451 2522 1481 2552 ei
1505 2521 1666 2563 praestitit;

904 2574 966 2603 quo
993 2569 1133 2604 tempore
1169 2564 1237 2605 ipse
1275 2564 1386 2595 Cicero
1415 2564 1606 2605 stipendium
1633 2575 1666 2595 se

904 2617 965 2637 non
981 2605 1078 2636 solum
1096 2607 1126 2637 ei
1141 2607 1329 2643 decrevisse,
1351 2607 1407 2638 sed
1432 2607 1537 2642 etiam,
1561 2612 1595 2636 ut
1617 2617 1668 2638 se-

905 2656 995 2679 natus
1016 2649 1210 2685 decerneret,
1239 2649 1395 2680 laborasse
1423 2650 1479 2685 ait,
1509 2649 1597 2681 Orat.
1626 2650 1667 2681 de

907 2691 1052 2723 Provinc.
1072 2692 1166 2723 cons.
1191 2691 1286 2723 Pon-6
1301 2696 1469 2733 quaestores
1485 2692 1592 2724 urbani
1612 2703 1667 2724 cu·

907 2735 1016 2765 rabant
1031 2736 1182 2772 aerarium,
1205 2735 1335 2776 ejusque
1349 2734 1499 2776 pecunias
1514 2746 1666 2777 expensas

907 2783 941 2808 et
956 2783 1100 2820 acceptas
1123 2778 1153 2809 in
1177 2777 1297 2808 tabulas
1321 2777 1460 2818 publicas
1480 2778 1667 2820 referebant,

908 2825 943 2852 ut
952 2821 1047 2853 ‘docet
1061 2820 1231 2860 Asconius,
1254 2820 1386 2855 Veis-3.
