1858 3095
707 153 758 187 IN
781 153 1040 187 CATILINAM
1065 153 1127 185 111.
1656 151 1736 196 119

89 226 237 278 etiam,
273 234 447 298 propter
480 228 566 270 vim
601 229 774 271 sceleris
811 229 1028 270 manifesti
1063 237 1191 286 atque
1223 228 1493 286 deprehensi,
1523 230 1656 286 impu-

88 285 251 337 dentia,
286 302 372 343 qua
421 286 652 341 superabat
704 301 868 338 omnes,
911 286 1264 343 improbitasque,
1309 286 1483 327 defecit.
1558 289 1656 328 Vul-

86 343 251 385 turcius
273 342 371 385 vero
391 342 534 384 subito
557 343 733 399 proferri
767 343 926 394 literas,
950 350 1077 399 atque
1105 344 1253 399 aperiri
1280 343 1427 398 jussit,
1445 357 1550 398 quas
1573 344 1655 385 sibi
1678 339 1728 380 15

88 397 112 438 2³1
146 399 324 441 Lentulo
356 399 410 440 ad
449 399 681 441 Catilinam
718 400 842 441 datas
879 414 973 441 esse
1013 401 1198 442 dicebat.
1259 401 1403 455 Atque
1439 400 1498 440 ibi
1531 400 1656 441 vehe-

86 454 353 498 mentissime
393 457 669 511 perturbatus
702 457 921 507 Lentulus,
963 464 1106 499 tamen
1135 464 1178 498 ct
1208 457 1377 513 signum
1409 465 1451 497 ct
1482 471 1656 498 manum

88 527 210 553 suam
253 512 483 569 cognovit;
533 521 654 555 eraut
694 521 838 555 autem
884 514 1055 569 scriptae
1097 514 1187 555 sinc
1233 513 1421 564 nomine,
1454 514 1530 554 secl
1569 514 1653 555 ita:

91 572 118 594 “
142 571 228 618 Qui
247 572 341 620 sim,
364 585 416 611 etv
436 585 495 621 σο,
517 585 642 624 quem
668 574 724 612 acl
745 577 785 613 te
816 574 927 619 misi,
949 585 1183 623 cognosce&
1245 572 1365 612 Cura
1400 576 1451 611 ut
1478 573 1545 610 vir
1571 574 1651 617 sis,-

86 632 127 667 et
155 628 308 678 cogita,
348 641 471 680 quem
512 630 560 668 in
600 630 738 668 locum,
777 631 837 669 sis
872 642 1126 680 progressu-s·
1139 644 1151 668 .·
1203 632 1244 667 et
1278 628 1386 676 ride,
1422 629 1528 680 quid
1557 629 1652 678 jam
1673 621 1728 663 20

88 683 164 723 tibi
190 685 247 722 sit
276 698 457 724 necesse.
521 686 640 726 Cura
663 690 715 725 ut
744 686 936 723 omnium
956 684 1033 723 tibi
1067 685 1237 723 (travilla
1269 685 1505 735 adjungas,
1525 687 1655 725 etiam

83 737 397 781 hiufimorumf'
454 740 666 780 Gabinius
687 739 843 781 deinde
862 738 1146 790 introductus,
1163 739 1258 780 cum
1276 739 1412 794 primo
1429 739 1655 794 impuden-

84 800 148 835 ter
168 796 428 851 respondere
447 796 668 852 coepisset,
689 796 740 837 ad
766 802 1004 837 extremum
1020 795 1144 847 nihil,
1162 809 1213 836 ex
1233 795 1283 836 iis
1301 810 1398 851 quae
1415 796 1528 837 Galli
1553 796 1655 838 insi-

84 851 322 903 mulabant,
342 852 530 908 negavit.
590 853 657 894 Ac
672 852 776 893 mihi
790 852 978 908 quidem,
996 851 1200 902 Quirites,
1217 851 1314 894 cum
1328 853 1400 893 illa
1416 853 1655 895 certissima

85 915 186 950 sunt
205 909 297 950 visa
312 916 566 964 argumenta
585 916 715 966 atque
737 908 899 950 indicia
919 908 1108 956 sceleris,
1126 909 1310 957 tabellae,
1327 909 1466 965 signa,
1483 925 1651 963 manus,
1671 907 1727 948 25

85 964 272 1021 denique
294 965 634 1022 uniuscujusque
665 965 907 1016 confessio;
938 973 1029 1006 tum
1051 965 1186 1006 multo
1208 966 1282 1006 illa
1302 966 1497 1018 certiora,
1519 968 1651 1020 color,

85 1022 214 1073 oculi,
235 1022 395 1073 vultus,
416 1023 704 1074 taciturnitas;
722 1023 784 1064 sic
801 1021 915 1064 enirn
928 1022 1253 1078 obstupuerant,
1271 1022 1333 1063 sic
1347 1029 1499 1064 terram
1517 1023 1651 1066 intue-

85 1077 255 1129 bantur,
275 1079 339 1120 sic
357 1079 502 1120 furtim
529 1094 839 1135 nonnunquam
857 1086 872 1102 ⁰
886 1078 995 1119 inter
1016 1093 1060 1119 se
1082 1078 1366 1134 aspiciebant,
1392 1085 1436 1120 ut
1456 1094 1542 1121 non
1557 1081 1650 1136 jam

84 1134 139 1175 ab
161 1134 257 1176 aliis
280 1135 474 1186 indicari,
496 1136 571 1190 sed
593 1136 783 1177 indicare
815 1150 861 1176 se
882 1135 980 1191 ipsi,
1000 1135 1261 1176 viderentur.
1320 1135 1498 1177 Iudiciis
1520 1152 1652 1192 expo-

84 1190 181 1232 sitis
198 1198 327 1247 atque
341 1191 907 1243 editis,Quirites‚senatum
921 1191 1132 1242 consului,
1151 1192 1203 1232 de
1221 1191 1388 1232 summa
1404 1193 1650 1248 reipublicae
1668 1190 1727 1231 30

84 1247 189 1303 quid
210 1248 300 1288 fieri
322 1249 534 1303 placeret:
568 1248 694 1289 dictae
714 1256 815 1289 sunt
834 1248 860 1289 ἒι
874 1247 1140 1303 principibus
1162 1248 1376 1289 acerrimae
1398 1264 1449 1290 ac
1469 1250 1652 1292 fortissi-

82 1318 165 1345 mae
187 1304 426 1354 sententiae,
439 1319 546 1359 quas
563 1312 738 1346 senatus
755 1304 848 1346 sine
871 1305 956 1344 ulla
971 1304 1176 1345 varietate
1191 1312 1257 1345 est
1270 1312 1544 1347 consecutus.
1577 1307 1649 1359 Et,

82 1360 286 1416 quoniam
307 1361 496 1401 nondum
518 1367 584 1402 est
604 1361 883 1416 perscriptum
906 1361 1360 1411 senatus-consultum,
1374 1376 1427 1402 ex
1444 1365 1650 1405 memoria

82 1417 222 1465 vobis,
244 1416 451 1468 Quirites,
465 1417 580 1473 quod
603 1423 777 1458 senatus
798 1416 1028 1468 censuerit,
1045 1431 1271 1472 exponam.
1333 1417 1523 1459 Primum
1544 1420 1650 1461 mihi

83 1473 232 1530 gratiae
243 1474 384 1515 verbis
397 1474 671 1530 amplissimis
684 1472 1200 1530 aguntur,quod,virtute,
1216 1473 1414 1525 consilio,
1427 1476 1652 1531 prudentia
1670 1474 1726 1515 35

81 1529 198 1582 mea,
214 1531 460 1587 respublica
479 1530 678 1587 periculis
702 1531 759 1571 sit
774 1530 972 1571 maximis
993 1529 1194 1571 liberata:
1228 1530 1384 1571 deinde
1405 1532 1649 1576 L.Flaccus

84 1592 129 1628 et
149 1586 201 1628 C.
219 1587 491 1643 Pomptinus,
507 1594 727 1643 praetores,
741 1586 856 1643 quod
877 1600 1022 1628 eorum
1043 1586 1175 1643 oper-21
1195 1586 1296 1627 forti
1319 1588 1524 1645 fidelique
1546 1605 1650 1633 usus

82 1657 237 1694 essem,
254 1643 405 1685 merito
437 1646 489 1686 a'c
514 1645 611 1700 jure
638 1645 888 1685 laudantur:
921 1650 1049 1699 atque
1071 1643 1201 1684 etiam
1219 1643 1307 1684 viro
1337 1644 1449 1695 forti,
1473 1647 1652 1704 collegae

80 1715 195 1749 meo,
210 1700 261 1741 C.
274 1700 482 1753 Antonio,
495 1701 588 1742 laus
606 1701 858 1757 impertitur,
875 1699 992 1756 quod
1009 1714 1097 1751 θος,
1112 1700 1184 1756 qui
1201 1700 1325 1756 hujus
1342 1703 1650 1758 conjurationis

81 1757 317 1820 participes
327 1757 525 1809 fuissent,
536 1756 560 1798 a
571 1757 712 1799 suiset
726 1757 751 1799 a
763 1757 1011 1813 reipublicae
1024 1757 1215 1798 consiliis
1229 1758 1498 1800 removisset:
1521 1767 1651 1817 atque
1669 1760 1726 1801 40

83 1820 146 1855 1ta
167 1821 442 1866 censuerunt,
459 1822 508 1855 ut
525 1814 575 1856 P.
597 1814 817 1864 Lentulus,
841 1813 937 1856 cum
959 1829 1004 1855 se
1025 1814 1210 1868 praetura
1226 1814 1486 1866 abdicasset,
1501 1819 1650 1861 tumin

84 1871 328 1913 custodiam
367 1872 630 1923 traderetur3
680 1871 871 1927 itemque
911 1869 971 1912 uti
1012 1870 1064 1911 C.
1093 1870 1327 1927 Cethegus,
1370 1872 1416 1913 L.
1436 1872 1647 1924 Statilius,

84 1926 136 1969 P.
166 1927 396 1981 Gabinius,
429 1928 504 1986 qui
537 1943 686 1971 omnes
720 1934 952 1985 praesentes
990 1933 1123 1977 erant,
1150 1926 1195 1968 in
1232 1929 1474 1971 custodiam
1509 1932 1650 1974 trade-

261 2123 279 2148 δ
292 2138 524 2167 servorum.
928 2133 942 2149 ⁴⁷
958 2128 1222 2181 aspiciebant
1237 2141 1279 2169 se
1299 2128 1461 2169 mutar).

129 2322 181 2352 15.
205 2320 446 2372 Aperirf'jussitfl
482 2321 572 2354 Nihil
585 2322 685 2355 renuit
699 2323 751 2354 ille
765 2322 843 2355 Vul-

887 2322 941 2365 qui
969 2322 1067 2364 prinu]
1093 2323 1222 2364 quidem
1240 2324 1385 2355 Catilinae
1404 2326 1578 2365 studuerat,
1593 2325 1649 2358 sed

84 2365 212 2402 turcius,
226 2365 299 2406 quia
312 2373 482 2407 impunitas
498 2366 526 2396 ei
541 2367 690 2407 promissa
705 2372 782 2398 erat.

887 2377 944 2407 per
973 2366 1158 2398 Ciceronem
1187 2367 1207 2397 a
1238 2367 1450 2408 conjuratione
1487 2376 1649 2401 revocatus

129 2409 182 2440 31.
206 2408 233 2438 A
244 2408 450 2449 principibus]
495 2409 616 2441 Primus
631 2410 758 2441 dicebat
773 2420 843 2440 sen-

84 2451 226 2488 tentiam,
242 2462 336 2493 quem
358 2462 502 2482 censores
524 2452 647 2483 senatfis
671 2453 841 2494 principem

83 2491 246 2533 legerant;
269 2499 334 2525 tum
345 2495 556 2536 sequebantur
576 2496 632 2526 viri
656 2496 843 2532 consulares,

86 2536 225 2577 denique
250 2537 362 2578 reliqui
391 2544 560 2569 senatores.
603 2539 700 2575 Vide,
718 2540 771 2570 lib.
791 2541 842 2570 14.

85 2588 157 2618 cap.
168 2581 200 2609 ⁷.
213 2580 288 2621 quid
305 2582 345 2612 de
358 2580 397 2611 ea
411 2592 443 2612 re
456 2582 613 2623 scripserit
625 2581 759 2619 Gellius,
771 2592 844 2613 auc-

89 2627 157 2652 tore
172 2621 323 2655 Varrone.

131 2665 185 2695 33.
200 2664 414 2709 Ezmernoria]
446 2667 485 2698 Id
499 2673 557 2705 est,
569 2679 736 2710 exponam,
748 2679 846 2710 quan-

88 2711 154 2737 tum
170 2709 345 2740 meminisse
357 2715 479 2751 potero-

125 2752 180 2782 39.
208 2750 244 2782 C.
258 2751 411 2794 Antonia]
457 2754 614 2786 Antonius
643 2755 765 2796 collega
788 2754 850 2784 fuit

85 2792 121 2825 in
136 2793 298 2828 consulatu
314 2795 560 2835 Ciceronis,sive
573 2799 680 2831 consul
695 2798 850 2831 secundus

887 2414 946 2442 est.
993 2409 1077 2440 Vide
1093 2409 1219 2440 Sallust.

929 2454 983 2484 41.
1007 2452 1042 2483 Se
1064 2453 1194 2491 praetura
1214 2453 1399 2496 abdicasset]
1442 2454 1648 2487 Privabantur

887 2495 949 2526 suis
980 2496 1147 2526 honoribus
1181 2497 1322 2528 scelerati
1359 2499 1457 2535 cives,
1480 2500 1648 2540 antequam

887 2538 1029 2579 Reipub.
1061 2549 1167 2579 poenas
1197 2539 1319 2577 darent,
1351 2541 1426 2582 quia
1459 2542 1648 2573 sacrosancti

887 2582 1081 2612 habebantur
1097 2582 1305 2622 magistratus.

931 2626 982 2655 43.
1022 2626 1064 2655 In
1082 2626 1266 2666 custodiam]
1322 2626 1395 2656 Non
1427 2627 1459 2656 in
1490 2627 1649 2667 publicam

889 2667 1063 2697 custodiam
1079 2668 1144 2697 dati
1166 2674 1250 2706 sunt,
1267 2669 1322 2699 sed
1339 2670 1422 2709 apud
1439 2669 1558 2709 aliquos
1573 2670 1590 2700 ἐ
1603 2670 1647 2701 ci-

890 2711 1001 2747 vibus;
1040 2711 1094 2740 ubi
1122 2711 1255 2741 laterent
1282 2711 1432 2751 incogniti
1459 2712 1577 2744 detenti
1606 2723 1648 2746 ne

892 2753 997 2796 aliquo
1013 2753 1114 2796 plebis
1127 2755 1260 2787 tumultu
1275 2754 1490 2786 educerentur.
