1790 3090
40 160 102 202 20
596 156 648 196 IN
671 155 925 201 CAECILIUM,
948 153 1208 189 DIVINATIO.

51 234 108 276 30
127 235 295 292 Agonis
316 241 384 278 est
409 233 622 292 quaedam,
645 233 927 290 Lilybaetana,
957 233 1113 276 liberta
1132 230 1311 274 Veneris
1334 230 1562 288 Erycinae3
1594 247 1691 288 quae

127 293 295 346 mulier,
326 299 423 334 ante
440 292 555 332 hunc
575 297 846 346 quaestorem,
868 291 1045 348 copiosa
1065 289 1191 347 plane
1214 296 1257 331 et
1276 289 1470 344 locuples
1491 288 1586 330 fuit.
1619 289 1688 330 Ab

126 346 210 391 ‘hac
231 350 458 406 praefectus
480 347 658 388 Antonii
698 347 873 402 quidam
903 347 1237 404 symphoniacos
1273 360 1418 388 servos
1447 345 1694 392 abducebat

128 403 205 465 per
224 406 438 462 injuriam,
469 404 627 461 quibus
648 418 694 445 se
711 404 756 443 in
775 405 915 446 classe
932 404 993 445 uti
1015 404 1121 454 velle
1143 403 1332 444 dicebat.
1391 402 1501 450 Tum
1521 402 1611 452 illa,
1625 407 1692 454 (ut

130 478 225 504 mos
247 463 291 504 in
314 461 462 504 Sicilia
482 467 548 502 est
563 459 754 502 omnium
769 460 1076 511 Venereorum,
1093 467 1136 501 et
1157 474 1303 501 eorum
1319 459 1395 516 qui
1419 459 1444 501 a
1459 459 1628 500 Venere
1645 473 1690 499 se

57 518 114 558 35
132 521 431 572 liberaverunt)
464 525 511 559 ut
537 517 741 573 praefecto
768 516 826 557 illi
848 516 1100 571 religionem
1115 515 1296 557 Veneris
1318 531 1562 572 nomenque
1583 515 1692 571 obji-

133 582 261 628 ceret,
288 576 409 626 dixit,
442 581 486 616 et
513 589 558 615 se
581 580 624 615 et
644 573 785 614 omnia
806 588 883 614 sua
902 572 1083 614 Veneris
1105 587 1213 613 esse.
1273 572 1359 613 Ubi
1380 574 1464 614 hoc
1484 572 1691 628 quaestori

132 632 326 684 Caecilio,
356 632 446 673 viro
469 631 632 687 optimo
665 637 709 670 et
743 629 906 672 homini
936 628 1199 686 aequissimo,
1230 629 1475 670 nuntiatum
1496 635 1586 680 est3
1617 643 1693 669 vo-

132 689 218 731 cari
240 689 294 731 ad
315 704 360 730 se
381 688 627 745 Agonidem
641 688 788 743 jubet:
815 686 1029 742 judicium
1057 686 1131 727 dat
1151 685 1312 736 statim,
1344 689 1372 709 “
1390 688 1442 728 Sa·
1475 686 1692 739 pareret?

133 761 227 787 eam
247 761 292 786 se
315 752 359 787 et
395 760 473 786 sua
490 744 670 786 Veneris
692 759 786 785 esse
807 743 983 785 dixisse.
1041 742 1246 784 Judicant
1279 748 1598 798 recuperatores
1631 741 1693 792 id,

58 798 115 840 40
133 802 250 859 quod
271 817 447 844 necesse
469 807 585 852 erat3
614 816 753 857 neque
789 800 903 841 enirn
925 807 1014 842 erat
1042 799 1243 856 cuiquam
1265 798 1459 850 dubium,
1482 798 1586 854 quin
1621 798 1696 839 illa

133 859 326 900 dixisset.
387 858 475 900 Iste
496 858 540 898 in
568 858 887 913 possessionem
917 858 1130 898 bonorum
1161 855 1347 896 mulieris
1373 855 1525 896 mittit:
1557 855 1695 910 ipsam

132 915 290 956 Veneri
321 915 366 956 in
398 915 644 956 servitutem
665 914 910 970 adjudicat:
944 913 1098 955 deinde
1129 913 1240 953 bona
1273 912 1436 964 vendit,
1466 911 1696 968 pecuniam

132 971 302 1027 redigit.
365 971 445 1022 Ita,
480 972 582 1012 dum
610 986 750 1026 pauca
770 970 998 1026 mancipia,
1019 969 1198 1011 Veneris
1219 969 1408 1021 nomine,
1441 968 1624 1025 Agonis,
1644 983 1696 1009 ac

132 1028 336 1084 religione
356 1028 536 1069 retinere
552 1029 657 1079 vult,
678 1027 869 1068 fortunas
886 1042 1049 1078 omnes,
1069 1026 1396 1083 libertatemque
1418 1040 1554 1076 suam,
1570 1025 1697 1066 istius

58 1081 114 1122 45
133 1084 288 1140 injuria
308 1085 508 1140 perdidit.
569 1084 804 1139 Lilybaeum
819 1083 974 1125 Verres
993 1083 1110 1124 venit
1129 1082 1303 1138 postea3
1333 1097 1423 1123 rem
1445 1081 1696 1138 cognoscit:

131 1141 296 1182 factum
330 1140 566 1195 improbat:
599 1140 718 1196 cogit
752 1146 1012 1195 quaestorem
1051 1153 1175 1179 suum
1201 1139 1444 1195 pecuniam,
1476 1153 1604 1195 quam
1645 1152 1698 1179 ex

131 1196 346 1253 Agonidis
378 1196 504 1238 bonis
533 1196 788 1252 redegisset,
820 1211 915 1237 eam
936 1195 1101 1237 mulieri
1137 1209 1307 1236 omnem
1335 1209 1625 1244 annumerare,
1655 1201 1699 1236 et

131 1254 322 1296 reddere.

189 1310 288 1351 XV.
314 1309 394 1350 Est
407 1309 550 1351 adhuc
565 1309 644 1361 (id,
660 1310 777 1365 quod
794 1323 869 1351 vos
885 1324 1032 1351 omnes
1050 1308 1250 1350 admirari
1264 1308 1407 1361 video)
1422 1323 1509 1350 non
1525 1308 1696 1359 Verres,

132 1368 209 1408 sed
230 1367 285 1415 Q.
302 1366 505 1417 Mucius3
537 1366 641 1422 quid
664 1366 779 1406 enim
799 1366 940 1408 facere
963 1366 1104 1422 potuit
1125 1365 1363 1421 elegantius
1394 1366 1450 1407 ad
1473 1365 1696 1407 hominum

131 1423 521 1465 existimationem?
539 1422 702 1479 aequius
716 1423 770 1464 ad
786 1423 1012 1464 levandam
1026 1422 1214 1464 mulieris
1236 1422 1550 1464 calamitatem?
1571 1423 1697 1464 vehe-

131 1481 317 1522 mentius
338 1480 391 1521 ad
407 1481 633 1536 quaestoris
650 1479 873 1521 libidinem
892 1479 1204 1521 co'e'rcendam‘?
1252 1478 1426 1520 Summe
1441 1480 1536 1520 haec
1552 1478 1697 1521 omnia

86 1535 113 1575 5
132 1537 236 1578 mihi
257 1537 455 1579 videntur
475 1551 569 1577 esse
585 1536 813 1578 laudanda.
867 1537 954 1579 Sed
975 1535 1167 1592 repente,
1189 1534 1212 1577 ὲ
1227 1535 1427 1593 vestigio,
1441 1550 1494 1582 ex
1506 1535 1696 1588 homine,

174 1753 228 1782 30.
253 1749 399 1790 Μίνω-ιω]
445 1749 572 1780 Liberta
595 1750 717 1787 dicitur,
745 1760 815 1791 quae
838 1750 894 1781 de-

142 1798 238 1823 uncta
265 1798 330 1823 erat
352 1793 527 1824 sacerdotio
552 1793 696 1829 Veneris,
713 1799 745 1824 et
770 1805 803 1824 se
827 1792 893 1834 ejus

131 1836 280 1876 religione
311 1836 514 1866 liberaverat:
538 1842 572 1866 ut
598 1838 674 1867 enim
699 1837 811 1867 domini
835 1848 893 1867 ser-

937 1750 1031 1782 etiam
1049 1751 1104 1782 viri
1121 1751 1239 1783 Veneri
1255 1752 1425 1784 consecrati
1440 1757 1552 1783 essent.

979 1797 1032 1826 37.
1060 1795 1128 1825 Viro
1142 1796 1273 1836 optima]
1318 1795 1449 1826 Ironice.

979 1840 1033 1869 38.
1054 1838 1207 1869 Judicium
1236 1840 1290 1869 dat
1311 1839 1440 1879 statim]
1484 1838 1637 1868 Praetores
1664 1842 1696 1867 et

130 1890 187 1915 vos,
202 1879 244 1909 ita
259 1879 304 1909 dii
327 1880 468 1909 homines
489 1879 639 1920 religione
656 1879 714 1910 sibi
731 1880 893 1910 obstrictos

130 1923 301 1955 habebant,

174 1965 223 1995 Ib.
251 1965 365 1995 Veneris
378 1964 542 2006 Erycinae.]
573 1965 658 2007 Eryx
673 1964 760 1997 collis
778 1965 892 1996 Siciliae

133 2012 180 2038 est
211 2008 361 2042 excelsus,
391 2008 423 2038 in
450 2018 512 2048 qno
543 2008 663 2039 Veneri
694 2019 812 2038 sacrum
846 2013 893 2038 est

133 2051 283 2089 templum
298 2062 306 2088 ;
330 2051 382 2080 ubi
398 2051 480 2081 illius
499 2051 668 2081 ministerio
692 2051 804 2081 dicatae
821 2056 892 2081 suut

133 2093 276 2123 mulieres
292 2094 441 2134 plurimae.
478 2094 564 2124 Vide
581 2094 777 2130 Strabonem,
793 2094 846 2124 lib.
862 2097 891 2126 6.

135 2136 355 2177 Geographiae.

177 2181 229 2210 32.
254 2179 411 2221 Proefzectus
440 2178 588 2219 Antonii]
646 2179 708 2210 Hic
734 2179 891 2211 Antonius

134 2228 254 2252 curator
283 2223 383 2253 fuerat
412 2233 472 2252 orae
503 2222 661 2252 maritimae
690 2228 762 2253 ante
789 2224 896 2265 pirati-

135 2275 205 2294 cum
219 2265 333 2295 bellurn
348 2275 355 2301 3
375 2266 443 2300 sed,
454 2265 536 2295 bello
550 2266 750 2296 Cretensibus
763 2267 893 2304 indicto,

134 2317 166 2337 re
183 2308 262 2338 male
279 2309 377 2347 gesta,
393 2308 560 2338 infeliciter
576 2309 677 2348 periit.

178 2350 231 2382 Ib.
252 2350 471 2391 Symphoniczcos
494 2351 608 2390 servus]
664 2352 891 2392 Symphoniaci

136 2393 244 2423 musici
259 2399 340 2429 sunt,
357 2393 408 2434 qui
433 2398 520 2423 erant
537 2393 568 2423 in
591 2393 701 2431 classe,
715 2399 749 2423 ut
763 2395 812 2425 vel
829 2407 893 2426 mo-

136 2435 217 2466 dulis
233 2436 365 2476 remiges
382 2437 561 2471 excitarent,
573 2436 621 2466 vel
638 2441 672 2466 ut
685 2438 892 2477 pugnantibus

135 2478 297 2509 classicum
321 2484 489 2517 canerent,
514 2479 597 2509 unde
611 2479 672 2520 ipsi
687 2480 769 2510 tubae
784 2481 890 2511 classis

136 2527 184 2551 est
211 2520 326 2552 nomen
353 2522 487 2562 positum
512 2522 682 2552 classicum.
729 2523 811 2554 Vide
828 2524 893 2554 Bu-

137 2564 237 2593 daeum
251 2564 282 2594 in
298 2563 416 2595 Annot.
436 2564 588 2595 Pandect.
601 2564 685 2596 Juris
701 2565 792 2597 Civil.

179 2607 232 2637 34.
257 2606 392 2637 Omnium
422 2607 635 2648 venerearum]
697 2608 759 2643 Qui
786 2620 893 2649 quaeve

135 2649 308 2680 consecrati
330 2656 418 2680 erant
432 2650 560 2685 Veneri,
576 2650 597 2679 ii
613 2650 751 2681 Venerei
775 2657 806 2682 et
830 2652 893 2682 Ve-

134 2702 236 2722 nereae
253 2693 444 2723 dicebantur.
483 2694 592 2723 Strabo
608 2694 690 2723 enim
707 2695 823 2731 scribit,
837 2695 890 2725 lib.

136 2735 252 2777 Geogr.
269 2738 299 2767 6.
316 2735 402 2777 quod
427 2746 490 2767 non
516 2735 636 2767 tantum
665 2737 819 2776 mulieres,
835 2739 891 2770 sed

936 1887 1104 1921 quaestores
1128 1882 1159 1912 in
1181 1881 1348 1922 provinciis
1368 1881 1494 1922 judices
1510 1882 1542 1912 in
1569 1881 1697 1921 privatis

936 1924 1037 1954 causis
1051 1925 1294 1956 constituebant.

979 1969 1032 1997 39.
1054 1967 1197 1999 Judicant
1222 1967 1457 2007 recuperatores]
1514 1966 1700 2007 Recupera-

937 2014 1018 2040 tores
1037 2009 1163 2050 judices
1187 2016 1274 2041 erant
1296 2021 1333 2040 ex
1358 2009 1493 2050 equestri
1518 2015 1572 2039 aut
1596 2009 1697 2050 publi-

936 2063 1083 2082 canorum
1096 2053 1216 2084 ordine.
1261 2053 1313 2083 Illi
1329 2059 1433 2083 autern
1446 2053 1464 2082 εἰ
1479 2053 1696 2093 recuperando

938 2101 1169 2136 recuperatores
1192 2096 1268 2126 dicti
1291 2101 1373 2132 sunt,
1389 2095 1474 2136 quod
1497 2106 1552 2136 per
1567 2105 1621 2126 eos
1644 2094 1697 2135 jus

937 2149 1025 2168 suum
1042 2139 1175 2180 quisque
1188 2149 1371 2180 recuperare
1388 2143 1502 2178 posset.

980 2184 1032 2212 41.
1071 2181 1109 2212 Ιη
1133 2185 1327 2221 possessionem
1349 2181 1511 2222 bonorum]
1569 2181 1608 2210 Id
1639 2185 1699 2217 est,

939 2225 1134 2264 possessione
1149 2226 1298 2255 bonorum
1315 2224 1473 2255 mulierem
1485 2223 1598 2265 privat,
1609 2224 1697 2254 alteri

939 2268 1013 2297 data
1028 2269 1234 2309 possessione.

979 2313 1029 2341 43.
1068 2311 1249 2351 BIuncipim]

934 2352 1092 2393 intelligit.

980 2400 1011 2426 1.
1037 2395 1104 2426 Non
1132 2395 1237 2432 Verres,
1260 2396 1307 2425 sed
1331 2395 1367 2429 Q.
1385 2395 1534 2436 Mucius]

937 2449 999 2468 non
1015 2439 1183 2479 provinciae
1208 2439 1327 2479 praedo,
1355 2439 1409 2469 sed
1434 2439 1576 2475 Mucius,
1592 2440 1699 2479 singu-

934 2481 1005 2512 laris
1019 2481 1063 2511 vir
1078 2482 1242 2522 probitatis
1258 2486 1289 2512 et
1302 2482 1500 2517 innocentiae,
1515 2482 1615 2512 sactus
1627 2487 1675 2511 est
1689 2492 1696 2511 :

936 2535 1049 2554 novem
1067 2535 1186 2555 menses
1203 2525 1254 2555 ille
1271 2524 1379 2554 consul
1393 2524 1501 2554 Asiam
1517 2530 1579 2555 tam
1593 2524 1697 2555 sancte

938 2567 1174 2602 administravit,
1187 2573 1221 2597 ut
1234 2566 1345 2597 Asiani
1360 2567 1445 2597 diem
1461 2564 1617 2598 festum‘in
1631 2566 1697 2608 ejus

938 2611 1086 2640 honorem
1102 2611 1302 2646 instituerint,
1326 2620 1418 2650 quem
1435 2610 1543 2640 Mucia
1557 2610 1698 2640 nomina-

938 2658 1058 2685 verunt.

979 2698 1010 2728 5.
1035 2696 1063 2726 E
1083 2696 1226 2738 vestigia]
1251 2695 1290 2726 Id
1314 2700 1372 2729 est,
1396 2695 1586 2733 brevissime,
1602 2706 1698 2737 quan-

936 2744 1000 2771 tum
1016 2745 1136 2781 tempus
1152 2740 1243 2770 estin
1259 2750 1321 2770 uno
1336 2738 1467 2781 vestigio
1480 2739 1638 2771 faciendo.

1311 2309 1428 2340 Pueros
1455 2310 1697 2351 symphoniacos

1585 2396 1698 2427 Verres
