1858 3095
704 185 753 223 m
777 184 1034 224 CATILINAM
1058 190 1088 224 1.

109 275 198 304 non
215 261 271 303 ad
292 262 502 318 privatam
522 262 801 318 ignominiam
820 263 1020 304 vitiorum
1041 270 1226 316 tuorum,
1258 275 1344 306 non
1374 263 1429 304 ad
1462 265 1666 306 domesti·
1679 267 1734 307 25

111 331 207 360 cam
228 326 346 361 tuam
379 319 677 361 difficultatem
699 333 750 361 ac
782 319 1103 376 turpitudinem,
1137 322 1213 362 sed
1240 322 1295 363 ad
1327 335 1535 362 summam
1569 322 1667 362 Rei-

109 375 212 431 pub.
226 384 355 433 atque
371 376 560 418 omnium
573 376 767 417 nostrum
782 377 912 417 vitam
929 377 1214 434 salutemque,
1237 378 1464 434 pertinent.
1496 377 1668 419 Potest-

110 446 163 474 ne
202 433 280 474 tibi
319 434 412 474 haec
441 434 529 484 luX,
561 432 761 484 Catilina,
794 440 868 474 aut
897 434 1024 490 liujus
1047 436 1172 476 sscoeli
1205 435 1380 491 spiritus
1402 435 1667 489 essejucun-

111 489 309 541 dus‚cum
321 490 433 531 scias
443 490 594 531 horum
611 504 704 531 esse
719 490 947 541 neminem,
963 491 1034 547 qui
1052 492 1231 542 nesciat,
1239 499 1294 542 te,
1306 491 1438 547 pridie
1448 490 1666 531 Kalendas

110 545 282 587 Januar.
296 546 455 602 Lepido
481 554 525 588 et
543 546 668 588 Tullo
687 546 812 589 Coss.
832 547 1006 589 stetisse
1028 547 1071 588 in
1089 548 1264 590 comitio
1278 562 1378 589 cum
1397 548 1483 588 telo
1497 548 1513 587 ’ἒ
1548 547 1565 570 ¹¹
1579 561 1667 587 ma·
1679 550 1735 588 30

109 615 225 651 num,
266 603 491 644 consulum
522 609 564 644 et
596 604 836 660 principum
875 604 1062 646 civitatis
1092 605 1482 645 interficiendorum
1523 602 1667 654 causa,

111 658 357 715 paravisse?
389 660 539 701 sceleri
570 675 622 702 ac
648 660 776 701 furori
798 668 872 701 tuo
907 675 994 701 nou
1022 667 1209 702 mentem
1240 661 1429 716 aliquam
1450 667 1524 700 aut
1543 660 1668 700 timo-

109 729 195 757 rem
207 722 343 767 tuum,
352 717 429 758 sed
438 717 940 772 fortunamReipublicae‚
949 717 1196 758 obstitisse?
1219 718 1286 758 Ac
1293 718 1385 772 jam
1402 716 1475 757 illa
1487 716 1640 757 omitto
1658 732 1666 757 :

108 786 248 828 neque
269 773 384 815 enim
414 781 515 815 sunt
533 781 608 815 aut
627 774 823 825 obscura,
855 780 930 814 aut
948 787 1035 815 non
1055 775 1203 824 multa,
1236 772 1390 830 poste-51
1424 773 1669 815 commissa.

109 827 291 876 Quoties
307 836 354 872 tu
369 845 436 872 me
451 830 736 886 designatum,
753 830 924 886 quoties
943 844 1010 871 me
1030 831 1267 882 consulem,
1280 830 1519 871 interficere
1540 844 1670 871 cona-
1681 833 1736 872 35

107 891 178 927 tus
194 885 266 928 es?
282 894 388 943 quot
400 901 481 944 ego
499 894 593 928 tuas
609 887 616 910 i
630 887 874 943 petitiones,
895 887 956 928 ita
975 888 1212 943 conjectas,
1234 894 1282 928 ut
1300 887 1421 928 vitari
1443 901 1569 943 posse
1583 901 1671 928 non

107 941 369 994 viderentur,
398 944 530 1000 parva
579 944 768 1000 quadam
798 943 1100 993 declinatione,
1131 951 1175 986 et
1206 948 1271 998 (ut
1308 943 1446 993 aiunt)
1478 957 1670 999 corpore,

109 997 273 1056 effugi?
324 1001 446 1065 Nihil
463 1001 570 1057 agis,
593 1000 701 1041 nihil
722 1001 978 1056 assequeris,
995 1000 1652 1057 iuml-rnfflffiaequossmalu-k-la

110 1057 683 1114 menum-tempore:

111 1111 294 1160 Quoties
309 1115 401 1170 jam
413 1114 492 1156 tibi
505 1121 674 1156 extorta
686 1121 753 1156 est
764 1115 856 1156 sica
873 1115 958 1156 ista
977 1115 1030 1156 de
1046 1114 1272 1156 manibus?
1293 1114 1463 1170 quoties
1483 1113 1585 1155 verb
1599 1127 1670 1154 ex·
1683 1116 1738 1156 40

112 1169 222 1211 cidit
241 1183 345 1212 casu
361 1171 520 1227 aliquo,
537 1178 580 1212 et
601 1172 746 1227 elapsa
766 1172 855 1212 est?
873 1179 1020 1212 tamen
1032 1171 1088 1212 ea
1098 1186 1244 1213 carere
1254 1170 1422 1212 diutius
1431 1177 1671 1227 non-potes3

112 1241 210 1282 quae
237 1227 411 1284 quidem
432 1228 588 1283 quibus
616 1229 693 1269 abs
725 1235 768 1269 te
790 1228 983 1269 ¹initiata
1008 1228 1139 1269 saeris
1160 1243 1212 1269 ac
1232 1228 1388 1269 devota
1408 1227 1478 1279 sit,
1509 1227 1672 1278 nescio,

110 1281 229 1339 quod
250 1298 346 1325 eam
361 1298 539 1326 necesse
559 1290 685 1340 putas
706 1300 801 1326 esse
823 1284 1012 1326 consulis
1034 1284 1078 1325 in
1096 1298 1270 1340 corpore
1292 1285 1494 1340 defigere.
1543 1284 1673 1324 Nunc

110 1339 226 1391 verb,
254 1355 352 1396 quae
388 1346 462 1381 tua
492 1347 559 1382 est
578 1341 663 1382 ista
682 1341 798 1382 vita?
830 1341 894 1383 sic
929 1341 1043 1382 enim
1058 1342 1150 1397 jam
1171 1349 1313 1382 tecum
1334 1342 1498 1396 loquar,
1518 1355 1605 1381 non
1625 1347 1674 1380 ut

112 1396 215 1438 odio
235 1403 454 1452 permotus
475 1411 570 1438 esse
590 1397 750 1447 videar,
780 1413 868 1454 quo
889 1398 1054 1449 debeo3
1086 1398 1163 1438 sed
1182 1404 1232 1438 ut
1251 1397 1562 1448 misericordia,
1578 1411 1673 1452 quae
1686 1400 1741 1440 45

109 1452 192 1494 tibi
212 1454 330 1495 nulla
350 1454 546 1496 debetur.
575 1453 746 1496 Venisti
765 1455 896 1510 paulo
909 1453 1007 1495 ante
1025 1454 1070 1495 in
1086 1461 1307 1495 senatum:
1339 1453 1437 1509 quis
1457 1460 1499 1495 te
1521 1468 1573 1495 ex
1591 1453 1677 1494 hac

111 1509 236 1552 tanta
247 1510 506 1568 frequentia,
520 1525 573 1554 ex
591 1517 658 1554 tot
670 1511 756 1554 tuis
769 1511 920 1555 amicis
934 1526 986 1554 ao
1001 1511 1269 1562 necessariis,
1284 1510 1509 1553 salutavit?
1533 1510 1579 1553 Si
1592 1510 1677 1551 hoc

227 1702 245 1728 ¹³
258 1698 484 1753 respiratio
505 1697 629 1738 aeris.

157 1938 210 1968 30.
233 1932 343 1977 Lepido
364 1941 392 1968 et
420 1934 508 1967 Tullo
525 1935 619 1978 Coss]
665 1935 761 1967 Anno
777 1934 875 1968 Urbis

116 1980 251 2011 conditae
276 1981 350 2017 607,
381 1979 517 2011 Catilina
540 1981 784 2021 repetundarum
806 1990 877 2011 reus

117 2023 217 2054 sactus
232 2022 251 2052 5.
267 2022 393 2063 Clodio,
416 2024 435 2054 a
455 2023 619 2054 consulatu
643 2024 783 2064 petendo
806 2033 878 2064 pro-

118 2065 235 2096 hibitus
251 2070 317 2097 est:
342 2066 436 2107 quare
453 2067 527 2097 odio
541 2066 700 2102 incensus,
722 2067 763 2097 de
789 2066 877 2097 nov1s

116 2108 294 2140 consulibus
305 2109 526 2140 interficiendis
537 2109 695 2150 cogitavit.

162 2150 213 2182 Ib.
235 2150 273 2182 In
285 2153 398 2183 comitio
410 2161 475 2182 cum
490 2152 575 2192 tecm]
601 2151 716 2193 Neque
729 2152 762 2182 in
785 2152 881 2183 comi-

119 2194 209 2230 tium,
218 2205 320 2236 neque
333 2196 365 2226 in
379 2195 491 2232 sorum,
501 2204 602 2237 neque
614 2194 647 2225 in
662 2194 787 2232 curiam,
799 2195 880 2226 ferre

119 2237 216 2269 telum
229 2238 276 2268 fas
288 2238 359 2270 fuit.

161 2280 212 2312 Ib.
238 2280 395 2323 Manum]
441 2281 550 2312 Socios
566 2280 805 2322 conspirationis
820 2280 879 2311 sibi

118 2323 241 2365 Syllam
264 2329 297 2356 et
316 2324 490 2355 Antonium
506 2335 576 2355 cum
604 2324 716 2356 Crasso
738 2330 771 2355 et
794 2323 815 2355 J
819 2323 880 2355 ulio

118 2363 244 2399 Caesare
257 2367 451 2409 adjunxerat.

164 2413 219 2442 32.
255 2410 324 2442 Non
363 2411 511 2453 mentem]
566 2411 662 2443 Mens
691 2410 796 2452 aliqua
833 2409 882 2440 di-

120 2453 194 2484 vina
207 2454 268 2486 boc
286 2454 451 2486 consilium
473 2454 640 2486 deterruit:
664 2465 768 2495 neque
797 2453 881 2484 enim

123 2495 252 2528 Crassus
277 2497 389 2535 adfuit,
421 2508 525 2540 neque
562 2499 630 2539 ipse
658 2497 796 2528 Catilina
824 2496 885 2537 sig-

121 2549 209 2577 num,
231 2541 316 2582 quod
343 2546 544 2579 convenerat,
568 2540 679 2572 dedit:
715 2539 810 2582 quare
835 2549 884 2570 res

123 2582 237 2614 effecta
250 2594 313 2616 non
341 2591 401 2621 est,
424 2585 480 2616 sed
506 2585 540 2614 in
562 2583 673 2615 Nonas
698 2583 881 2614 Februarias

122 2625 234 2658 dilata.

166 2668 220 2700 34.
241 2668 310 2701 No'n
323 2671 428 2708 multa,
450 2671 574 2713 posted]
614 2669 696 2702 cfim
721 2668 878 2700 Antonius

122 2715 156 2742 et
182 2709 346 2746 Cornelius
380 2714 479 2756 Sylla,
521 2715 664 2746 consules
709 2713 877 2754 designati,

122 2754 255 2786 ambitsss
278 2762 385 2798 poe'n'as
419 2757 597 2796 dedissent3
631 2756 775 2788 consules
800 2755 879 2786 Tor-

120 2803 234 2839 quatus
257 2803 290 2829 et
308 2798 402 2830 Cotta
424 2800 458 2830 in
483 2810 589 2833 eorum
627 2800 731 2832 locum
757 2798 882 2830 suffecti

117 2846 201 2881 sunt,
237 2852 315 2885 quos
340 2842 514 2879 interficere
558 2848 686 2878 conatus
715 2847 763 2876 est
792 2841 882 2885 Catif

795 1695 815 1720 ¹²
830 1696 1001 1737 turbam
1019 1693 1257 1738 hominum.

400 1754 703 1808 “incognitum
716 1754 855 1808 possit
873 1768 972 1797 esse.

1409 1692 1418 1716 ἰ
1438 1695 1564 1735 ictus.

1213 1751 1224 1775 ¹
1235 1752 1391 1794 dicata.

920 1935 995 1967 lina.
1042 1931 1120 1968 Post
1147 1935 1205 1966 hos
1220 1933 1296 1965 facti
1323 1937 1395 1964 sunt
1418 1931 1458 1963 L.
1474 1931 1580 1962 Caesar
1594 1935 1626 1960 et
1641 1929 1681 1961 C.

922 1979 1072 2020 Figulus:
1099 1979 1144 2009 eis
1163 1977 1236 2009 vero
1253 1977 1342 2009 Coss.
1358 1975 1512 2017 designati
1528 1978 1599 2004 sunt
1614 1973 1682 2004 An-

922 2023 1025 2053 tonius
1037 2028 1070 2054 et
1084 2021 1206 2053 Cicero.

966 2067 1020 2097 36.
1066 2065 1130 2106 Ego
1143 2071 1211 2096 tuas
1229 2063 1404 2104 petitiones]
1449 2060 1639 2102 Metaphora
1663 2058 1682 2088 ’Σι

924 2108 1147 2149 gladiatoribus
1177 2107 1231 2148 qui
1257 2107 1362 2147 gladio
1402 2115 1514 2145 corpus
1549 2102 1681 2134 hominis

923 2156 1047 2192 petunt,
1071 2156 1105 2181 ut
1117 2151 1194 2181 illud
1207 2150 1381 2179 vulnerent.

967 2196 1022 2227 3⁷.
1050 2193 1091 2224 Ut
1111 2192 1224 2233 aium]
1274 2191 1477 2222 Proverbium
1504 2194 1579 2219 tunc
1606 2192 1683 2218 tem-

924 2237 1008 2278 poris
1022 2237 1181 2268 usitatum.
1223 2234 1303 2265 Tota
1318 2234 1377 2264 hac
1393 2231 1575 2273 metaphora
1590 2231 1685 2271 signi-

925 2281 998 2310 ficat
1012 2290 1046 2311 se
1061 2279 1195 2321 petitum
1216 2277 1312 2308 fuisse
1336 2275 1418 2318 saepe
1446 2276 1465 2306 a
1479 2274 1627 2314 Catilina,
1653 2278 1686 2304 et

925 2322 1041 2354 vitasse
1059 2331 1182 2364 semper
1196 2320 1262 2362 ejus
1278 2320 1420 2351 insidias.
1643 2359 1650 2367 ι
1677 2359 1686 2366 .

972 2368 1024 2398 39.
1049 2365 1087 2396 In
1112 2365 1262 2406 tempora]
1306 2362 1378 2399 Quo
1406 2362 1484 2393 illud
1508 2360 1586 2392 scire
1611 2360 1688 2391 mllu

926 2409 1004 2440 utile
1018 2409 1089 2440 suit.
1661 2416 1664 2418 v

971 2456 1025 2483 40.
1047 2451 1113 2483 Sica
1136 2450 1220 2492 istm]
1273 2449 1346 2480 Sica
1374 2444 1393 2478 εἴ
1421 2447 1575 2485 seca-ndns
1590 2456 1687 2487 genus

931 2498 980 2527 est
997 2495 1094 2537 gladii
1107 2493 1206 2537 parvi,
1228 2493 1315 2535 quod
1340 2490 1431 2523 facile
1461 2489 1609 2522 occultari
1632 2499 1688 2530 po-

930 2543 1004 2571 test.

971 2585 1024 2613 42.
1048 2581 1175 2613 Initiata
1187 2578 1302 2619 sacris]
1347 2577 1387 2608 Id
1403 2577 1593 2615 est‚dicata.·
1617 2583 1688 2619 nain

927 2626 1030 2662 cultri,
1053 2626 1165 2667 quibus
1180 2623 1347 2653 utebantur
1377 2621 1416 2651 ad
1444 2619 1583 2650 victimas
1594 2617 1690 2666 jugu-

928 2669 1050 2705 landas,
1075 2667 1153 2699 sacri
1177 2665 1388 2701 habebantur-3
1416 2672 1520 2702 neque
1535 2661 1571 2691 iis
1589 2665 1633 2690 uti
1657 2669 1691 2689 in

930 2723 964 2743 re
980 2710 1165 2754 profanatas
1181 2714 1257 2741 erat.
1300 2707 1386 2738 Vide
1395 2706 1534 2736 Servium
1548 2704 1581 2733 in
1596 2703 1691 2733 libss.

928 2754 1065 2786 AEne'id.
1111 2753 1232 2795 objicit
1251 2750 1406 2785 Catilinae,
1433 2748 1476 2778 ita
1498 2757 1570 2778 eum
1585 2755 1691 2787 gerere

928 2798 1018 2829 illam
1041 2797 1152 2837 solere,
1174 2803 1208 2827 ut
1233 2794 1375 2825 videatur
1403 2790 1483 2824 divis
1511 2789 1631 2823 vovisse
1656 2797 1693 2819 se

929 2840 998 2876 sica
1011 2840 1155 2875 cousuies
1164 2837 1413 2873 interfecturum.
1572 2847 1574 2849 >
1610 2845 1614 2847 >

1682 191 1756 238 89.

1654 1011 1808 1053 ·]⁴.⁴..2

726 1073 866 1114 neque
900 1065 1044 1100 tamen
1079 1058 1224 1099 conari
1259 1073 1310 1099 ac
1345 1058 1450 1099 velle
1483 1056 1671 1098 desistis.

1717 1294 1773 1343 ”7
