1838 3017
102 182 145 214 s
251 196 281 211 Ι,
680 158 945 193 innuerim
970 160 1015 192 11.
1605 160 1693 207 433

122 212 142 225 ‚¹
210 202 235 228 (ι,
270 211 275 222 t
347 220 350 222 v
1293 208 1302 222 s
1413 219 1415 222 .

0 288 2 290 v
55 231 396 276 conculcandam
424 231 625 276 ‘’Italiam
655 234 917 285 tradidisset,
947 249 1041 290 quae
1069 233 1152 275 fuit
1172 234 1263 291 ejus
1281 234 1524 291 peragratio
1547 234 1616 277 iti-

0 326 3 334 ,
56 291 236 332 nerum?
265 290 461 344 lustratio
479 292 830 348 municipiorum?
864 290 963 332 Scio
982 306 1048 332 me
1068 291 1109 332 in
1127 292 1253 333 rebus
1271 291 1618 334 celebratissimis
1637 295 1692 336 75

0 340 254 390 “Osermone
276 347 466 389 omnium
486 349 664 399 versari,
695 364 844 404 eaque,
876 363 971 404 quae
993 349 1091 390 dico
1114 349 1390 404 dicturusque
1411 363 1522 400 sum,
1544 364 1624 390 no-

34 396 39 407 ’
61 404 172 446 tiore.
192 404 389 446 omnibus
411 418 505 444 esse
526 405 599 461 qui
622 406 664 446 in
688 405 813 446 Itali-:t
843 413 935 445 tum
967 406 1101 456 fui-re,
1132 405 1263 461 quam
1291 404 1412 456 mihi,
1442 405 1516 462 qui
1536 419 1624 447 non

62 460 141 502 fui.
203 460 374 502 Notabo
406 467 549 502 tamen
580 462 770 517 singulas
799 477 890 514 res,
923 462 1003 502 etsi
1024 463 1139 503 nullo
1162 462 1290 502 modo
1313 461 1468 517 poterit
1489 461 1624 503 oratio

63 531 160 559 mea
186 516 433 558 satisfacere
463 526 612 559 vestrm
639 518 840 559 scientiae.
900 518 1072 559 Etenim
1095 518 1210 574 quod
1230 532 1417 573 uuquam
1439 518 1481 558 in
1503 518 1626 560 terris

63 579 232 615 tantum
261 573 475 628 flagitium
504 575 721 616 exstitisse
754 576 946 616 auditum
977 574 1071 615 est?
1101 581 1264 615 tantam
1293 574 1627 628 turpitudinem?
1646 577 1701 618 80
1746 571 1770 584 “”

0 618 30 681 f
63 636 231 672 tantum
251 629 438 671 dedecus
457 632 467 671 ἒ
528 631 776 673 Vehebatur
796 632 840 671 in
861 631 1013 685 essedo
1032 631 1228 671 tribunus
1259 630 1423 684 plebis:
1457 631 1628 672 lictores

64 686 244 729 laureati
275 688 611 729 antecedebant:
655 689 763 728 inter
792 702 919 742 quOS,
949 686 1098 743 aperta
1129 685 1300 737 lectica,
1331 686 1462 727 mima
1491 693 1630 742 porta·
1672 716 1677 723 ι

65 743 211 794 batur3
241 757 371 799 quam
402 757 454 784 ex
487 744 657 799 oppidis
688 744 981 799 municipales,
1013 742 1208 783 homines
1239 741 1424 794 honesti,
1457 743 1631 784 obviam

65 799 308 841 necessario
349 800 621 856 prodeuntes,
665 815 752 841 nou
794 808 895 840 uoto
936 799 1007 839 illo
1047 807 1090 840 et
1125 799 1297 840 mimico
1327 799 1516 851 nomine,
1554 800 1631 841 sed

69 855 358 906 Volumniam,
388 857 731 897 consalutabant.
792 856 1060 912 Sequebatur
1090 856 1222 896 rheda
1249 870 1347 897 cum
1378 856 1630 898 lenonibus:
1650 831 1838 928 85ss

68 911 250 954 comites
290 913 568 968 nequissimi:
614 914 773 969 rejecta
809 921 944 954 mater
981 912 1163 953 amicam
1202 912 1355 968 impuri
1390 912 1481 962 filii,
1527 919 1633 956 tam-

19 983 200 1026 „quam
243 983 412 1021 nurum,
458 970 731 1024 sequebatur.
806 969 844 1009 O
892 970 1054 1010 miserae
1096 968 1283 1010 mulieris
1326 969 1634 1011 fecunditatem

29 1024 387 1082 „scalamito‘s‘aml
420 1026 654 1082 ›QVIR-,Horum
697 1025 956 1082 flagitiorum
1000 1026 1080 1067 iste
1123 1025 1317 1081 vestigiis
1358 1026 1501 1067 onmia
1541 1041 1636 1068 mu·

0 1076 17 1089 '‘
73 1082 249 1140 nicipia,
285 1075 574 1137 praefe'ctur'a‘s,
614 1083 820 1134 colonias,
858 1089 994 1124 totam
1025 1082 1208 1137 denique
1242 1082 1426 1133 ltaliam,
1458 1082 1636 1139 impres-

74 1138 142 1179 sit.
204 1137 483 1195 Reliquorum
513 1140 723 1181 factorum
756 1141 863 1196 ejus,
896 1139 944 1181 P.
980 1139 1030 1179 C.
1063 1138 1246 1180 difficilis
1277 1145 1344 1180 est
1368 1138 1472 1180 sane
1499 1154 1636 1195 repre-
1651 1138 1710 1184 90

74 1194 241 1246 hensio,
264 1203 307 1236 et
327 1196 533 1237 ‘'lubrica.
582 1197 787 1237 Versatus
809 1197 852 1237 in
872 1196 982 1237 bello
1005 1202 1091 1246 θεῖς
1119 1195 1325 1236 saturavit
1356 1210 1400 1237 se
1429 1196 1637 1251 sanguine

75 1251 460 1294 dissimillimorum
501 1253 567 1294 sui
610 1253 792 1306 civium;
837 1252 919 1294 fuit
958 1252 1074 1303 felix,
1116 1252 1153 1293 si
1183 1258 1327 1308 potest
1354 1253 1443 1294 ulla
1472 1267 1567 1294 esse
1593 1252 1639 1295 in

1703 656 1724 690 ,Κ

78 1436 360 1528 ουεῶάηβαιη.
393 1443 410 1467 1‘
423 1437 501 1478 iste
517 1437 657 1492 irgfioez’t
674 1438 720 1478 in
737 1431 871 1477 Italici
890 1437 1104 1477 memoria>
1119 1435 1338 1476 hominum
1354 1436 1642 1492 suaflagit'ia.

46 1483 268 1564 βάκ-ἦῆ..
764 1500 958 1558 (ὶαηοςῃε.

766 1546 985 1590 {ms-wftff‘s

865 1586 877 1615 b
977 1591 980 1593 ,

85 1719 225 1751 δὶάἰηοεέ
250 1724 282 1751 et
304 1718 526 1750 contumeliose
545 1719 691 1760 patravit.
738 1720 842 1751 Caesar

927 1719 981 1749 85.
1004 1717 1134 1759 Rhoda]

86 1767 203 1799 tamen,
221 1773 259 1793 ex
274 1762 429 1804 Hispania
443 1763 541 1793 victor
557 1763 694 1799 rediens,
712 1763 844 1794 Antonii

1180 1717 1296 1750 Rheda
1310 1717 1443 1751 vehiculi
1459 1728 1568 1761 genus,
1582 1728 1646 1761 quo

887 1760 973 1792 Galli
989 1763 1164 1792 utebantur.

86 1811 186 1837 errata
221 1806 376 1847 neglexit:
415 1816 590 1847 gnarusque
629 1805 715 1836 illum
747 1807 845 1836 virum

86 1850 197 1879 fortem
235 1859 315 1885 esse,
357 1853 390 1878 et
423 1859 516 1879 manu
552 1854 740 1890 promptum,
778 1848 845 1890 ejus

88 1891 186 1933 opera
197 1891 312 1922 deinde
328 1892 360 1922 in
376 1891 459 1922 bello
475 1902 548 1923 usus
564 1897 621 1922 est.

132 1935 186 1964 77.
212 1934 272 1969 Qui
284 1933 434 1976 nonfui.]
481 1934 557 1965 Post
573 1935 703 1965 Caesaris
725 1934 846 1976 profec-

91 1976 208 2008 tionem
231 1976 262 2006 in
278 1977 478 2018 Hispaniam,
504 1977 617 2007 Cicero
639 1978 744 2017 aliquo
768 1983 846 2008 tern-

91 2030 168 2061 pore
182 2019 213 2050 in
225 2018 319 2050 Italia
333 2018 478 2054 substitit,
493 2020 548 2049 sed
563 2030 625 2049 non
641 2020 707 2050 diu.
753 2052 758 2056 ,

136 2065 190 2094 81.
218 2061 348 2103 Emeda]
409 2061 565 2092 Essedum
590 2062 725 2092 vehiculi
751 2073 848 2104 genus

94 2109 153 2142 est,
168 2106 253 2147 quod
266 2107 350 2147 apud
367 2104 482 2146 Belgas
498 2104 607 2136 Gallos
623 2104 719 2147 primo
737 2106 847 2136 inven-

95 2154 162 2180 tum
179 2153 238 2180 est.

139 2191 190 2223 lb.
212 2191 339 2222 Licwm
359 2189 513 2231 lam-eati]
558 2189 662 2220 Caesar
682 2191 772 2222 dedit
796 2191 851 2222 lic·

95 2240 178 2266 tores
203 2234 359 2265 laureatos
384 2235 447 2265 suis
462 2233 572 2273 legatis
593 2233 625 2263 in
648 2232 751 2269 Italia,
774 2245 851 2275 quos

98 2278 214 2309 habere
229 2277 383 2308 Antonius
399 2287 462 2307 non
477 2281 609 2316 poterat,
627 2277 701 2316 quia
717 2278 856 2307 tribunus

97 2321 201 2362 plebis
215 2319 335 2351 tantum
351 2326 428 2358 erat,
442 2319 563 2350 tribuno
587 2324 690 2350 autem
704 2331 767 2350 non
782 2330 857 2350 con-

99 2364 303 2396 cedebantur.

144 2409 198 2438 82.
221 2405 316 2437 Mima
334 2405 536 2446 portabatur]
583 2404 741 2446 Cytheris,
760 2414 858 2435 mere-

101 2449 160 2482 trix
176 2448 318 2487 Antonii,
343 2449 454 2480 mulier
475 2448 664 2484 iiistrionica,
682 2458 776 2489 quam
792 2447 858 2478 Vo-

101 2493 250 2523 lumniam
277 2491 464 2533 appellavit,
495 2491 569 2532 quia
594 2491 755 2522 Volumuii
783 2491 858 2522 civis

105 2534 242 2566 Romani
255 2534 363 2566 liberta
377 2534 489 2567 fuerat.

149 2580 203 2610 83.
229 2577 448 2619 Μηηίοἱραὶεε.]
495 2575 706 2617 Municipales
731 2575 783 2607 hic
809 2586 861 2607 ac-

106 2621 264 2663 cipiuntur
277 2627 335 2662 pro
351 2620 520 2656 rusticanis,
536 2620 589 2661 qui
605 2630 673 2650 rure
688 2619 841 2650 habitant.

151 2665 206 2695 84.
238 2662 400 2695 Necessaria
431 2663 632 2704 prodeuntes]
702 2662 864 2693 Prodeunt

108 2705 202 2749 vulgo
216 2706 340 2738 honoris
355 2707 451 2738 caus&
469 2706 610 2738 hominos
634 2704 728 2737 libere
751 2710 784 2735 et
809 2716 863 2735 vo-

108 2750 230 2787 lentes3
253 2753 286 2780 at
298 2748 330 2781 hi
345 2749 517 2784 necessarie
533 2755 566 2781 et
578 2749 681 2788 inviti,
702 2747 803 2782 coacti
825 2747 864 2780 ab

113 2792 267 2828 Antonio·

931 1804 980 1834 Ib.
1005 1804 1079 1834 Cum
1095 1804 1270 1845 lenonibus]
1309 1804 1453 1836 Lenones
1468 1804 1646 1837 venditores

889 1853 973 1886 sunt,
989 1852 1021 1878 et
1033 1848 1120 1888 quasi
1136 1847 1292 1888 mancipes
1308 1848 1514 1881 meretricum.

933 1891 984 1920 36.
1009 1889 1258 1931 Rejectamater]
1293 1890 1535 1931 RejectaJulia‚
1548 1896 1648 1922 mater

889 1931 1032 1969 Antonii,
1069 1933 1259 1964 nobilissima
1297 1933 1426 1970 femina,
1459 1935 1649 1975 sequebatur

890 1974 1096 2016 Cytheridem
1110 1976 1195 2006 illam
1210 1975 1346 2010 mimam,
1363 1976 1452 2016 quasi
1468 1986 1590 2012 nurum,

935 2020 987 2048 87.
1022 2017 1268 2058 Fecunditatem.]
1328 2019 1448 2050 Misera
1481 2019 1542 2050 fuit
1578 2018 1648 2052 hm

891 2059 987 2096 Julia,
1012 2059 1093 2101 quod
1113 2061 1234 2101 peperit
1257 2061 1353 2091 lilium
1376 2061 1562 2101 Antonium,
1584 2066 1648 2093 tam

891 2113 1027 2143 nequam
1044 2109 1077 2134 et
1092 2103 1284 2144 impudicum
1298 2104 1465 2136 hominem.

936 2149 988 2177 88.
1013 2146 1119 2177 Omnia
1140 2146 1332 2187 municipia]
1380 2147 1591 2190 Municipium
1613 2148 1649 2180 id

894 2189 1052 2220 hominum
1069 2200 1165 2230 genus
1181 2195 1239 2226 est,
1266 2190 1330 2230 qui,
1355 2189 1426 2221 esim
1442 2190 1581 2223 Romam
1595 2201 1651 2223 ve·

894 2232 1024 2268 nissent‚
1039 2243 1142 2273 neque
1158 2231 1293 2262 Romani
1310 2232 1394 2264 cives
1418 2239 1533 2270 esseut,
1557 2234 1652 2274 parti·

899 2275 986 2316 cipes
1003 2281 1106 2306 tamen
1122 2275 1245 2306 fuerunt
1259 2276 1396 2306 omnium
1412 2286 1513 2307 rerum
1527 2278 1567 2308 ad
1585 2288 1652 2308 mu-

901 2329 957 2349 nus
981 2319 1170 2360 fungendum
1196 2318 1256 2348 una
1271 2330 1341 2349 cum
1358 2318 1508 2350 Romanis
1521 2320 1654 2356 civibus,

885 2367 1032 2402 excepto
1066 2361 1196 2392 ferendo
1229 2361 1386 2403 suffragiO,
1417 2367 1472 2394 aut
1497 2363 1654 2405 capiendo

900 2405 1091 2444 magistratu.

944 2449 995 2479 89.
1020 2446 1238 2489 Praesecturas.]
1287 2447 1482 2479 Praefecturae
1505 2449 1656 2481 diceban-

902 2495 961 2527 tur,
983 2490 1015 2520 in
1039 2492 1150 2532 quibus
1172 2490 1224 2532 jus
1249 2490 1420 2528 dicebatur,
1451 2497 1484 2522 et
1509 2493 1656 2523 nundinae

903 2534 1093 2573 agebantur:
1119 2539 1151 2564 et
1171 2539 1258 2564 erant
1272 2534 1416 2575 quaedam
1435 2544 1540 2566 earum
1558 2534 1658 2575 Resp.

904 2586 1006 2617 neque
1034 2581 1138 2607 tamen
1162 2586 1232 2608 suos
1261 2577 1454 2617 magistratus
1479 2577 1658 2615 habebaut;

905 2620 961 2649 sed
988 2618 1020 2649 in
1045 2629 1098 2651 eas
1124 2619 1260 2660 praesecti
1289 2619 1425 2650 Romani
1459 2619 1660 2651 mittebantur

907 2662 1084 2703 quotannis,
1100 2662 1214 2703 quijus
1231 2662 1380 2693 dicerent.

950 2707 1005 2737 92.
1039 2704 1336 2744 Dissimittisnornm.]
1406 2702 1561 2748 Intelligit
1580 2705 1661 2738 viros

907 2748 1033 2791 probos,
1047 2748 1147 2792 qualis
1162 2759 1224 2780 non
1238 2747 1299 2780 fuit
1311 2747 1477 2782 Antonius.
