1858 3095
32 905 51 927 ,l
84 869 161 910 tris
181 870 317 912 salute
337 857 449 912 obs&

36 941 41 947 ¹
87 925 320 984 exuisssesy
337 934 498 984 quanto
526 927 611 969 lioc
633 927 795 977 durius,
828 927 945 989 quod
967 941 1045 968 nos
1066 927 1183 969 domi
1206 928 1406 984 petimus,
1439 929 1484 971 id
1506 929 1531 970 a
1552 937 1593 972 te
1615 931 1662 972 in
1679 931 1722 973 5*
1756 940 1760 942 “

724 170 813 204 vno
847 170 1054 206 tto-mio.
1661 170 1747 220 375

87 240 139 287 οὗ
159 245 374 309 ''spectat,
405 250 454 287 ut
484 244 536 288 ea
568 245 712 302 poena,
744 246 787 289 in
817 245 906 303 qua
938 246 1080 289 adhuc
1102 246 1156 295 Q.
1180 244 1374 304 Ligarius
1396 247 1466 298 sit,
1498 262 1584 292 uon
1606 252 1669 294 vi-

86 301 275 344 deammi
297 316 392 345 esse
416 302 624 344 contenti.
685 303 792 352 Quae
821 311 887 345 est
914 303 1042 360 igitur
1076 304 1175 357 alia,
1208 311 1360 361 praeter
1389 306 1598 348 mortem?
1628 309 1665 350 si

87 359 200 401 enim
220 359 265 401 in
277 359 426 401 exsilio
442 366 522 411 est,
537 358 664 401 sicuti
679 367 760 412 est,
781 360 885 417 quid
899 361 1080 417 amplius
1095 362 1348 418 postulatis?
1378 376 1446 413 an,
1470 377 1522 404 ne
1541 362 1666 420 igno-

87 430 161 457 sca
185 417 256 458 ur?
289 416 373 458 hoc
405 415 503 458 vero
531 418 667 458 multo
704 417 914 466 acerbius,
948 419 1169 475 multoque
1194 425 1261 460 est
1288 418 1472 475 gravius.
1533 420 1665 470 Quod

86 487 142 514 no
183 471 500 530 domppetimus
520 474 718 530 precibus
733 481 776 515 et
790 474 1004 530 lacrymis,
1019 475 1219 531 prostrati
1236 475 1290 516 ad
1307 476 1455 531 pedes,
1472 491 1558 518 non
1573 484 1663 520 tam
1683 478 1739 539 ZO

85 536 242 571 nostrae
260 544 402 572 causae
423 530 620 580 fidentes,
642 530 770 587 quam
790 531 918 588 hujus
941 531 1209 582 humanitati,
1232 538 1276 572 at
1296 546 1348 572 ne
1370 531 1693 588 impetremqu
1712 534 1745 571 :¹¹

88 585 350 642 ³pugnabis?
382 594 425 629 et
459 587 502 628 in
524 596 717 630 nostrum
738 588 884 629 fletum
907 588 1140 645 irrumpes?
1173 595 1216 629 et
1236 588 1356 639 ιζ1103,
1384 589 1583 644 jacentes
1606 593 1660 634 ad

92 643 242 698 pedes,
273 644 518 714 supplicum
542 659 644 686 voce
667 644 946 701 prohibebis?

145 699 224 741 IV.
246 699 310 751 Si,
331 715 429 742 cum
450 701 534 743 hoc
555 701 669 742 domi
691 701 757 742 fac
808 715 943 751 emuS,
964 700 1081 756 quod
1099 706 1143 741 et
1164 700 1359 750 fecimus,
1377 709 1434 754 et,
1457 709 1505 744 ut
1521 717 1660 760 spero,

84 769 173 797 non
195 756 351 799 frustra
372 757 566 807 fecimus,
589 765 633 798 tu
656 715 892 813 dgfeffsst&
906 756 1146 812 irrupisses,
1170 765 1213 799 et
1233 758 1416 800 clamare
1435 760 1659 816 coepisses,

85 811 137 853 C.
159 812 317 864 Caesar,
337 816 459 883 [caste
478 814 485 823 “
509 813 671 880 Γεὸάαεῖ]
696 828 799 855 cave
822 806 1043 870 ignoscas!
1077 828 1195 864 cave,
1217 821 1258 856 te
1281 815 1459 857 fratrum
1480 830 1554 872 pro
1575 818 1661 859 fra-

447 829 656 914 ergzi‘utium
687 869 955 912 misereatur!
989 884 1131 911 nonne
1154 884 1324 913 omnem
1346 872 1663 916 humanitatem

86 981 178 1024 foro
207 984 465 1040 oppugnari!
499 991 555 1035 et,
586 984 630 1025 in
653 983 726 1025 tali
749 983 920 1025 misena
951 984 1193 1035 multorum,
1226 985 1467 1042 perfugium
1498 987 1662 1030 miseri-

85 1039 243 1081 cordiae
263 1041 431 1082 tollere!
480 1040 635 1082 Dicam
658 1040 796 1096 plane,
829 1040 879 1082 C.
902 1040 1058 1090 Caesar,
1091 1042 1208 1097 quod
1229 1043 1391 1084 sentio:
1424 1043 1475 1095 si,
1509 1043 1552 1084 in
1574 1044 1660 1086 hae

83 1096 205 1138 tanta
235 1096 310 1139 tua
339 1097 526 1146 fortuna,
558 1098 734 1139 alenitas
762 1105 882 1139 tanta
902 1111 988 1138 non
1010 1106 1138 1146 esset,
1170 1106 1374 1155 quantam
1405 1099 1478 1141 btu
1506 1115 1579 1157 per
1600 1109 1658 1151 te,

84 1167 160 1209 per
180 1162 236 1204 te,
253 1150 444 1211 inquam,
467 1154 652 1206 obtines,
675 1154 890 1211 (intelligo
913 1154 1017 1210 quid
1048 1155 1218 1210 loquar)
1239 1156 1516 1198 acerbissimo
1538 1158 1659 1200 luctu

87 1210 440 1252 redundaretista
455 1211 648 1253 victoria.
681 1210 824 1259 Quam
840 1211 960 1252 multi
979 1211 1092 1252 enim
1106 1219 1250 1252 essent
1263 1213 1315 1253 de
1327 1213 1659 1271 victoribus,qui
1682 1217 1736 1259 10

84 1274 128 1308 te
151 1267 366 1309 crudelem
388 1283 482 1309 esse
499 1269 671 1319 vellent,
695 1269 793 1309 cum
815 1267 943 1308 etiam
976 1267 1029 1308 de
1055 1267 1181 1309 victis
1212 1269 1492 1325 reperiantur!
1525 1270 1663 1327 quam

86 1324 226 1375 multi,
257 1324 346 1380 qui,
378 1324 476 1366 cum
499 1323 524 1365 ’Σι
543 1332 585 1366 te
606 1324 765 1366 nemini
782 1324 947 1380 ignosci
970 1325 1141 1374 vellent,
1164 1324 1419 1381 impedirent
1441 1328 1658 1369 elementi-

87 1394 155 1421 am
173 1388 304 1430 tuam,
323 1380 422 1422 cum
442 1381 571 1422 etiam
589 1381 631 1431 ii,
655 1382 811 1437 quibus
829 1382 919 1438 ipse
936 1381 1153 1437 ignovisti,
1175 1382 1313 1423 nolint
1330 1390 1371 1424 te
1386 1383 1430 1424 in
1443 1384 1548 1426 alios
1563 1400 1659 1426 esse

84 1437 429 1479 misericordem!
479 1437 607 1487 Quod
628 1438 664 1479 si
686 1438 866 1494 probare
890 1437 1050 1480 Caesari
1070 1452 1311 1494 possemus,
1345 1440 1389 1480 in
1417 1441 1565 1482 Africa
1592 1442 1661 1482 Li-

85 1493 252 1550 garium
273 1494 448 1536 omnino
466 1509 549 1536 non
567 1495 721 1546 fuisse3
753 1495 790 1536 si
810 1495 992 1536 honesto
1014 1501 1057 1536 et
1069 1494 1334 1537 misericordi
1353 1497 1578 1540 mendacio
1594 1513 1660 1540 sa-
1683 1503 1735 1546 15

84 1550 163 1592 luti
179 1551 283 1592 civis
299 1551 538 1592 calamitosi
552 1553 824 1593 cconsultum
841 1567 934 1593 esse
949 1552 1177 1602 vellemus;
1199 1559 1342 1594 tamen
1362 1553 1549 1595 hominis
1571 1570 1659 1597 non

84 1616 214 1657 esset,
244 1608 289 1648 in
310 1614 431 1650 tanto
453 1608 699 1650 discrimine
721 1616 764 1649 et
784 1609 975 1664 periculo
997 1608 1118 1659 civis,
1151 1609 1342 1650 refellere
1364 1617 1406 1651 et
1427 1625 1658 1667 coarguere

84 1671 281 1706 nostrum
300 1665 594 1706 mendacium:
614 1673 670 1716 et,
693 1666 728 1706 si
746 1672 861 1706 esset
877 1664 1074 1720 alicujus,
1097 1665 1188 1720 ejus
1203 1666 1318 1706 certe
1333 1681 1419 1708 non
1437 1676 1566 1718 esset,
1584 1670 1660 1725 qui

85 1721 131 1762 in
153 1720 306 1763 eadem
327 1721 460 1763 causa
481 1729 525 1763 et
545 1722 718 1763 fortuna
738 1721 905 1763 fuisset.
967 1722 1054 1763 Sed
1077 1729 1221 1762 tamen
1253 1723 1370 1764 aliud
1401 1731 1467 1764 est
1496 1724 1662 1768 derrare

86 1777 300 1820 Caesarem
321 1779 448 1828 nolle,
471 1779 586 1819 aliud
607 1779 723 1820 nolle
747 1778 949 1820 misereri.
1010 1778 1119 1819 Tum
1141 1778 1320 1830 diceres,
1344 1779 1475 1832 Cave,
1499 1781 1658 1834 Caesar,
1677 1788 1735 1829 20

86 1835 255 1876 credas!
287 1835 370 1877 fuit
389 1835 434 1876 in
451 1835 600 1877 Africa
623 1835 841 1892 Ligarius3
873 1834 974 1876 tulit
992 1849 1109 1876 arma
1130 1843 1280 1877 contra
1299 1844 1355 1878 te.
1406 1836 1534 1879 Nunc
1554 1839 1660 1895 quid

86 1891 222 1933 dicis?
268 1891 384 1934 Cave
400 1892 621 1948 ignoscas!
674 1892 781 1934 Haec
801 1907 882 1934 nec
902 1891 1103 1943 hominis,
1133 1907 1216 1934 nec
1237 1893 1291 1934 ad
1312 1893 1544 1946 hominem,
1574 1910 1660 1938 vox

86 1955 177 1999 est3
224 1950 309 2004 qua
339 1949 413 2004 qui
444 1949 559 2005 apud
589 1955 646 2001 te,
689 1949 742 1991 C.
777 1949 936 2001 Caesar,
973 1955 1129 2001 utetur,
1162 1964 1282 1990 suam
1323 1950 1451 1992 citius
1483 1951 1691 2007 abjiciet=
1731 1990 1740 2011 ,

86 2004 415 2056 humanitatem,
455 2005 587 2061 quam
620 2006 894 2062 extorquebit
928 2013 1059 2047 tuam.
1136 2006 1203 2047 Ac
1234 2006 1395 2062 primus
1431 2007 1574 2049 aditus
1616 2017 1662 2050 et
1690 1990 1732 2052 'si

129 2129 308 2180 Ptendit.
371 2128 600 2184 ³impedies.
661 2129 777 2170 ι(που,
791 2132 1012 2183 permittes
1028 2131 1285 2182 supplicare.
1347 2132 1608 2172 εἰε’[εῃῑεηίὶα.

149 2191 155 2196 ”
543 2186 730 2228 ιἠαίιινα
753 2192 842 2228 tua.
922 2188 1177 2242 “hc-onsulere.
1257 2186 1429 2240 ‘¹decipi.

130 2344 186 2376 ¹70.
212 2342 300 2374 Domi
311 2344 462 2384 petimus]
483 2342 485 2344 ’
524 2343 650 2384 Nempe
668 2342 798 2384 primum
823 2343 855 2373 in
941 2345 972 2374 3.
999 2341 1033 2372 C.
1048 2342 1170 2384 Caesma]
1217 2343 1456 2386 Prosopopoeia.

89 2386 183 2417 domo
199 2386 342 2423 Caesaris,
356 2387 471 2418 deinde·
482 2386 550 2428 jam
565 2386 597 2416 in
609 2388 688 2426 soro,
713 2387 765 2417 ubi
788 2388 854 2417 liaec
943 2389 973 2417 6.
1008 2385 1045 2416 In
1061 2387 1115 2416 tali
1128 2388 1239 2416 miseria
1256 2388 1443 2429 multarum]
1502 2388 1566 2420 Eos
1587 2388 1669 2423 indi-

89 2439 184 2460 causa
199 2430 310 2469 agitur.
899 2433 950 2460 cat
965 2429 1018 2470 qui
1037 2429 1223 2469 Pompeium
1247 2430 1345 2460 secuti
1359 2436 1443 2467 sunt,
1459 2442 1591 2473 quorum
1607 2445 1667 2465 nna

134 2476 164 2504 1.
186 2471 228 2508 Si,
251 2473 318 2503 crim
333 2473 384 2503 hae
402 2471 502 2511 domi]
551 2471 581 2502 A
598 2472 706 2503 minori
723 2472 855 2514 amplifi·
900 2482 971 2514 spes
988 2478 1035 2502 est
1048 2472 1167 2502 reditus
1182 2473 1214 2502 in
1229 2472 1362 2503 Caesaris
1375 2474 1555 2507 clementia.

90 2522 141 2546 cat
175 2516 432 2547 inhumanitatem
469 2515 652 2551 Tuberonis,
689 2521 783 2556 atque
811 2515 855 2546 iia
943 2517 995 2545 11.
1021 2514 1068 2544 De
1081 2515 1189 2556 victis]
1246 2515 1334 2546 Inter
1345 2517 1444 2548 victos
1459 2517 1546 2548 fuere
1562 2519 1668 2549 Tube-

90 2557 266 2589 concludit:
291 2559 325 2590 Si
347 2569 404 2590 nos
429 2558 584 2600 applicare
609 2558 693 2588 domi
723 2558 855 2589 Caesaris
899 2568 1009 2589 rones:
1034 2568 1105 2588 nam
1116 2564 1202 2588 erant
1219 2559 1250 2588 in
1267 2559 1373 2590 castris
1390 2559 1551 2602 Pompeii:
1577 2567 1608 2592 et
1621 2569 1669 2592 est

90 2601 269 2642 impedires,
283 2602 366 2633 certe
382 2613 466 2633 esses
482 2601 636 2633 dicendus
651 2601 854 2632 inhumanus:
901 2605 1116 2641 argumentum
1129 2600 1146 2630 a
1159 2602 1278 2632 minore
1297 2603 1336 2632 ad
1353 2602 1464 2643 majus.

92 2647 126 2672 at
154 2644 186 2673 in
222 2643 289 2675 foro
323 2645 536 2686 supplicantes
571 2654 747 2686 oppugnas,
784 2644 856 2685 crgo
944 2646 996 2675 ⁶24.
1019 2644 1062 2674 Ac
1082 2645 1194 2683 primus
1220 2645 1344 2685 adiens]
1405 2645 1575 2686 Postquam
1601 2657 1671 2678 cru-

94 2685 192 2716 mulio
209 2696 243 2716 es
255 2686 462 2719 inhumanior.
905 2686 1067 2716 delitatem
1080 2686 1253 2718 Tuberonis
1268 2687 1425 2718 insecutus
1441 2694 1500 2728 est,
1524 2691 1673 2731 proponit

137 2728 190 2759 Ib.
221 2728 306 2762 Quod
325 2736 352 2761 et
370 2730 526 2772 fecimus]
587 2730 751 2761 Venerunt
780 2729 862 2760 enim
907 2730 1036 2765 crimen,
1062 2731 1147 2770 quod
1173 2731 1212 2761 ab
1234 2729 1287 2759 illo
1315 2730 1468 2770 objectum
1496 2736 1544 2761 est
1569 2733 1673 2764 statim

93 2771 133 2801 ad
150 2771 320 2812 Caesarem‚
343 2779 379 2804 ut
399 2784 471 2806 eum
486 2773 572 2806 domi
596 2783 651 2816 pro
667 2772 791 2817 Ligario
808 2773 863 2803 de·
909 2773 948 2804 ab
979 2772 1123 2805 orationis
1152 2772 1318 2816 principio,
1345 2783 1438 2816 quam
1462 2774 1571 2806 habuit
1598 2786 1674 2811 con-

91 2820 310 2856 precarentur.
