<?xml version="1.0" encoding="UTF-8"?>
<!DOCTYPE html PUBLIC "-//W3C//DTD XHTML 1.0 Transitional//EN"
    "http://www.w3.org/TR/xhtml1/DTD/xhtml1-transitional.dtd">
<html xmlns="http://www.w3.org/1999/xhtml" xml:lang="en" lang="en">
 <head>
  <title>
</title>
<meta http-equiv="Content-Type" content="text/html;charset=utf-8" />
  <meta name='ocr-system' content='tesseract 3.04.00' />
  <meta name='ocr-capabilities' content='ocr_page ocr_carea ocr_par ocr_line ocrx_word'/>
</head>
<body>
  <div class='ocr_page' id='page_1' title='image "./selectaeoratione00ciceuoft_0112.png"; bbox 0 0 1790 3090; ppageno 0'>
   <div class='ocr_carea' id='block_1_1' title="bbox 69 200 1093 249">
    <p class='ocr_par' dir='ltr' id='par_1_1' title="bbox 69 200 1093 249">
     <span class='ocr_line' id='line_1_1' title="bbox 69 200 1093 249; baseline -0.003 -14"><span class='ocrx_word' id='word_1_1' title='bbox 69 207 126 249; x_wconf 82' lang='lat'>72</span> <span class='ocrx_word' id='word_1_2' title='bbox 142 212 144 217; x_wconf 95' lang='lat'><em>·</em></span> <span class='ocrx_word' id='word_1_3' title='bbox 763 202 854 233; x_wconf 81' lang='lat' dir='ltr'>PRO</span> <span class='ocrx_word' id='word_1_4' title='bbox 884 200 1093 233; x_wconf 74' lang='lat' dir='ltr'>RABnuo.</span> 
     </span>
    </p>
   </div>
   <div class='ocr_carea' id='block_1_2' title="bbox 76 275 1733 953">
    <p class='ocr_par' dir='ltr' id='par_1_2' title="bbox 76 275 1733 953">
     <span class='ocr_line' id='line_1_2' title="bbox 149 275 1719 332; baseline -0.003 -10"><span class='ocrx_word' id='word_1_5' title='bbox 149 293 270 323; x_wconf 84' lang='lat' dir='ltr'>orum</span> <span class='ocrx_word' id='word_1_6' title='bbox 295 278 486 322; x_wconf 77' lang='lat' dir='ltr'>omnium</span> <span class='ocrx_word' id='word_1_7' title='bbox 509 282 654 328; x_wconf 86' lang='lat' dir='ltr'>metu,</span> <span class='ocrx_word' id='word_1_8' title='bbox 675 276 947 319; x_wconf 82' lang='lat' dir='ltr'>dominorum</span> <span class='ocrx_word' id='word_1_9' title='bbox 973 276 1221 332; x_wconf 82' lang='lat' dir='ltr'>benignitas</span> <span class='ocrx_word' id='word_1_10' title='bbox 1241 276 1329 317; x_wconf 65' lang='lat' dir='ltr'>una</span> <span class='ocrx_word' id='word_1_11' title='bbox 1348 275 1546 316; x_wconf 64' lang='lat' dir='ltr'>vindicta</span> <span class='ocrx_word' id='word_1_12' title='bbox 1564 275 1719 318; x_wconf 85' lang='lat' dir='ltr'>libera-</span> 
     </span>
     <span class='ocr_line' id='line_1_3' title="bbox 76 333 1722 389; baseline -0.001 -15"><span class='ocrx_word' id='word_1_13' title='bbox 76 334 133 374; x_wconf 85' lang='lat'>35</span> <span class='ocrx_word' id='word_1_14' title='bbox 152 336 245 389; x_wconf 78' lang='lat' dir='ltr'>bit3</span> <span class='ocrx_word' id='word_1_15' title='bbox 276 349 355 377; x_wconf 93' lang='lat' dir='ltr'>nos</span> <span class='ocrx_word' id='word_1_16' title='bbox 388 335 414 375; x_wconf 73' lang='grc' dir='ltr'>ὲ</span> <span class='ocrx_word' id='word_1_17' title='bbox 433 333 696 386; x_wconf 81' lang='lat' dir='ltr'>verberibuS,</span> <span class='ocrx_word' id='word_1_18' title='bbox 727 334 780 375; x_wconf 86' lang='lat' dir='ltr'>ab</span> <span class='ocrx_word' id='word_1_19' title='bbox 801 348 929 385; x_wconf 87' lang='lat' dir='ltr'>unco,</span> <span class='ocrx_word' id='word_1_20' title='bbox 957 333 982 375; x_wconf 63' lang='grc' dir='ltr'>’ξι</span> <span class='ocrx_word' id='word_1_21' title='bbox 1006 333 1145 375; x_wconf 90' lang='lat' dir='ltr'>crucis</span> <span class='ocrx_word' id='word_1_22' title='bbox 1174 333 1361 389; x_wconf 88' lang='lat' dir='ltr'>denique</span> <span class='ocrx_word' id='word_1_23' title='bbox 1382 339 1560 384; x_wconf 84' lang='lat' dir='ltr'>terrore,</span> <span class='ocrx_word' id='word_1_24' title='bbox 1580 347 1722 388; x_wconf 85' lang='lat' dir='ltr'>neque</span> 
     </span>
     <span class='ocr_line' id='line_1_4' title="bbox 152 388 1723 450; baseline -0.004 -14"><span class='ocrx_word' id='word_1_25' title='bbox 152 408 220 436; x_wconf 87' lang='lat' dir='ltr'>res</span> <span class='ocrx_word' id='word_1_26' title='bbox 243 399 392 450; x_wconf 81' lang='lat' dir='ltr'>gestae,</span> <span class='ocrx_word' id='word_1_27' title='bbox 413 405 552 446; x_wconf 90' lang='lat' dir='ltr'>neque</span> <span class='ocrx_word' id='word_1_28' title='bbox 584 396 682 432; x_wconf 88' lang='lat' dir='ltr'>acta</span> <span class='ocrx_word' id='word_1_29' title='bbox 703 398 822 442; x_wconf 86' lang='lat' dir='ltr'>aetas,</span> <span class='ocrx_word' id='word_1_30' title='bbox 843 405 983 446; x_wconf 86' lang='lat' dir='ltr'>neque</span> <span class='ocrx_word' id='word_1_31' title='bbox 1012 391 1147 432; x_wconf 80' lang='lat' dir='ltr'>nostri</span> <span class='ocrx_word' id='word_1_32' title='bbox 1173 390 1382 432; x_wconf 71' lang='lat' dir='ltr'>shonores</span> <span class='ocrx_word' id='word_1_33' title='bbox 1412 388 1723 431; x_wconf 74' lang='lat' dir='ltr'>vindicabunt?</span> 
     </span>
     <span class='ocr_line' id='line_1_5' title="bbox 155 447 1724 502; baseline -0.004 -10"><span class='ocrx_word' id='word_1_34' title='bbox 155 450 446 499; x_wconf 85' lang='lat' dir='ltr'>Quamobrem</span> <span class='ocrx_word' id='word_1_35' title='bbox 476 449 626 498; x_wconf 86' lang='lat' dir='ltr'>fateor,</span> <span class='ocrx_word' id='word_1_36' title='bbox 655 453 785 502; x_wconf 87' lang='lat' dir='ltr'>atque</span> <span class='ocrx_word' id='word_1_37' title='bbox 821 448 965 498; x_wconf 81' lang='lat' dir='ltr'>etiam,</span> <span class='ocrx_word' id='word_1_38' title='bbox 987 448 1036 488; x_wconf 90' lang='lat' dir='ltr'>T.</span> <span class='ocrx_word' id='word_1_39' title='bbox 1064 447 1263 495; x_wconf 81' lang='lat' dir='ltr'>Labiene,</span> <span class='ocrx_word' id='word_1_40' title='bbox 1291 447 1495 502; x_wconf 85' lang='lat' dir='ltr'>profiteor</span> <span class='ocrx_word' id='word_1_41' title='bbox 1530 454 1574 487; x_wconf 91' lang='lat' dir='ltr'>et</span> <span class='ocrx_word' id='word_1_42' title='bbox 1606 453 1724 502; x_wconf 73' lang='lat' dir='ltr'>gprae</span> 
     </span>
     <span class='ocr_line' id='line_1_6' title="bbox 155 502 1726 558; baseline -0.003 -10"><span class='ocrx_word' id='word_1_43' title='bbox 155 522 224 548; x_wconf 89' lang='lat' dir='ltr'>me</span> <span class='ocrx_word' id='word_1_44' title='bbox 241 507 346 555; x_wconf 86' lang='lat' dir='ltr'>fero,</span> <span class='ocrx_word' id='word_1_45' title='bbox 368 512 412 546; x_wconf 89' lang='lat' dir='ltr'>te</span> <span class='ocrx_word' id='word_1_46' title='bbox 433 519 484 547; x_wconf 84' lang='lat' dir='ltr'>ex</span> <span class='ocrx_word' id='word_1_47' title='bbox 506 503 578 545; x_wconf 67' lang='lat' dir='ltr'>illa</span> <span class='ocrx_word' id='word_1_48' title='bbox 598 503 776 553; x_wconf 82' lang='lat' dir='ltr'>crudeli,</span> <span class='ocrx_word' id='word_1_49' title='bbox 794 503 1053 558; x_wconf 63' lang='lat' dir='ltr'>importuna,</span> <span class='ocrx_word' id='word_1_50' title='bbox 1074 518 1162 544; x_wconf 88' lang='lat' dir='ltr'>non</span> <span class='ocrx_word' id='word_1_51' title='bbox 1183 503 1425 544; x_wconf 70' lang='lat' dir='ltr'>tribunacia</span> <span class='ocrx_word' id='word_1_52' title='bbox 1443 503 1628 551; x_wconf 88' lang='lat' dir='ltr'>actione,</span> <span class='ocrx_word' id='word_1_53' title='bbox 1646 502 1726 543; x_wconf 86' lang='lat' dir='ltr'>sed-</span> 
     </span>
     <span class='ocr_line' id='line_1_7' title="bbox 156 558 1725 619; baseline -0.003 -15"><span class='ocrx_word' id='word_1_54' title='bbox 156 562 290 619; x_wconf 64' lang='lat' dir='ltr'>regia,</span> <span class='ocrx_word' id='word_1_55' title='bbox 312 576 407 604; x_wconf 89' lang='lat' dir='ltr'>meo</span> <span class='ocrx_word' id='word_1_56' title='bbox 430 561 627 609; x_wconf 89' lang='lat' dir='ltr'>consilio,</span> <span class='ocrx_word' id='word_1_57' title='bbox 651 559 852 608; x_wconf 63' lang='lat' dir='ltr'>hvirtute,</span> <span class='ocrx_word' id='word_1_58' title='bbox 875 560 1148 609; x_wconf 80' lang='lat' dir='ltr'>auctoritate,</span> <span class='ocrx_word' id='word_1_59' title='bbox 1170 574 1265 600; x_wconf 89' lang='lat' dir='ltr'>esse</span> <span class='ocrx_word' id='word_1_60' title='bbox 1283 560 1524 614; x_wconf 87' lang='lat' dir='ltr'>depulsum.</span> <span class='ocrx_word' id='word_1_61' title='bbox 1557 558 1658 607; x_wconf 61' lang='lat' dir='ltr'>Qua</span> <span class='ocrx_word' id='word_1_62' title='bbox 1677 565 1725 599; x_wconf 87' lang='lat' dir='ltr'>tu</span> 
     </span>
     <span class='ocr_line' id='line_1_8' title="bbox 83 615 1727 674; baseline -0.002 -15"><span class='ocrx_word' id='word_1_63' title='bbox 83 618 140 659; x_wconf 85' lang='lat'>40</span> <span class='ocrx_word' id='word_1_64' title='bbox 159 619 204 660; x_wconf 90' lang='lat' dir='ltr'>in</span> <span class='ocrx_word' id='word_1_65' title='bbox 233 619 419 669; x_wconf 81' lang='lat' dir='ltr'>actione,</span> <span class='ocrx_word' id='word_1_66' title='bbox 455 631 716 674; x_wconf 86' lang='lat' dir='ltr'>quamquam</span> <span class='ocrx_word' id='word_1_67' title='bbox 749 615 894 657; x_wconf 87' lang='lat' dir='ltr'>omnia</span> <span class='ocrx_word' id='word_1_68' title='bbox 925 617 1121 672; x_wconf 82' lang='lat' dir='ltr'>exempla</span> <span class='ocrx_word' id='word_1_69' title='bbox 1151 617 1375 671; x_wconf 77' lang='lat' dir='ltr'>majorum,</span> <span class='ocrx_word' id='word_1_70' title='bbox 1413 631 1560 657; x_wconf 89' lang='lat' dir='ltr'>omnes</span> <span class='ocrx_word' id='word_1_71' title='bbox 1593 616 1727 671; x_wconf 85' lang='lat' dir='ltr'>leges,</span> 
     </span>
     <span class='ocr_line' id='line_1_9' title="bbox 160 672 1732 728; baseline -0.003 -11"><span class='ocrx_word' id='word_1_72' title='bbox 160 690 330 718; x_wconf 90' lang='lat' dir='ltr'>omnem</span> <span class='ocrx_word' id='word_1_73' title='bbox 347 675 645 716; x_wconf 85' lang='lat' dir='ltr'>auctoritatem</span> <span class='ocrx_word' id='word_1_74' title='bbox 665 672 855 722; x_wconf 67' lang='lat' dir='ltr'>senatus,</span> <span class='ocrx_word' id='word_1_75' title='bbox 878 686 1025 713; x_wconf 90' lang='lat' dir='ltr'>omnes</span> <span class='ocrx_word' id='word_1_76' title='bbox 1043 672 1272 728; x_wconf 82' lang='lat' dir='ltr'>religiones</span> <span class='ocrx_word' id='word_1_77' title='bbox 1294 678 1422 727; x_wconf 81' lang='lat' dir='ltr'>atque</span> <span class='ocrx_word' id='word_1_78' title='bbox 1441 672 1732 728; x_wconf 77' lang='lat' dir='ltr'>auspiciorum</span> 
     </span>
     <span class='ocr_line' id='line_1_10' title="bbox 160 728 1731 789; baseline -0.003 -16"><span class='ocrx_word' id='word_1_79' title='bbox 160 732 336 789; x_wconf 84' lang='lat' dir='ltr'>publica</span> <span class='ocrx_word' id='word_1_80' title='bbox 346 733 457 787; x_wconf 86' lang='lat' dir='ltr'>jura,</span> <span class='ocrx_word' id='word_1_81' title='bbox 477 729 730 787; x_wconf 73' lang='lat' dir='ltr'>neglexisti3</span> <span class='ocrx_word' id='word_1_82' title='bbox 761 736 906 770; x_wconf 85' lang='lat' dir='ltr'>tamen</span> <span class='ocrx_word' id='word_1_83' title='bbox 929 728 953 769; x_wconf 66' lang='grc' dir='ltr'>ἐι</span> <span class='ocrx_word' id='word_1_84' title='bbox 975 744 1043 770; x_wconf 89' lang='lat' dir='ltr'>me</span> <span class='ocrx_word' id='word_1_85' title='bbox 1062 729 1155 770; x_wconf 85' lang='lat' dir='ltr'>haec</span> <span class='ocrx_word' id='word_1_86' title='bbox 1177 729 1221 768; x_wconf 90' lang='lat' dir='ltr'>in</span> <span class='ocrx_word' id='word_1_87' title='bbox 1241 729 1325 769; x_wconf 88' lang='lat' dir='ltr'>hoc</span> <span class='ocrx_word' id='word_1_88' title='bbox 1345 735 1433 769; x_wconf 86' lang='lat' dir='ltr'>tam</span> <span class='ocrx_word' id='word_1_89' title='bbox 1455 730 1611 784; x_wconf 82' lang='lat' dir='ltr'>exiguo</span> <span class='ocrx_word' id='word_1_90' title='bbox 1632 743 1731 769; x_wconf 90' lang='lat' dir='ltr'>meo</span> 
     </span>
     <span class='ocr_line' id='line_1_11' title="bbox 159 784 1730 844; baseline -0.003 -14"><span class='ocrx_word' id='word_1_91' title='bbox 159 797 353 844; x_wconf 85' lang='lat' dir='ltr'>tempore</span> <span class='ocrx_word' id='word_1_92' title='bbox 374 802 461 829; x_wconf 89' lang='lat' dir='ltr'>non</span> <span class='ocrx_word' id='word_1_93' title='bbox 482 787 647 829; x_wconf 87' lang='lat' dir='ltr'>audies.</span> <span class='ocrx_word' id='word_1_94' title='bbox 678 786 879 827; x_wconf 89' lang='lat' dir='ltr'>Liberum</span> <span class='ocrx_word' id='word_1_95' title='bbox 900 792 1069 841; x_wconf 86' lang='lat' dir='ltr'>tempus</span> <span class='ocrx_word' id='word_1_96' title='bbox 1087 786 1212 827; x_wconf 91' lang='lat' dir='ltr'>nobis</span> <span class='ocrx_word' id='word_1_97' title='bbox 1234 784 1407 826; x_wconf 83' lang='lat' dir='ltr'>dabitur</span> <span class='ocrx_word' id='word_1_98' title='bbox 1425 785 1479 825; x_wconf 87' lang='lat' dir='ltr'>ad</span> <span class='ocrx_word' id='word_1_99' title='bbox 1496 785 1625 825; x_wconf 88' lang='lat' dir='ltr'>istam</span> <span class='ocrx_word' id='word_1_100' title='bbox 1641 785 1730 826; x_wconf 85' lang='lat' dir='ltr'>dis-</span> 
     </span>
     <span class='ocr_line' id='line_1_12' title="bbox 166 840 1733 902; baseline -0.004 -15"><span class='ocrx_word' id='word_1_101' title='bbox 166 845 484 902; x_wconf 85' lang='lat' dir='ltr'>ceptationem:</span> <span class='ocrx_word' id='word_1_102' title='bbox 526 859 642 886; x_wconf 88' lang='lat' dir='ltr'>nunc</span> <span class='ocrx_word' id='word_1_103' title='bbox 664 843 718 886; x_wconf 91' lang='lat' dir='ltr'>de</span> <span class='ocrx_word' id='word_1_104' title='bbox 740 842 957 884; x_wconf 83' lang='lat' dir='ltr'>Saturnini</span> <span class='ocrx_word' id='word_1_105' title='bbox 978 843 1169 895; x_wconf 90' lang='lat' dir='ltr'>crimine,</span> <span class='ocrx_word' id='word_1_106' title='bbox 1192 857 1243 884; x_wconf 84' lang='lat' dir='ltr'>ac</span> <span class='ocrx_word' id='word_1_107' title='bbox 1274 842 1327 883; x_wconf 85' lang='lat' dir='ltr'>de</span> <span class='ocrx_word' id='word_1_108' title='bbox 1350 841 1574 883; x_wconf 85' lang='lat' dir='ltr'>clarissimi</span> <span class='ocrx_word' id='word_1_109' title='bbox 1594 840 1733 897; x_wconf 84' lang='lat' dir='ltr'>patrui</span> 
     </span>
     <span class='ocr_line' id='line_1_13' title="bbox 87 901 627 953; baseline 0.002 -12"><span class='ocrx_word' id='word_1_110' title='bbox 87 901 143 942; x_wconf 85' lang='lat'>45</span> <span class='ocrx_word' id='word_1_111' title='bbox 162 902 223 944; x_wconf 87' lang='lat' dir='ltr'>tui</span> <span class='ocrx_word' id='word_1_112' title='bbox 246 908 396 953; x_wconf 89' lang='lat' dir='ltr'>morte,</span> <span class='ocrx_word' id='word_1_113' title='bbox 418 901 627 943; x_wconf 84' lang='lat' dir='ltr'>dicemus.</span> 
     </span>
    </p>
   </div>
   <div class='ocr_carea' id='block_1_3' title="bbox 277 1014 1619 1069">
    <p class='ocr_par' dir='ltr' id='par_1_3' title="bbox 277 1014 1619 1069">
     <span class='ocr_line' id='line_1_14' title="bbox 277 1014 1619 1069; baseline -0.001 -13"><span class='ocrx_word' id='word_1_114' title='bbox 277 1015 291 1039; x_wconf 74' lang='lat' dir='ltr'>f</span> <span class='ocrx_word' id='word_1_115' title='bbox 299 1018 598 1068; x_wconf 60' lang='lat' dir='ltr'>magistratus.</span> <span class='ocrx_word' id='word_1_116' title='bbox 778 1020 793 1045; x_wconf 71' lang='grc' dir='ltr'>ἕ</span> <span class='ocrx_word' id='word_1_117' title='bbox 806 1029 893 1055; x_wconf 71' lang='lat' dir='ltr'>mm.</span> <span class='ocrx_word' id='word_1_118' title='bbox 910 1016 938 1055; x_wconf 83' lang='grc' dir='ltr'>α’</span> <span class='ocrx_word' id='word_1_119' title='bbox 940 1017 953 1055; x_wconf 75' lang='grc' dir='ltr'><em>ἰ</em></span> <span class='ocrx_word' id='word_1_120' title='bbox 956 1016 1013 1056; x_wconf 72' lang='lat' dir='ltr'>ssi</span> <span class='ocrx_word' id='word_1_121' title='bbox 1018 1030 1053 1055; x_wconf 84' lang='lat' dir='ltr'>m</span> <span class='ocrx_word' id='word_1_122' title='bbox 1061 1018 1143 1055; x_wconf 65' lang='lat' dir='ltr'>ulo.</span> <span class='ocrx_word' id='word_1_123' title='bbox 1317 1014 1619 1069; x_wconf 75' lang='lat' dir='ltr'>¹¹f0rtitudz‘ne.</span> 
     </span>
    </p>
   </div>
   <div class='ocr_carea' id='block_1_4' title="bbox 208 1108 1735 1168">
    <p class='ocr_par' dir='ltr' id='par_1_4' title="bbox 208 1108 1735 1168">
     <span class='ocr_line' id='line_1_15' title="bbox 208 1108 1735 1168; baseline -0.002 -9"><span class='ocrx_word' id='word_1_124' title='bbox 208 1130 264 1162; x_wconf 83' lang='lat'>34.</span> <span class='ocrx_word' id='word_1_125' title='bbox 304 1128 371 1159; x_wconf 67' lang='lat' dir='ltr'>Unci</span> <span class='ocrx_word' id='word_1_126' title='bbox 385 1128 542 1168; x_wconf 67' lang='lat' dir='ltr'>vindictri.]</span> <span class='ocrx_word' id='word_1_127' title='bbox 589 1127 739 1158; x_wconf 87' lang='lat' dir='ltr'>Vindicta</span> <span class='ocrx_word' id='word_1_128' title='bbox 754 1132 820 1157; x_wconf 84' lang='lat' dir='ltr'>crat</span> <span class='ocrx_word' id='word_1_129' title='bbox 834 1126 932 1166; x_wconf 83' lang='lat' dir='ltr'>virga,</span> <span class='ocrx_word' id='word_1_130' title='bbox 1020 1127 1069 1157; x_wconf 88' lang='lat' dir='ltr'>Ib.</span> <span class='ocrx_word' id='word_1_131' title='bbox 1096 1127 1200 1157; x_wconf 79' lang='lat' dir='ltr'>Omnes</span> <span class='ocrx_word' id='word_1_132' title='bbox 1224 1126 1324 1166; x_wconf 64' lang='lat' dir='ltr'>leges]</span> <span class='ocrx_word' id='word_1_133' title='bbox 1371 1126 1523 1166; x_wconf 82' lang='lat' dir='ltr'>Intelligit</span> <span class='ocrx_word' id='word_1_134' title='bbox 1546 1126 1632 1167; x_wconf 84' lang='lat' dir='ltr'>leges</span> <span class='ocrx_word' id='word_1_135' title='bbox 1661 1108 1735 1156; x_wconf 27' lang='lat' dir='ltr'>cena</span> 
     </span>
    </p>
   </div>
   <div class='ocr_carea' id='block_1_5' title="bbox 165 1168 1737 1250">
    <p class='ocr_par' dir='ltr' id='par_1_5' title="bbox 165 1168 1737 1250">
     <span class='ocr_line' id='line_1_16' title="bbox 165 1168 1737 1214; baseline -0.002 -12"><span class='ocrx_word' id='word_1_136' title='bbox 165 1182 259 1214; x_wconf 85' lang='lat' dir='ltr'>quam</span> <span class='ocrx_word' id='word_1_137' title='bbox 291 1176 404 1212; x_wconf 87' lang='lat' dir='ltr'>praetor</span> <span class='ocrx_word' id='word_1_138' title='bbox 424 1171 475 1201; x_wconf 86' lang='lat' dir='ltr'>vel</span> <span class='ocrx_word' id='word_1_139' title='bbox 503 1171 591 1201; x_wconf 84' lang='lat' dir='ltr'>lictor</span> <span class='ocrx_word' id='word_1_140' title='bbox 613 1170 693 1199; x_wconf 75' lang='lat' dir='ltr'>servi</span> <span class='ocrx_word' id='word_1_141' title='bbox 716 1169 811 1209; x_wconf 88' lang='lat' dir='ltr'>capiti</span> <span class='ocrx_word' id='word_1_142' title='bbox 832 1169 932 1209; x_wconf 87' lang='lat' dir='ltr'>impo-</span> <span class='ocrx_word' id='word_1_143' title='bbox 976 1170 1083 1208; x_wconf 80' lang='lat' dir='ltr'>sorias,</span> <span class='ocrx_word' id='word_1_144' title='bbox 1115 1179 1184 1210; x_wconf 85' lang='lat' dir='ltr'>quae</span> <span class='ocrx_word' id='word_1_145' title='bbox 1211 1169 1377 1199; x_wconf 80' lang='lat' dir='ltr'>voluerunt</span> <span class='ocrx_word' id='word_1_146' title='bbox 1406 1178 1510 1199; x_wconf 85' lang='lat' dir='ltr'>carere</span> <span class='ocrx_word' id='word_1_147' title='bbox 1537 1168 1603 1199; x_wconf 84' lang='lat' dir='ltr'>foro</span> <span class='ocrx_word' id='word_1_148' title='bbox 1637 1170 1737 1199; x_wconf 85' lang='lat' dir='ltr'>carni·</span> 
     </span>
     <span class='ocr_line' id='line_1_17' title="bbox 166 1212 1059 1250; baseline -0.003 -5"><span class='ocrx_word' id='word_1_149' title='bbox 166 1225 259 1250; x_wconf 82' lang='lat' dir='ltr'>nenS,</span> <span class='ocrx_word' id='word_1_150' title='bbox 277 1214 421 1245; x_wconf 87' lang='lat' dir='ltr'>eumdem</span> <span class='ocrx_word' id='word_1_151' title='bbox 439 1223 559 1244; x_wconf 85' lang='lat' dir='ltr'>servum</span> <span class='ocrx_word' id='word_1_152' title='bbox 581 1212 612 1241; x_wconf 82' lang='lat' dir='ltr'>in</span> <span class='ocrx_word' id='word_1_153' title='bbox 635 1212 821 1246; x_wconf 84' lang='lat' dir='ltr'>libertatem,</span> <span class='ocrx_word' id='word_1_154' title='bbox 838 1212 933 1241; x_wconf 80' lang='lat' dir='ltr'>verba</span> <span class='ocrx_word' id='word_1_155' title='bbox 975 1212 1059 1242; x_wconf 79' lang='lat' dir='ltr'>sices.</span> 
     </span>
    </p>
   </div>
   <div class='ocr_carea' id='block_1_6' title="bbox 167 1253 1738 1547">
    <p class='ocr_par' dir='ltr' id='par_1_6' title="bbox 167 1253 1737 1340">
     <span class='ocr_line' id='line_1_18' title="bbox 167 1253 1736 1299; baseline -0.003 -11"><span class='ocrx_word' id='word_1_156' title='bbox 167 1258 314 1299; x_wconf 87' lang='lat' dir='ltr'>quaedam</span> <span class='ocrx_word' id='word_1_157' title='bbox 324 1256 476 1287; x_wconf 72' lang='lat' dir='ltr'>sollennia</span> <span class='ocrx_word' id='word_1_158' title='bbox 491 1256 662 1297; x_wconf 82' lang='lat' dir='ltr'>proferens,</span> <span class='ocrx_word' id='word_1_159' title='bbox 678 1254 868 1284; x_wconf 81' lang='lat' dir='ltr'>vindicabat.</span> <span class='ocrx_word' id='word_1_160' title='bbox 1019 1257 1072 1285; x_wconf 81' lang='lat'>41.</span> <span class='ocrx_word' id='word_1_161' title='bbox 1099 1255 1201 1284; x_wconf 82' lang='lat' dir='ltr'>Omnes</span> <span class='ocrx_word' id='word_1_162' title='bbox 1222 1253 1399 1295; x_wconf 54' lang='lat' dir='ltr'>religiones]</span> <span class='ocrx_word' id='word_1_163' title='bbox 1446 1253 1527 1284; x_wconf 88' lang='lat' dir='ltr'>Cum</span> <span class='ocrx_word' id='word_1_164' title='bbox 1555 1253 1587 1283; x_wconf 86' lang='lat' dir='ltr'>in</span> <span class='ocrx_word' id='word_1_165' title='bbox 1618 1253 1736 1294; x_wconf 87' lang='lat' dir='ltr'>Campo</span> 
     </span>
     <span class='ocr_line' id='line_1_19' title="bbox 211 1296 1737 1340; baseline -0.003 -9"><span class='ocrx_word' id='word_1_166' title='bbox 211 1302 264 1331; x_wconf 82' lang='lat'>35.</span> <span class='ocrx_word' id='word_1_167' title='bbox 301 1300 345 1329; x_wconf 84' lang='lat' dir='ltr'>Ab</span> <span class='ocrx_word' id='word_1_168' title='bbox 370 1299 471 1340; x_wconf 62' lang='lat' dir='ltr'>unca]</span> <span class='ocrx_word' id='word_1_169' title='bbox 518 1298 610 1329; x_wconf 89' lang='lat' dir='ltr'>Unco</span> <span class='ocrx_word' id='word_1_170' title='bbox 635 1308 762 1328; x_wconf 85' lang='lat' dir='ltr'>recurvo</span> <span class='ocrx_word' id='word_1_171' title='bbox 787 1308 932 1338; x_wconf 87' lang='lat' dir='ltr'>quorum-</span> <span class='ocrx_word' id='word_1_172' title='bbox 976 1298 1095 1328; x_wconf 78' lang='lat' dir='ltr'>Martio</span> <span class='ocrx_word' id='word_1_173' title='bbox 1111 1308 1234 1328; x_wconf 86' lang='lat' dir='ltr'>crucem</span> <span class='ocrx_word' id='word_1_174' title='bbox 1263 1297 1358 1338; x_wconf 82' lang='lat' dir='ltr'>defigi</span> <span class='ocrx_word' id='word_1_175' title='bbox 1381 1296 1490 1332; x_wconf 83' lang='lat' dir='ltr'>voluit,</span> <span class='ocrx_word' id='word_1_176' title='bbox 1514 1296 1678 1338; x_wconf 82' lang='lat' dir='ltr'>religiones</span> <span class='ocrx_word' id='word_1_177' title='bbox 1704 1301 1737 1327; x_wconf 83' lang='lat' dir='ltr'>et</span> 
     </span>
    </p>

    <p class='ocr_par' dir='ltr' id='par_1_7' title="bbox 170 1339 1738 1382">
     <span class='ocr_line' id='line_1_20' title="bbox 170 1339 1738 1382; baseline -0.003 -8"><span class='ocrx_word' id='word_1_178' title='bbox 170 1344 244 1374; x_wconf 82' lang='lat' dir='ltr'>darn</span> <span class='ocrx_word' id='word_1_179' title='bbox 259 1342 418 1373; x_wconf 81' lang='lat' dir='ltr'>criminum</span> <span class='ocrx_word' id='word_1_180' title='bbox 447 1341 587 1372; x_wconf 86' lang='lat' dir='ltr'>damnati</span> <span class='ocrx_word' id='word_1_181' title='bbox 605 1341 645 1371; x_wconf 85' lang='lat' dir='ltr'>ad</span> <span class='ocrx_word' id='word_1_182' title='bbox 663 1340 850 1382; x_wconf 88' lang='lat' dir='ltr'>supplicium</span> <span class='ocrx_word' id='word_1_183' title='bbox 872 1345 932 1370; x_wconf 85' lang='lat' dir='ltr'>tra·</span> <span class='ocrx_word' id='word_1_184' title='bbox 976 1341 1116 1382; x_wconf 86' lang='lat' dir='ltr'>auspicia</span> <span class='ocrx_word' id='word_1_185' title='bbox 1131 1340 1279 1381; x_wconf 84' lang='lat' dir='ltr'>neglexit,</span> <span class='ocrx_word' id='word_1_186' title='bbox 1304 1340 1378 1381; x_wconf 90' lang='lat' dir='ltr'>quia</span> <span class='ocrx_word' id='word_1_187' title='bbox 1401 1339 1596 1370; x_wconf 84' lang='lat' dir='ltr'>observatum</span> <span class='ocrx_word' id='word_1_188' title='bbox 1611 1345 1677 1370; x_wconf 84' lang='lat' dir='ltr'>erat</span> <span class='ocrx_word' id='word_1_189' title='bbox 1697 1340 1738 1369; x_wconf 88' lang='lat' dir='ltr'>de</span> 
     </span>
    </p>

    <p class='ocr_par' dir='ltr' id='par_1_8' title="bbox 169 1381 1738 1468">
     <span class='ocr_line' id='line_1_21' title="bbox 169 1381 1738 1424; baseline -0.003 -7"><span class='ocrx_word' id='word_1_190' title='bbox 169 1386 335 1418; x_wconf 80' lang='lat' dir='ltr'>hebantur.</span> <span class='ocrx_word' id='word_1_191' title='bbox 976 1384 1066 1421; x_wconf 90' lang='lat' dir='ltr'>coelo,</span> <span class='ocrx_word' id='word_1_192' title='bbox 1090 1388 1122 1414; x_wconf 89' lang='lat' dir='ltr'>et</span> <span class='ocrx_word' id='word_1_193' title='bbox 1145 1384 1286 1414; x_wconf 78' lang='lat' dir='ltr'>Labieno</span> <span class='ocrx_word' id='word_1_194' title='bbox 1312 1382 1542 1418; x_wconf 86' lang='lat' dir='ltr'>obnuntiatum,</span> <span class='ocrx_word' id='word_1_195' title='bbox 1566 1381 1651 1424; x_wconf 75' lang='lat' dir='ltr'>quod</span> <span class='ocrx_word' id='word_1_196' title='bbox 1675 1392 1738 1412; x_wconf 88' lang='lat' dir='ltr'>ma·</span> 
     </span>
     <span class='ocr_line' id='line_1_22' title="bbox 212 1425 1737 1468; baseline -0.003 -9"><span class='ocrx_word' id='word_1_197' title='bbox 212 1432 268 1459; x_wconf 89' lang='lat'>40.</span> <span class='ocrx_word' id='word_1_198' title='bbox 296 1428 440 1467; x_wconf 60' lang='lat' dir='ltr'>Exempla</span> <span class='ocrx_word' id='word_1_199' title='bbox 468 1427 638 1468; x_wconf 73' lang='lat' dir='ltr'>majarum]</span> <span class='ocrx_word' id='word_1_200' title='bbox 683 1426 825 1466; x_wconf 89' lang='lat' dir='ltr'>Majores</span> <span class='ocrx_word' id='word_1_201' title='bbox 852 1436 933 1456; x_wconf 81' lang='lat' dir='ltr'>nun-</span> <span class='ocrx_word' id='word_1_202' title='bbox 977 1427 1007 1458; x_wconf 88' lang='lat' dir='ltr'>la</span> <span class='ocrx_word' id='word_1_203' title='bbox 1039 1432 1127 1458; x_wconf 86' lang='lat' dir='ltr'>erant</span> <span class='ocrx_word' id='word_1_204' title='bbox 1155 1426 1314 1468; x_wconf 83' lang='lat' dir='ltr'>auspicia:</span> <span class='ocrx_word' id='word_1_205' title='bbox 1338 1436 1401 1457; x_wconf 89' lang='lat' dir='ltr'>non</span> <span class='ocrx_word' id='word_1_206' title='bbox 1424 1430 1529 1457; x_wconf 85' lang='lat' dir='ltr'>tamen</span> <span class='ocrx_word' id='word_1_207' title='bbox 1551 1426 1592 1456; x_wconf 89' lang='lat' dir='ltr'>ab</span> <span class='ocrx_word' id='word_1_208' title='bbox 1615 1425 1737 1457; x_wconf 80' lang='lat' dir='ltr'>actione</span> 
     </span>
    </p>

    <p class='ocr_par' dir='ltr' id='par_1_9' title="bbox 171 1469 1108 1512">
     <span class='ocr_line' id='line_1_23' title="bbox 171 1469 1108 1512; baseline -0.001 -10"><span class='ocrx_word' id='word_1_209' title='bbox 171 1482 266 1512; x_wconf 86' lang='lat' dir='ltr'>quarn</span> <span class='ocrx_word' id='word_1_210' title='bbox 289 1470 449 1502; x_wconf 87' lang='lat' dir='ltr'>carnifices</span> <span class='ocrx_word' id='word_1_211' title='bbox 465 1476 499 1501; x_wconf 83' lang='lat' dir='ltr'>et</span> <span class='ocrx_word' id='word_1_212' title='bbox 521 1481 644 1504; x_wconf 88' lang='lat' dir='ltr'>crucem</span> <span class='ocrx_word' id='word_1_213' title='bbox 669 1470 880 1501; x_wconf 86' lang='lat' dir='ltr'>adhibuerunt</span> <span class='ocrx_word' id='word_1_214' title='bbox 901 1469 933 1499; x_wconf 88' lang='lat' dir='ltr'>in</span> <span class='ocrx_word' id='word_1_215' title='bbox 979 1470 1108 1502; x_wconf 83' lang='lat' dir='ltr'>destitit.</span> 
     </span>
    </p>

    <p class='ocr_par' dir='ltr' id='par_1_10' title="bbox 171 1525 335 1547">
     <span class='ocr_line' id='line_1_24' title="bbox 171 1525 335 1547; baseline 0.006 -2"><span class='ocrx_word' id='word_1_216' title='bbox 171 1525 335 1547; x_wconf 79' lang='lat' dir='ltr'>concione.</span> 
     </span>
    </p>
   </div>
   <div class='ocr_carea' id='block_1_7' title="bbox 800 1668 1145 1705">
    <p class='ocr_par' dir='ltr' id='par_1_11' title="bbox 800 1668 1145 1705">
     <span class='ocr_line' id='line_1_25' title="bbox 800 1668 1145 1705; baseline 0 -5"><span class='ocrx_word' id='word_1_217' title='bbox 800 1668 1121 1701; x_wconf 79' lang='lat' dir='ltr'>CONFIRMATIO</span> <span class='ocrx_word' id='word_1_218' title='bbox 1137 1681 1145 1705; x_wconf 89' lang='lat'>;</span> 
     </span>
    </p>
   </div>
   <div class='ocr_carea' id='block_1_8' title="bbox 174 1802 1745 1959">
    <p class='ocr_par' dir='ltr' id='par_1_12' title="bbox 174 1802 1745 1959">
     <span class='ocr_line' id='line_1_26' title="bbox 231 1802 1745 1858; baseline -0.001 -13"><span class='ocrx_word' id='word_1_219' title='bbox 231 1806 292 1845; x_wconf 77' lang='lat' dir='ltr'>In</span> <span class='ocrx_word' id='word_1_220' title='bbox 313 1804 415 1857; x_wconf 67' lang='lat' dir='ltr'>‘quei</span> <span class='ocrx_word' id='word_1_221' title='bbox 450 1802 560 1843; x_wconf 73' lang='lat' dir='ltr'>duas</span> <span class='ocrx_word' id='word_1_222' title='bbox 602 1803 727 1858; x_wconf 60' lang='lat' dir='ltr'>(gffiH&#39;l‘</span> <span class='ocrx_word' id='word_1_223' title='bbox 760 1803 950 1842; x_wconf 65' lang='lat' dir='ltr'>rationes</span> <span class='ocrx_word' id='word_1_224' title='bbox 988 1803 1156 1849; x_wconf 63' lang='lat' dir='ltr'>Cirerm</span> <span class='ocrx_word' id='word_1_225' title='bbox 1185 1804 1386 1855; x_wconf 72' lang='lat' dir='ltr'>primam,</span> <span class='ocrx_word' id='word_1_226' title='bbox 1418 1802 1628 1843; x_wconf 75' lang='lat' dir='ltr'>Rabirius</span> <span class='ocrx_word' id='word_1_227' title='bbox 1657 1816 1745 1844; x_wconf 74' lang='lat' dir='ltr'>ozon</span> 
     </span>
     <span class='ocr_line' id='line_1_27' title="bbox 174 1860 1743 1914; baseline -0.002 -12"><span class='ocrx_word' id='word_1_228' title='bbox 174 1862 325 1902; x_wconf 76' lang='lat' dir='ltr'>oceidit</span> <span class='ocrx_word' id='word_1_229' title='bbox 365 1861 696 1905; x_wconf 66' lang='lat' dir='ltr'>Saturniozwn;</span> <span class='ocrx_word' id='word_1_230' title='bbox 749 1860 994 1909; x_wconf 68' lang='lat' dir='ltr'>sewuclam,</span> <span class='ocrx_word' id='word_1_231' title='bbox 1033 1860 1242 1900; x_wconf 76' lang='lat' dir='ltr'>Rabirius</span> <span class='ocrx_word' id='word_1_232' title='bbox 1271 1861 1377 1910; x_wconf 75' lang='lat' dir='ltr'>jure</span> <span class='ocrx_word' id='word_1_233' title='bbox 1408 1863 1592 1914; x_wconf 76' lang='lat' dir='ltr'>sumpsit</span> <span class='ocrx_word' id='word_1_234' title='bbox 1623 1874 1743 1901; x_wconf 76' lang='lat' dir='ltr'>arma</span> 
     </span>
     <span class='ocr_line' id='line_1_28' title="bbox 174 1918 657 1959; baseline -0.008 0"><span class='ocrx_word' id='word_1_235' title='bbox 174 1923 325 1959; x_wconf 71' lang='lat' dir='ltr'>contra</span> <span class='ocrx_word' id='word_1_236' title='bbox 346 1918 657 1959; x_wconf 67' lang='lat' dir='ltr'>Saturninum.</span> 
     </span>
    </p>
   </div>
   <div class='ocr_carea' id='block_1_9' title="bbox 135 2046 1749 2560">
    <p class='ocr_par' dir='ltr' id='par_1_13' title="bbox 235 2046 1744 2106">
     <span class='ocr_line' id='line_1_29' title="bbox 235 2046 1744 2106; baseline -0.002 -14"><span class='ocrx_word' id='word_1_237' title='bbox 235 2049 314 2092; x_wconf 91' lang='lat' dir='ltr'>IV.</span> <span class='ocrx_word' id='word_1_238' title='bbox 346 2049 506 2106; x_wconf 82' lang='lat' dir='ltr'>Arguis</span> <span class='ocrx_word' id='word_1_239' title='bbox 539 2048 731 2090; x_wconf 89' lang='lat' dir='ltr'>occisum</span> <span class='ocrx_word' id='word_1_240' title='bbox 762 2061 856 2088; x_wconf 89' lang='lat' dir='ltr'>esse</span> <span class='ocrx_word' id='word_1_241' title='bbox 884 2048 907 2086; x_wconf 73' lang='grc' dir='ltr'>ἐι</span> <span class='ocrx_word' id='word_1_242' title='bbox 942 2046 992 2088; x_wconf 89' lang='lat' dir='ltr'>C.</span> <span class='ocrx_word' id='word_1_243' title='bbox 1013 2046 1190 2088; x_wconf 83' lang='lat' dir='ltr'>Rabirio</span> <span class='ocrx_word' id='word_1_244' title='bbox 1217 2048 1263 2088; x_wconf 92' lang='lat' dir='ltr'>L.</span> <span class='ocrx_word' id='word_1_245' title='bbox 1290 2046 1593 2099; x_wconf 79' lang='lat' dir='ltr'>Saturninum3</span> <span class='ocrx_word' id='word_1_246' title='bbox 1625 2054 1669 2089; x_wconf 91' lang='lat' dir='ltr'>et</span> <span class='ocrx_word' id='word_1_247' title='bbox 1699 2047 1744 2089; x_wconf 89' lang='lat' dir='ltr'>id</span> 
     </span>
    </p>

    <p class='ocr_par' dir='ltr' id='par_1_14' title="bbox 135 2103 1749 2560">
     <span class='ocr_line' id='line_1_30' title="bbox 179 2103 1746 2160; baseline -0.001 -12"><span class='ocrx_word' id='word_1_248' title='bbox 179 2107 231 2148; x_wconf 84' lang='lat' dir='ltr'>C.</span> <span class='ocrx_word' id='word_1_249' title='bbox 250 2105 470 2156; x_wconf 83' lang='lat' dir='ltr'>Rabirius,</span> <span class='ocrx_word' id='word_1_250' title='bbox 492 2106 725 2146; x_wconf 88' lang='lat' dir='ltr'>multorum</span> <span class='ocrx_word' id='word_1_251' title='bbox 740 2103 1014 2153; x_wconf 82' lang='lat' dir='ltr'>testimoniis,</span> <span class='ocrx_word' id='word_1_252' title='bbox 1037 2104 1092 2150; x_wconf 87' lang='lat' dir='ltr'>Q.</span> <span class='ocrx_word' id='word_1_253' title='bbox 1106 2103 1340 2145; x_wconf 87' lang='lat' dir='ltr'>Hortensio</span> <span class='ocrx_word' id='word_1_254' title='bbox 1356 2103 1657 2160; x_wconf 71' lang='lat' dir='ltr'>copiosissime</span> <span class='ocrx_word' id='word_1_255' title='bbox 1672 2105 1746 2146; x_wconf 90' lang='lat' dir='ltr'>de-</span> 
     </span>
     <span class='ocr_line' id='line_1_31' title="bbox 176 2159 1747 2216; baseline -0.001 -11"><span class='ocrx_word' id='word_1_256' title='bbox 176 2164 396 2215; x_wconf 85' lang='lat' dir='ltr'>fendente,</span> <span class='ocrx_word' id='word_1_257' title='bbox 418 2161 545 2203; x_wconf 67' lang='lat' dir='ltr'>antea</span> <span class='ocrx_word' id='word_1_258' title='bbox 568 2161 725 2202; x_wconf 81' lang='lat' dir='ltr'>falsum</span> <span class='ocrx_word' id='word_1_259' title='bbox 743 2174 837 2201; x_wconf 88' lang='lat' dir='ltr'>esse</span> <span class='ocrx_word' id='word_1_260' title='bbox 854 2159 1018 2201; x_wconf 88' lang='lat' dir='ltr'>docuit.</span> <span class='ocrx_word' id='word_1_261' title='bbox 1047 2159 1144 2216; x_wconf 80' lang='lat' dir='ltr'>Ego</span> <span class='ocrx_word' id='word_1_262' title='bbox 1164 2166 1322 2212; x_wconf 87' lang='lat' dir='ltr'>autem,</span> <span class='ocrx_word' id='word_1_263' title='bbox 1339 2160 1375 2201; x_wconf 88' lang='lat' dir='ltr'>si</span> <span class='ocrx_word' id='word_1_264' title='bbox 1388 2159 1494 2201; x_wconf 88' lang='lat' dir='ltr'>mihi</span> <span class='ocrx_word' id='word_1_265' title='bbox 1510 2166 1624 2202; x_wconf 87' lang='lat' dir='ltr'>esset</span> <span class='ocrx_word' id='word_1_266' title='bbox 1637 2161 1747 2203; x_wconf 90' lang='lat' dir='ltr'>inte-</span> 
     </span>
     <span class='ocr_line' id='line_1_32' title="bbox 180 2217 1746 2276; baseline -0.002 -14"><span class='ocrx_word' id='word_1_267' title='bbox 180 2235 319 2276; x_wconf 78' lang='lat' dir='ltr'>grum,</span> <span class='ocrx_word' id='word_1_268' title='bbox 341 2218 606 2275; x_wconf 85' lang='lat' dir='ltr'>susciperem</span> <span class='ocrx_word' id='word_1_269' title='bbox 634 2218 719 2259; x_wconf 88' lang='lat' dir='ltr'>hoc</span> <span class='ocrx_word' id='word_1_270' title='bbox 740 2217 916 2269; x_wconf 87' lang='lat' dir='ltr'>crimen,</span> <span class='ocrx_word' id='word_1_271' title='bbox 945 2231 1239 2273; x_wconf 78' lang='lat' dir='ltr'>agnoscerem,</span> <span class='ocrx_word' id='word_1_272' title='bbox 1266 2217 1509 2269; x_wconf 83' lang='lat' dir='ltr'>confiterer.</span> <span class='ocrx_word' id='word_1_273' title='bbox 1568 2217 1746 2260; x_wconf 87' lang='lat' dir='ltr'>Utinam</span> 
     </span>
     <span class='ocr_line' id='line_1_33' title="bbox 135 2274 1747 2331; baseline -0.001 -14"><span class='ocrx_word' id='word_1_274' title='bbox 135 2277 162 2317; x_wconf 83' lang='lat'>5</span> <span class='ocrx_word' id='word_1_275' title='bbox 180 2278 294 2320; x_wconf 84' lang='lat' dir='ltr'>hanc</span> <span class='ocrx_word' id='word_1_276' title='bbox 310 2275 416 2317; x_wconf 85' lang='lat' dir='ltr'>mihi</span> <span class='ocrx_word' id='word_1_277' title='bbox 438 2275 686 2317; x_wconf 82' lang='lat' dir='ltr'>facultatem</span> <span class='ocrx_word' id='word_1_278' title='bbox 709 2289 841 2316; x_wconf 84' lang='lat' dir='ltr'>causa</span> <span class='ocrx_word' id='word_1_279' title='bbox 854 2275 1129 2325; x_wconf 81' lang='lat' dir='ltr'>concederet,</span> <span class='ocrx_word' id='word_1_280' title='bbox 1149 2282 1198 2315; x_wconf 87' lang='lat' dir='ltr'>ut</span> <span class='ocrx_word' id='word_1_281' title='bbox 1211 2288 1387 2331; x_wconf 87' lang='lat' dir='ltr'>possem</span> <span class='ocrx_word' id='word_1_282' title='bbox 1401 2274 1486 2315; x_wconf 89' lang='lat' dir='ltr'>hoc</span> <span class='ocrx_word' id='word_1_283' title='bbox 1499 2275 1747 2330; x_wconf 75' lang='lat' dir='ltr'>praedicare,</span> 
     </span>
     <span class='ocr_line' id='line_1_34' title="bbox 181 2330 1748 2388; baseline -0.002 -11"><span class='ocrx_word' id='word_1_284' title='bbox 181 2334 235 2376; x_wconf 86' lang='lat' dir='ltr'>C.</span> <span class='ocrx_word' id='word_1_285' title='bbox 256 2332 422 2376; x_wconf 83' lang='lat' dir='ltr'>Rabirii</span> <span class='ocrx_word' id='word_1_286' title='bbox 440 2347 568 2373; x_wconf 85' lang='lat' dir='ltr'>manu</span> <span class='ocrx_word' id='word_1_287' title='bbox 591 2333 639 2373; x_wconf 91' lang='lat' dir='ltr'>L.</span> <span class='ocrx_word' id='word_1_288' title='bbox 662 2331 953 2383; x_wconf 83' lang='lat' dir='ltr'>Saturninum,</span> <span class='ocrx_word' id='word_1_289' title='bbox 974 2331 1144 2372; x_wconf 88' lang='lat' dir='ltr'>hostem</span> <span class='ocrx_word' id='word_1_290' title='bbox 1159 2331 1307 2388; x_wconf 86' lang='lat' dir='ltr'>populi</span> <span class='ocrx_word' id='word_1_291' title='bbox 1326 2330 1528 2384; x_wconf 87' lang='lat' dir='ltr'>Romani,</span> <span class='ocrx_word' id='word_1_292' title='bbox 1547 2332 1748 2374; x_wconf 89' lang='lat' dir='ltr'>interfec-</span> 
     </span>
     <span class='ocr_line' id='line_1_35' title="bbox 181 2388 1749 2441; baseline -0.002 -8"><span class='ocrx_word' id='word_1_293' title='bbox 181 2391 300 2434; x_wconf 84' lang='lat' dir='ltr'>tum!</span> <span class='ocrx_word' id='word_1_294' title='bbox 345 2389 465 2430; x_wconf 88' lang='lat' dir='ltr'>Nihil</span> <span class='ocrx_word' id='word_1_295' title='bbox 486 2404 552 2430; x_wconf 90' lang='lat' dir='ltr'>me</span> <span class='ocrx_word' id='word_1_296' title='bbox 576 2390 738 2430; x_wconf 77' lang='lat' dir='ltr'>clamor</span> <span class='ocrx_word' id='word_1_297' title='bbox 758 2388 841 2429; x_wconf 87' lang='lat' dir='ltr'>iste</span> <span class='ocrx_word' id='word_1_298' title='bbox 863 2395 1120 2439; x_wconf 84' lang='lat' dir='ltr'>commovet,</span> <span class='ocrx_word' id='word_1_299' title='bbox 1145 2389 1219 2430; x_wconf 86' lang='lat' dir='ltr'>sed</span> <span class='ocrx_word' id='word_1_300' title='bbox 1243 2389 1520 2441; x_wconf 82' lang='lat' dir='ltr'>consolatur3</span> <span class='ocrx_word' id='word_1_301' title='bbox 1566 2388 1665 2430; x_wconf 72' lang='lat' dir='ltr'>cum</span> <span class='ocrx_word' id='word_1_302' title='bbox 1684 2388 1749 2430; x_wconf 87' lang='lat' dir='ltr'>in-</span> 
     </span>
     <span class='ocr_line' id='line_1_36' title="bbox 180 2444 1749 2502; baseline -0.001 -13"><span class='ocrx_word' id='word_1_303' title='bbox 180 2448 303 2489; x_wconf 85' lang='lat' dir='ltr'>dicat</span> <span class='ocrx_word' id='word_1_304' title='bbox 322 2461 416 2488; x_wconf 88' lang='lat' dir='ltr'>esse</span> <span class='ocrx_word' id='word_1_305' title='bbox 435 2446 647 2502; x_wconf 88' lang='lat' dir='ltr'>quosdam</span> <span class='ocrx_word' id='word_1_306' title='bbox 675 2444 790 2486; x_wconf 89' lang='lat' dir='ltr'>cives</span> <span class='ocrx_word' id='word_1_307' title='bbox 812 2444 1047 2500; x_wconf 82' lang='lat' dir='ltr'>imperitOS‚</span> <span class='ocrx_word' id='word_1_308' title='bbox 1071 2446 1147 2486; x_wconf 88' lang='lat' dir='ltr'>sed</span> <span class='ocrx_word' id='word_1_309' title='bbox 1168 2460 1255 2486; x_wconf 89' lang='lat' dir='ltr'>non</span> <span class='ocrx_word' id='word_1_310' title='bbox 1282 2445 1456 2487; x_wconf 86' lang='lat' dir='ltr'>multos.</span> <span class='ocrx_word' id='word_1_311' title='bbox 1516 2445 1749 2502; x_wconf 86' lang='lat' dir='ltr'>Nunquam</span> 
     </span>
     <span class='ocr_line' id='line_1_37' title="bbox 182 2499 1749 2560; baseline -0.001 -14"><span class='ocrx_word' id='word_1_312' title='bbox 182 2503 307 2558; x_wconf 86' lang='lat' dir='ltr'>(mihi</span> <span class='ocrx_word' id='word_1_313' title='bbox 328 2502 510 2555; x_wconf 88' lang='lat' dir='ltr'>credite)</span> <span class='ocrx_word' id='word_1_314' title='bbox 533 2518 633 2560; x_wconf 91' lang='lat' dir='ltr'>pop.</span> <span class='ocrx_word' id='word_1_315' title='bbox 664 2501 794 2543; x_wconf 89' lang='lat' dir='ltr'>Rom.</span> <span class='ocrx_word' id='word_1_316' title='bbox 815 2501 902 2553; x_wconf 83' lang='lat' dir='ltr'>hic,</span> <span class='ocrx_word' id='word_1_317' title='bbox 925 2501 999 2557; x_wconf 92' lang='lat' dir='ltr'>qui</span> <span class='ocrx_word' id='word_1_318' title='bbox 1023 2502 1135 2550; x_wconf 90' lang='lat' dir='ltr'>silet,</span> <span class='ocrx_word' id='word_1_319' title='bbox 1158 2502 1381 2544; x_wconf 88' lang='lat' dir='ltr'>consulem</span> <span class='ocrx_word' id='word_1_320' title='bbox 1401 2517 1468 2544; x_wconf 91' lang='lat' dir='ltr'>me</span> <span class='ocrx_word' id='word_1_321' title='bbox 1500 2502 1691 2555; x_wconf 87' lang='lat' dir='ltr'>fecisset,</span> <span class='ocrx_word' id='word_1_322' title='bbox 1713 2499 1749 2544; x_wconf 83' lang='lat' dir='ltr'>si</span> 
     </span>
    </p>
   </div>
   <div class='ocr_carea' id='block_1_10' title="bbox 183 2612 1751 2743">
    <p class='ocr_par' dir='ltr' id='par_1_15' title="bbox 183 2612 1751 2743">
     <span class='ocr_line' id='line_1_38' title="bbox 185 2612 1751 2658; baseline 0.001 -10"><span class='ocrx_word' id='word_1_323' title='bbox 185 2646 188 2648; x_wconf 20' lang='grc' dir='ltr'><strong>Α</strong></span> <span class='ocrx_word' id='word_1_324' title='bbox 226 2620 258 2649; x_wconf 82' lang='lat'>4.</span> <span class='ocrx_word' id='word_1_325' title='bbox 281 2617 454 2657; x_wconf 75' lang='lat' dir='ltr'>susciperem</span> <span class='ocrx_word' id='word_1_326' title='bbox 474 2617 525 2648; x_wconf 78' lang='lat' dir='ltr'>hoc</span> <span class='ocrx_word' id='word_1_327' title='bbox 546 2617 684 2658; x_wconf 65' lang='lat' dir='ltr'>crimem]</span> <span class='ocrx_word' id='word_1_328' title='bbox 728 2615 853 2646; x_wconf 85' lang='lat' dir='ltr'>Crimen</span> <span class='ocrx_word' id='word_1_329' title='bbox 876 2616 947 2652; x_wconf 87' lang='lat' dir='ltr'>hoc,</span> <span class='ocrx_word' id='word_1_330' title='bbox 1034 2618 1066 2646; x_wconf 78' lang='grc' dir='ltr'>ὁ.</span> <span class='ocrx_word' id='word_1_331' title='bbox 1103 2616 1226 2657; x_wconf 62' lang='lat' dir='ltr'>Causa]</span> <span class='ocrx_word' id='word_1_332' title='bbox 1272 2616 1418 2647; x_wconf 87' lang='lat' dir='ltr'>Rabirius</span> <span class='ocrx_word' id='word_1_333' title='bbox 1432 2616 1561 2647; x_wconf 88' lang='lat' dir='ltr'>nolebat</span> <span class='ocrx_word' id='word_1_334' title='bbox 1571 2612 1751 2649; x_wconf 72' lang='lat' dir='ltr'>interfector</span> 
     </span>
     <span class='ocr_line' id='line_1_39' title="bbox 183 2658 1325 2700; baseline -0.002 -9"><span class='ocrx_word' id='word_1_335' title='bbox 183 2660 258 2691; x_wconf 69' lang='lat' dir='ltr'>licet</span> <span class='ocrx_word' id='word_1_336' title='bbox 278 2660 297 2690; x_wconf 74' lang='lat' dir='ltr'>zi.</span> <span class='ocrx_word' id='word_1_337' title='bbox 314 2660 442 2690; x_wconf 86' lang='lat' dir='ltr'>Rabirio</span> <span class='ocrx_word' id='word_1_338' title='bbox 461 2670 524 2690; x_wconf 86' lang='lat' dir='ltr'>non</span> <span class='ocrx_word' id='word_1_339' title='bbox 549 2660 587 2689; x_wconf 80' lang='lat' dir='ltr'>sit</span> <span class='ocrx_word' id='word_1_340' title='bbox 608 2658 816 2694; x_wconf 85' lang='lat' dir='ltr'>commissum,</span> <span class='ocrx_word' id='word_1_341' title='bbox 843 2664 948 2689; x_wconf 84' lang='lat' dir='ltr'>tamen</span> <span class='ocrx_word' id='word_1_342' title='bbox 993 2659 1149 2689; x_wconf 85' lang='lat' dir='ltr'>Saturnini</span> <span class='ocrx_word' id='word_1_343' title='bbox 1164 2659 1325 2700; x_wconf 83' lang='lat' dir='ltr'>appellari.</span> 
     </span>
     <span class='ocr_line' id='line_1_40' title="bbox 184 2702 1751 2743; baseline 0.001 -9"><span class='ocrx_word' id='word_1_344' title='bbox 184 2703 263 2734; x_wconf 71' lang='lat' dir='ltr'>ultro</span> <span class='ocrx_word' id='word_1_345' title='bbox 289 2703 486 2734; x_wconf 83' lang='lat' dir='ltr'>commissum</span> <span class='ocrx_word' id='word_1_346' title='bbox 512 2702 550 2733; x_wconf 88' lang='lat' dir='ltr'>ab</span> <span class='ocrx_word' id='word_1_347' title='bbox 579 2714 617 2733; x_wconf 84' lang='lat' dir='ltr'>eo</span> <span class='ocrx_word' id='word_1_348' title='bbox 645 2712 711 2733; x_wconf 85' lang='lat' dir='ltr'>esse</span> <span class='ocrx_word' id='word_1_349' title='bbox 742 2702 875 2732; x_wconf 79' lang='lat' dir='ltr'>libenter</span> <span class='ocrx_word' id='word_1_350' title='bbox 903 2702 947 2731; x_wconf 79' lang='lat' dir='ltr'>ait</span> <span class='ocrx_word' id='word_1_351' title='bbox 1033 2703 1053 2731; x_wconf 89' lang='lat'>&#39;7</span> <span class='ocrx_word' id='word_1_352' title='bbox 1059 2724 1065 2730; x_wconf 93' lang='lat'>.</span> <span class='ocrx_word' id='word_1_353' title='bbox 1108 2703 1220 2732; x_wconf 64' lang='lat' dir='ltr'>Clamor</span> <span class='ocrx_word' id='word_1_354' title='bbox 1236 2702 1313 2743; x_wconf 63' lang='lat' dir='ltr'>ista]</span> <span class='ocrx_word' id='word_1_355' title='bbox 1361 2702 1393 2732; x_wconf 88' lang='lat' dir='ltr'>Si</span> <span class='ocrx_word' id='word_1_356' title='bbox 1414 2702 1489 2743; x_wconf 90' lang='lat' dir='ltr'>quid</span> <span class='ocrx_word' id='word_1_357' title='bbox 1502 2702 1535 2733; x_wconf 90' lang='lat' dir='ltr'>in</span> <span class='ocrx_word' id='word_1_358' title='bbox 1550 2703 1751 2735; x_wconf 85' lang='lat' dir='ltr'>concionibus</span> 
     </span>
    </p>
   </div>
   <div class='ocr_carea' id='block_1_11' title="bbox 182 2744 1751 2873">
    <p class='ocr_par' dir='ltr' id='par_1_16' title="bbox 182 2744 1751 2873">
     <span class='ocr_line' id='line_1_41' title="bbox 183 2744 1751 2786; baseline 0.001 -9"><span class='ocrx_word' id='word_1_359' title='bbox 183 2757 218 2778; x_wconf 87' lang='lat' dir='ltr'>se</span> <span class='ocrx_word' id='word_1_360' title='bbox 233 2747 457 2782; x_wconf 74' lang='lat' dir='ltr'>consessurum,</span> <span class='ocrx_word' id='word_1_361' title='bbox 469 2750 501 2776; x_wconf 89' lang='lat' dir='ltr'>et</span> <span class='ocrx_word' id='word_1_362' title='bbox 514 2755 603 2776; x_wconf 86' lang='lat' dir='ltr'>suum</span> <span class='ocrx_word' id='word_1_363' title='bbox 614 2744 863 2786; x_wconf 58' lang='lat' dir='ltr'>praedicaturum,</span> <span class='ocrx_word' id='word_1_364' title='bbox 873 2744 947 2786; x_wconf 84' lang='lat' dir='ltr'>quia</span> <span class='ocrx_word' id='word_1_365' title='bbox 990 2744 1108 2775; x_wconf 85' lang='lat' dir='ltr'>dictum</span> <span class='ocrx_word' id='word_1_366' title='bbox 1133 2750 1215 2775; x_wconf 84' lang='lat' dir='ltr'>esset</span> <span class='ocrx_word' id='word_1_367' title='bbox 1237 2745 1321 2786; x_wconf 91' lang='lat' dir='ltr'>quod</span> <span class='ocrx_word' id='word_1_368' title='bbox 1343 2745 1462 2786; x_wconf 86' lang='lat' dir='ltr'>populo</span> <span class='ocrx_word' id='word_1_369' title='bbox 1484 2745 1635 2786; x_wconf 81' lang='lat' dir='ltr'>placeret,</span> <span class='ocrx_word' id='word_1_370' title='bbox 1649 2747 1751 2778; x_wconf 80' lang='lat' dir='ltr'>accla-</span> 
     </span>
     <span class='ocr_line' id='line_1_42' title="bbox 182 2787 1750 2831; baseline 0.001 -11"><span class='ocrx_word' id='word_1_371' title='bbox 182 2789 299 2820; x_wconf 85' lang='lat' dir='ltr'>crimen</span> <span class='ocrx_word' id='word_1_372' title='bbox 315 2799 376 2819; x_wconf 91' lang='lat' dir='ltr'>non</span> <span class='ocrx_word' id='word_1_373' title='bbox 390 2795 438 2819; x_wconf 85' lang='lat' dir='ltr'>est</span> <span class='ocrx_word' id='word_1_374' title='bbox 460 2788 695 2829; x_wconf 82' lang='lat' dir='ltr'>appellandum,</span> <span class='ocrx_word' id='word_1_375' title='bbox 712 2789 797 2829; x_wconf 87' lang='lat' dir='ltr'>quod</span> <span class='ocrx_word' id='word_1_376' title='bbox 821 2788 947 2830; x_wconf 81' lang='lat' dir='ltr'>reipub.</span> <span class='ocrx_word' id='word_1_377' title='bbox 990 2789 1112 2825; x_wconf 82' lang='lat' dir='ltr'>mabat3</span> <span class='ocrx_word' id='word_1_378' title='bbox 1135 2788 1160 2818; x_wconf 86' lang='lat' dir='ltr'>si</span> <span class='ocrx_word' id='word_1_379' title='bbox 1176 2788 1251 2828; x_wconf 90' lang='lat' dir='ltr'>quid</span> <span class='ocrx_word' id='word_1_380' title='bbox 1274 2787 1345 2819; x_wconf 66' lang='lat' dir='ltr'>vero</span> <span class='ocrx_word' id='word_1_381' title='bbox 1369 2788 1560 2831; x_wconf 80' lang='lat' dir='ltr'>displiceret,</span> <span class='ocrx_word' id='word_1_382' title='bbox 1574 2789 1750 2822; x_wconf 87' lang='lat' dir='ltr'>admurmu-</span> 
     </span>
     <span class='ocr_line' id='line_1_43' title="bbox 183 2830 1354 2873; baseline 0.001 -11"><span class='ocrx_word' id='word_1_383' title='bbox 183 2831 252 2865; x_wconf 85' lang='lat' dir='ltr'>licae</span> <span class='ocrx_word' id='word_1_384' title='bbox 260 2832 355 2864; x_wconf 61' lang='lat' dir='ltr'>causa</span> <span class='ocrx_word' id='word_1_385' title='bbox 366 2831 580 2866; x_wconf 80' lang='lat' dir='ltr'>committitur.</span> <span class='ocrx_word' id='word_1_386' title='bbox 990 2830 1079 2862; x_wconf 82' lang='lat' dir='ltr'>rabat</span> <span class='ocrx_word' id='word_1_387' title='bbox 1095 2836 1128 2863; x_wconf 79' lang='lat' dir='ltr'>et</span> <span class='ocrx_word' id='word_1_388' title='bbox 1142 2832 1354 2873; x_wconf 83' lang='lat' dir='ltr'>obstrepebat.</span> 
     </span>
    </p>
   </div>
  </div>
 </body>
</html>
