1858 3095
720 170 770 204 IN
794 170 1011 204 PISONEM.

105 248 368 306 provinciam
398 247 583 290 Galliam
615 248 788 290 senatus
809 247 1076 297 auctoritate,
1108 243 1298 287 exercitu
1320 249 1364 284 et
1381 241 1565 299 pecunia
1588 241 1648 282 in-

108 313 312 348 structam
331 313 374 347 et
389 311 580 347 ornatam
595 309 744 360 (quum
766 319 865 346 cum
885 303 1076 344 Antonio
1098 299 1423 350 communicavi,
1455 297 1570 354 quod
1591 298 1650 339 ita
1665 296 1722 337 25

114 363 410 404 existimabam
436 368 627 457 temppra
655 361 853 417 Reipubl.
874 360 1014 410 ferre),
1052 359 1093 399 in
1129 358 1336 400 concione
1367 354 1560 412 deposui,
1591 368 1653 394 re-

109 419 320 461 clamante

112 474 121 481 ·
222 476 229 482 ·
378 418 506 473 opulo

110 483 324 516 interitum

571 432 737 458 omano.
797 416 892 472 Ego
924 417 970 457 L.
992 415 1236 464 Catilinam,
1270 413 1432 455 caedem
1462 409 1651 461 senatus,

390 474 489 526 rbis,
519 489 605 515 non
627 472 823 524 obscure,
855 472 931 514 sed
965 471 1107 528 palam
1129 471 1387 519 molientem,
1419 467 1563 524 egredi
1600 480 1653 507 ex

110 529 226 572 Urbe
240 530 377 587 jussi;
408 538 469 578 ut,
501 530 526 571 εὶ
547 545 631 586 quo
653 531 820 586 legibus
841 543 926 570 non
948 537 1208 584 poteramus,
1229 526 1442 567 moenibus
1464 523 1545 565 tuti
1559 537 1654 564 esse

111 601 348 641 possemus.
407 586 502 643 Ego
517 589 617 638 tela,
635 595 823 628 extremo
833 600 978 626 mense
995 584 1242 626 consulatus
1256 582 1337 622 mei
1355 580 1657 635 intentajugu-
1673 575 1729 617 30

109 642 164 683 lis
180 642 379 694 civitatis,
401 643 454 684 de
474 644 788 699 conjuratorum
806 641 976 682 nefariis
989 639 1185 680 manibus
1199 637 1373 679 extorsi.
1432 634 1527 691 Ego
1541 635 1656 676 faces

104 698 197 753 jam
228 713 433 741 accensas
460 700 514 740 ad
553 700 680 754 hujus
716 698 832 739 urbis
864 696 1110 738 incendium
1140 692 1458 750 comprehendi,
1489 691 1658 747 protuli,

110 754 311 797 exstinxi,
371 755 446 796 Me
468 756 521 803 Q.
542 754 736 802 Catulus,
766 753 964 809 princeps
998 752 1070 806 huj
1080 765 1127 792 us
1145 750 1321 801 ordinis,
1351 756 1394 789 et
1413 756 1562 789 auctor
1581 762 1660 803 pu·

110 810 213 852 blici
229 811 413 860 consilii,
433 810 779 872 frequentissimo
801 816 965 856 senatu,
996 807 1223 848 Parentem
1242 805 1390 861 patriae
1410 803 1660 846 nominavit.

112 865 225 906 Mihi
246 867 318 908 hic
338 867 401 907 vir
416 866 693 916 clarlssimus,
725 865 800 921 qui
820 871 991 921 propter
1007 873 1048 906 te
1070 863 1206 914 sedet,
1239 863 1284 903 L.
1306 861 1488 912 Gellius,
1504 859 1571 901 his
1588 874 1659 901 au-
1677 856 1733 898 35

112 922 344 974 clientibus,
366 922 547 964 civicam
569 936 770 964 coronam
791 921 936 962 deberi
956 920 981 961 ἒι
1001 919 1173 975 Repub.
1195 918 1318 960 dixit.

1378 917 1491 958 Mihi
1511 923 1661 972 togato

112 985 301 1030 senatus,
314 993 402 1020 non
416 983 482 1034 (ut
497 978 661 1029 multis)
674 977 784 1019 bene
795 984 943 1033 gestae,
957 977 1032 1018 sed
1043 981 1110 1028 (ut
1121 975 1300 1026 nemini)
1313 979 1573 1016 conservatae
1586 973 1662 1014 rei-

111 1034 295 1088 publicae
312 1036 496 1089 [causa,]
512 1034 716 1091 singulari
730 1048 884 1089 genere
900 1031 1239 1089 supplicationiS‚
1255 1031 1432 1072 deorum
1448 1030 1663 1071 immorta-

111 1089 218 1130 lium
227 1092 388 1145 templa
397 1090 616 1146 patefecit.
660 1090 755 1144 Ego
770 1090 868 1130 cum
878 1089 921 1129 in
929 1089 1152 1139 concione,
1162 1088 1310 1129 abiens
1320 1087 1585 1142 magistratu,
1601 1085 1664 1126 di-

113 1159 208 1187 cere
219 1144 424 1187 atribuno
438 1145 575 1201 plebis
585 1145 844 1201 prohiberer,
854 1160 949 1201 quae
961 1145 1286 1194 constitueram3
1305 1142 1487 1198 cumque
1501 1142 1537 1183 is
1559 1140 1664 1183 mihi
1681 1139 1738 1180 40

112 1201 425 1252 tantummodo,
439 1209 487 1242 ut
495 1202 698 1257 jurarem,
715 1202 999 1258 permitteret3
1031 1201 1120 1242 sine
1134 1200 1224 1241 ulla
1237 1199 1501 1241 dubitatione
1510 1198 1666 1252 juravi,

114 1261 144 1284 “
154 1256 382 1315 Rempubl.
398 1265 527 1314 atque
541 1258 652 1300 hanc
665 1258 812 1302 urbem
823 1257 919 1300 rue-:2
928 1257 1053 1300 unius
1067 1256 1198 1314 operit
1212 1270 1306 1299 esse
1319 1255 1522 1298 salvam.”
1554 1254 1669 1298 Mihi

157 1498 212 1529 24.
256 1496 443 1528 Prouinciam
488 1496 646 1537 Galliam]
714 1496 871 1538 Deposuit

117 1538 266 1575 Galliam,
288 1540 363 1581 quia
386 1540 430 1570 ita
446 1540 595 1580 expedire
619 1540 760 1581 Reipub.
782 1539 871 1569 vide-

116 1581 227 1619 batur3
253 1587 284 1613 ct
299 1583 354 1617 ait,
377 1582 490 1614 Famil.
507 1582 563 1614 lib.
578 1583 608 1613 5.
625 1583 716 1623 epist.
735 1586 788 1613 11.
802 1591 871 1612 eam

115 1623 201 1654 fratri
216 1635 271 1655 suo
286 1635 320 1654 se
335 1625 456 1655 tradere
470 1624 615 1655 voluisse.

159 1665 210 1697 Ib.
232 1666 356 1698 Senanzs
369 1668 570 1708 auctoritate.]
616 1666 798 1697 Pertinebat
829 1666 871 1696 ad

118 1715 259 1740 senatum
288 1710 463 1750 provincias
488 1710 670 1747 decernere,
699 1720 776 1749 quas
805 1709 870 1739 sine

119 1750 258 1791 ejusdem
268 1752 451 1783 auctoritate
460 1753 618 1794 deponere
626 1752 741 1782 nemini
750 1753 795 1782 sas
805 1751 873 1781 fuit.

163 1796 216 1824 27.
248 1794 286 1827 L.
303 1795 492 1836 Catilinam]
537 1795 622 1825 Vide
652 1794 817 1824 Orationes
843 1794 874 1824 in

122 1836 300 1873 Catilinam,
322 1838 375 1868 ubi
399 1839 440 1868 de
464 1836 529 1867 tota
543 1837 633 1878 hujus
657 1836 875 1878 conjurationis

122 1879 200 1910 serie
215 1880 312 1911 fusius
328 1881 446 1911 dictum
461 1886 518 1911 est.

166 1924 218 1952 29.
241 1922 347 1963 Jussi.]
392 1922 491 1953 Jussit
512 1923 594 1953 exire
611 1922 789 1958 Catilinam,
812 1932 876 1952 non

122 1964 248 2005 propria
263 1965 318 1995 sua
330 1965 512 1996 auctoritate
525 1966 689 2002 consulari,
702 1966 757 1995 sed
769 1971 874 1996 aucto-

123 2007 213 2036 ritate
227 2006 510 2037 senatus-consulti.

167 2051 220 2080 30.
244 2048 404 2090 Ego-tela]
450 2050 480 2079 A
497 2049 631 2081 Catilina
648 2049 810 2090 imperium
825 2050 875 2079 in-

125 2091 297 2122 terficiendi
334 2091 493 2122 Ciceronis
528 2092 566 2122 C.
593 2092 737 2122 Cornelio
763 2097 795 2121 et
824 2092 873 2122 M.

127 2133 270 2174 Cethego
285 2134 391 2164 datum
407 2134 517 2164 suerat.
548 2134 609 2164 Sed
621 2134 876 2169 horuminsidias,

125 2177 180 2217 qui
196 2187 251 2217 per
265 2177 464 2207 salutationes
477 2182 508 2207 et
525 2175 617 2206 officii
631 2176 767 2216 speciem
782 2176 876 2206 inter.

125 2219 235 2249 secturi
263 2219 420 2250 consulem
446 2220 581 2256 fuerant,
604 2218 742 2259 prodidit
756 2218 877 2255 Fulvia,

126 2268 220 2292 noctu
235 2262 274 2292 ad
293 2263 474 2293 Ciceronem
488 2262 639 2302 profecta.

170 2303 220 2335 Ib.
246 2304 377 2335 Ettremo
388 2305 507 2345 mensa]
532 2303 878 2340 NonisDecembribus,

129 2348 203 2388 quia
215 2347 286 2377 novi
297 2348 365 2378 Cal.
378 2347 450 2379 Jan.
463 2347 585 2377 inibant
598 2347 822 2387 magistratum.

172 2391 225 2422 31.
250 2389 408 2430 Facesjam
419 2390 575 2430 accensas]
609 2389 771 2428 Significat
781 2400 813 2419 se
823 2400 879 2430 per

130 2431 276 2463 Flaccum
291 2439 451 2474 praetorem
466 2433 498 2463 in
517 2433 616 2463 Ponte
639 2432 761 2462 Mulvio
776 2431 879 2462 literas

128 2475 354 2515 conjuratorum
367 2475 653 2516 comprehendisse,
668 2485 744 2516 quas
760 2474 884 2514 publice

131 2516 206 2557 legit
220 2518 250 2548 in
266 2524 386 2554 senatu,
411 2519 522 2559 quibus
539 2518 642 2549 omnia
657 2517 884 2557 conjuratorum

129 2559 254 2590 consilia
268 2561 394 2592 detecta
404 2567 485 2591 sunt.

175 2603 227 2632 33.
252 2603 289 2637 Q.
322 2603 471 2644 Catulus]
529 2603 571 2640 Q.
598 2602 740 2641 Catulus,
764 2607 887 2632 senator

132 2654 250 2684 magnae
273 2646 472 2682 auctoritatis,
494 2646 526 2675 in
555 2651 665 2676 senatu
681 2645 806 2675 Patrem
822 2644 885 2674 Pa-

134 2687 198 2716 triae
213 2686 392 2720 Ciceronem
422 2689 633 2729 nuncupavit;
656 2698 727 2729 quae
742 2687 884 2727 appella-

132 2728 307 2803 fifzangpini
334 2731 427 2763 antea
451 2732 551 2764 fuerat
565 2731 703 2763 decreta.
747 2730 832 2763 Plut.
851 2729 883 2761 in

132 2781 163 2801 vl
240 2781 281 2804 ic.

957 1497 1010 1528 35.
1032 1496 1071 1530 L.
1083 1495 1223 1536 Gellius]
1268 1494 1325 1526 Vir
1342 1493 1520 1530 Censorius.
1668 1515 1670 1517 »

958 1541 1011 1570 36.
1035 1539 1163 1570 Ciuicam
1177 1537 1339 1578 coronam]
1371 1537 1419 1568 Ex
1435 1536 1552 1574 Gellio,
1568 1536 1622 1569 lib.
1638 1536 1670 1567 5.

914 1592 985 1622 cap.
1003 1583 1035 1613 6.
1060 1582 1155 1612 Civica
1179 1592 1281 1611 corona
1301 1581 1480 1620 appellatur,
1503 1591 1588 1620 quam
1602 1581 1672 1610 civis

913 1626 982 1660 civi,
1004 1625 1021 1654 a
1037 1636 1091 1665 qno
1105 1630 1235 1654 serratus
1246 1629 1286 1654 est
1310 1625 1342 1654 in
1359 1623 1471 1662 proelio,
1496 1628 1591 1653 testem
1605 1624 1671 1652 vitae

913 1668 1067 1707 salutisque
1074 1673 1223 1707 perceptae‚
1233 1667 1285 1696 dat
1292 1677 1302 1703 ‚·
1314 1677 1346 1696 ea
1345 1667 1388 1707 fit
1397 1675 1429 1695 ex
1429 1664 1542 1706 fronde
1551 1664 1672 1705 quer-nd,

915 1712 1051 1751 quoniam
1076 1710 1154 1740 cibus
1166 1711 1309 1751 victusque
1323 1709 1535 1750 antiquissimus
1546 1717 1672 1747 quernus

915 1754 979 1791 capi
991 1754 1092 1783 solitus
1100 1754 1149 1782 sit.

961 1797 1016 1827 37.
1062 1795 1140 1831 Non,
1177 1801 1212 1824 ut
1244 1795 1353 1828 multis,
1390 1793 1458 1823 bem}
1482 1799 1579 1834 gestae,
1601 1792 1671 1833 aga]

920 1837 1078 1868 Gloriatur
1094 1837 1143 1868 hic
1160 1837 1282 1873 Cicero,
1295 1837 1455 1872 honorem.
1479 1836 1532 1876 qui
1554 1836 1673 1866 nemini

920 1880 1012 1911 antea
1024 1891 1187 1911 concessus
1211 1880 1322 1915 fuerat,
1345 1879 1403 1908 sibi
1419 1879 1577 1909 decretum
1594 1888 1674 1908 esse.

919 1923 1003 1953 Nam
1019 1922 1111 1963 vulga
1135 1922 1378 1963 supplicationes
1399 1921 1442 1951 eis
1461 1921 1673 1951 decerneban-

920 1971 979 2000 tur,
1002 1966 1056 2006 qui
1085 1965 1161 1995 benc
1187 1976 1250 1995 rem
1277 1965 1308 1994 in
1338 1963 1422 1994 bello
1438 1969 1616 2004 gesserant3
1640 1967 1673 1992 at

917 2008 989 2048 ipsi,
1005 2013 1131 2048 propter
1140 2012 1353 2038 conservatam
1368 2006 1525 2047 Rempub.
1539 2007 1673 2036 decreta:

918 2055 999 2086 sunt,
1013 2051 1151 2091 quando,
1169 2050 1234 2080 sine
1249 2049 1342 2085 seri-0,
1358 2049 1423 2079 sine
1435 2048 1536 2083 armis,
1552 2048 1571 2078 εὶ
1587 2048 1674 2079 Cati-

918 2093 989 2122 linae
1003 2092 1215 2132 conjuratione
1230 2091 1389 2131 Rempub.
1407 2091 1587 2121 vindicavit.

963 2137 1016 2165 38.
1037 2134 1290 2175 &applicationisfl
1312 2134 1363 2164 De
1378 2133 1425 2163 his
1439 2132 1674 2172 supplicationis

919 2178 1087 2208 honoribus
1117 2178 1232 2207 dictum
1249 2183 1296 2206 est
1310 2176 1376 2206 fuse
1392 2175 1423 2206 in
1441 2175 1590 2206 Oratione
1606 2174 1672 2205 111.

919 2219 950 2250 in
968 2219 1063 2251 Catil.
1081 2230 1187 2260 parag.
1202 2219 1247 2250 iii.
1264 2219 1284 2249 l.
1298 2220 1350 2251 56.

963 2265 1016 2292 40.
1040 2263 1065 2292 A
1082 2263 1197 2292 tribuno
1206 2262 1325 2302 plebis]
1370 2261 1445 2291 Mos
1461 2261 1530 2299 fuit,
1546 2259 1674 2296 uncum

923 2305 1116 2346 deponerent
1153 2305 1373 2344 magistratum,
1406 2315 1439 2334 se
1469 2303 1546 2334 nihil
1569 2311 1675 2334 contra

922 2347 1009 2388 leges
1046 2347 1156 2378 fecisse
1176 2347 1327 2388 jurarent.
1371 2346 1426 2382 At,
1463 2345 1534 2376 curu
1565 2345 1675 2376 Cicero

923 2390 1104 2423 concionem
1115 2395 1187 2420 tunc
1196 2390 1279 2430 apud
1290 2389 1560 2430 populumhabere
1569 2388 1677 2425 vellet,

923 2432 941 2462 a
966 2433 1007 2469 Q.
1023 2432 1157 2463 Metello
1187 2431 1314 2473 Nepote
1341 2432 1514 2472 prohibitus
1541 2436 1598 2466 est,
1622 2432 1676 2472 qni

927 2485 983 2516 pro
1007 2475 1129 2505 Rostris
1157 2475 1302 2505 subsellia
1329 2474 1504 2510 collocavit,
1541 2485 1580 2504 ne
1602 2484 1676 2504 con-

929 2518 1112 2555 scenderet3
1135 2518 1190 2548 sed
1207 2517 1324 2547 tantum
1341 2516 1481 2558 permisit
1499 2521 1533 2547 ut
1545 2527 1582 2546 ex
1598 2516 1676 2546 infe-

928 2561 1001 2590 riori
1028 2560 1096 2590 loco
1127 2560 1335 2600 magistratum
1363 2559 1515 2600 ejuraret3
1538 2559 1590 2598 qui
1613 2568 1677 2588 ncn

930 2602 1054 2639 usitata,
1070 2603 1125 2633 sed
1138 2603 1231 2638 nov-21,
1243 2602 1451 2644 jurisjurandi
1466 2599 1595 2631 formula
1605 2611 1677 2631 usus

930 2651 987 2682 est,
1012 2650 1046 2675 ut
1074 2645 1117 2675 ait
1133 2645 1251 2675 Plutar.
1266 2646 1297 2675 in
1314 2645 1382 2676 Cic.
1427 2643 1592 2673 Timebant
1604 2643 1677 2673 vero

927 2688 1042 2718 tribuni
1057 2687 1168 2729 plebis,
1192 2698 1233 2720 ne
1249 2699 1311 2730 qua
1326 2685 1434 2729 populi
1448 2685 1561 2717 seditio
1573 2685 1678 2718 conci·

927 2734 1052 2762 taretur.

1635 158 1716 206 251
