<?xml version="1.0" encoding="UTF-8"?>
<!DOCTYPE html PUBLIC "-//W3C//DTD XHTML 1.0 Transitional//EN"
    "http://www.w3.org/TR/xhtml1/DTD/xhtml1-transitional.dtd">
<html xmlns="http://www.w3.org/1999/xhtml" xml:lang="en" lang="en">
 <head>
  <title>
</title>
<meta http-equiv="Content-Type" content="text/html;charset=utf-8" />
  <meta name='ocr-system' content='tesseract 3.04.00' />
  <meta name='ocr-capabilities' content='ocr_page ocr_carea ocr_par ocr_line ocrx_word'/>
</head>
<body>
  <div class='ocr_page' id='page_1' title='image "./selectaeoratione00ciceuoft_0098.png"; bbox 0 0 1790 3090; ppageno 0'>
   <div class='ocr_carea' id='block_1_1' title="bbox 78 177 134 219">
    <p class='ocr_par' dir='ltr' id='par_1_1' title="bbox 78 177 134 219">
     <span class='ocr_line' id='line_1_1' title="bbox 78 177 134 219; baseline -0.018 0"><span class='ocrx_word' id='word_1_1' title='bbox 78 177 134 219; x_wconf 83' lang='lat'>58</span> 
     </span>
    </p>
   </div>
   <div class='ocr_carea' id='block_1_2' title="bbox 694 173 1157 208">
    <p class='ocr_par' dir='ltr' id='par_1_2' title="bbox 694 173 1157 208">
     <span class='ocr_line' id='line_1_2' title="bbox 694 173 1157 208; baseline 0.002 -1"><span class='ocrx_word' id='word_1_2' title='bbox 694 175 784 208; x_wconf 89' lang='lat' dir='ltr'>PRO</span> <span class='ocrx_word' id='word_1_3' title='bbox 810 174 925 208; x_wconf 89' lang='lat' dir='ltr'><strong>LEGE</strong></span> <span class='ocrx_word' id='word_1_4' title='bbox 947 173 1157 208; x_wconf 80' lang='lat' dir='ltr'>MANILIA.</span> 
     </span>
    </p>
   </div>
   <div class='ocr_carea' id='block_1_3' title="bbox 109 251 1701 371">
    <p class='ocr_par' dir='ltr' id='par_1_3' title="bbox 109 251 1701 368">
     <span class='ocr_line' id='line_1_3' title="bbox 147 251 1700 321; baseline 0 -27"><span class='ocrx_word' id='word_1_5' title='bbox 147 252 301 294; x_wconf 88' lang='lat' dir='ltr'>essetis</span> <span class='ocrx_word' id='word_1_6' title='bbox 326 251 529 302; x_wconf 87' lang='lat' dir='ltr'>habituri,</span> <span class='ocrx_word' id='word_1_7' title='bbox 546 251 666 321; x_wconf 82' lang='lat' dir='ltr'>cepit</span> <span class='ocrx_word' id='word_1_8' title='bbox 685 266 887 309; x_wconf 78' lang='lat' dir='ltr'>magnum</span> <span class='ocrx_word' id='word_1_9' title='bbox 907 267 994 296; x_wconf 78' lang='lat' dir='ltr'>suae</span> <span class='ocrx_word' id='word_1_10' title='bbox 1016 253 1183 294; x_wconf 88' lang='lat' dir='ltr'>virtutis</span> <span class='ocrx_word' id='word_1_11' title='bbox 1205 252 1389 294; x_wconf 79' lang='lat' dir='ltr'>fructum</span> <span class='ocrx_word' id='word_1_12' title='bbox 1409 266 1460 294; x_wconf 89' lang='lat' dir='ltr'>ac</span> <span class='ocrx_word' id='word_1_13' title='bbox 1481 252 1700 310; x_wconf 81' lang='lat' dir='ltr'>dignitatis</span> 
     </span>
     <span class='ocr_line' id='line_1_4' title="bbox 109 307 1701 371; baseline 0 -21"><span class='ocrx_word' id='word_1_14' title='bbox 109 309 244 351; x_wconf 83' lang='grc'><strong>5011111</strong></span> <span class='ocrx_word' id='word_1_15' title='bbox 267 324 413 351; x_wconf 88' lang='lat' dir='ltr'>omnes</span> <span class='ocrx_word' id='word_1_16' title='bbox 434 307 567 371; x_wconf 65' lang='lat' dir='ltr'>plope</span> <span class='ocrx_word' id='word_1_17' title='bbox 586 322 675 349; x_wconf 79' lang='lat' dir='ltr'>una</span> <span class='ocrx_word' id='word_1_18' title='bbox 694 324 799 350; x_wconf 90' lang='lat' dir='ltr'>voce</span> <span class='ocrx_word' id='word_1_19' title='bbox 832 309 876 350; x_wconf 90' lang='lat' dir='ltr'>in</span> <span class='ocrx_word' id='word_1_20' title='bbox 906 325 957 352; x_wconf 90' lang='lat' dir='ltr'>eo</span> <span class='ocrx_word' id='word_1_21' title='bbox 981 312 1077 368; x_wconf 86' lang='lat' dir='ltr'>ipso</span> <span class='ocrx_word' id='word_1_22' title='bbox 1100 324 1176 351; x_wconf 87' lang='lat' dir='ltr'>vos</span> <span class='ocrx_word' id='word_1_23' title='bbox 1207 324 1327 366; x_wconf 87' lang='lat' dir='ltr'>spem</span> <span class='ocrx_word' id='word_1_24' title='bbox 1356 309 1578 351; x_wconf 88' lang='lat' dir='ltr'>habituros</span> <span class='ocrx_word' id='word_1_25' title='bbox 1607 325 1701 352; x_wconf 90' lang='lat' dir='ltr'>esse</span> 
     </span>
    </p>
   </div>
   <div class='ocr_carea' id='block_1_4' title="bbox 147 366 360 408">
    <p class='ocr_par' dir='ltr' id='par_1_4' title="bbox 147 366 360 408">
     <span class='ocr_line' id='line_1_5' title="bbox 147 366 360 408; baseline 0.005 -1"><span class='ocrx_word' id='word_1_26' title='bbox 147 366 360 408; x_wconf 78' lang='lat' dir='ltr'>bdixistis.</span> 
     </span>
    </p>
   </div>
   <div class='ocr_carea' id='block_1_5' title="bbox 419 364 1704 417">
    <p class='ocr_par' dir='ltr' id='par_1_5' title="bbox 419 364 1704 417">
     <span class='ocr_line' id='line_1_6' title="bbox 419 364 1704 417; baseline 0.002 -12"><span class='ocrx_word' id='word_1_27' title='bbox 419 364 592 405; x_wconf 84' lang='lat' dir='ltr'>Etenim</span> <span class='ocrx_word' id='word_1_28' title='bbox 613 365 711 406; x_wconf 86' lang='lat' dir='ltr'>talis</span> <span class='ocrx_word' id='word_1_29' title='bbox 733 372 798 407; x_wconf 89' lang='lat' dir='ltr'>est</span> <span class='ocrx_word' id='word_1_30' title='bbox 819 366 894 417; x_wconf 87' lang='lat' dir='ltr'>vir,</span> <span class='ocrx_word' id='word_1_31' title='bbox 925 375 972 408; x_wconf 88' lang='lat' dir='ltr'>ut</span> <span class='ocrx_word' id='word_1_32' title='bbox 992 367 1108 408; x_wconf 86' lang='lat' dir='ltr'>nulla</span> <span class='ocrx_word' id='word_1_33' title='bbox 1133 381 1200 407; x_wconf 88' lang='lat' dir='ltr'>res</span> <span class='ocrx_word' id='word_1_34' title='bbox 1227 373 1347 407; x_wconf 87' lang='lat' dir='ltr'>tanta</span> <span class='ocrx_word' id='word_1_35' title='bbox 1367 366 1424 407; x_wconf 88' lang='lat' dir='ltr'>sit</span> <span class='ocrx_word' id='word_1_36' title='bbox 1444 381 1494 407; x_wconf 91' lang='lat' dir='ltr'>ac</span> <span class='ocrx_word' id='word_1_37' title='bbox 1515 373 1602 407; x_wconf 90' lang='lat' dir='ltr'>tam</span> <span class='ocrx_word' id='word_1_38' title='bbox 1623 367 1704 407; x_wconf 76' lang='lat' dir='ltr'>dit-</span> 
     </span>
    </p>
   </div>
   <div class='ocr_carea' id='block_1_6' title="bbox 147 421 1706 591">
    <p class='ocr_par' dir='ltr' id='par_1_6' title="bbox 147 421 1706 591">
     <span class='ocr_line' id='line_1_7' title="bbox 147 421 1705 479; baseline -0.001 -15"><span class='ocrx_word' id='word_1_39' title='bbox 147 423 289 474; x_wconf 87' lang='lat' dir='ltr'>ficilis,</span> <span class='ocrx_word' id='word_1_40' title='bbox 310 436 437 478; x_wconf 84' lang='lat' dir='ltr'>quam</span> <span class='ocrx_word' id='word_1_41' title='bbox 457 421 528 462; x_wconf 90' lang='lat' dir='ltr'>ille</span> <span class='ocrx_word' id='word_1_42' title='bbox 544 435 630 461; x_wconf 91' lang='lat' dir='ltr'>non</span> <span class='ocrx_word' id='word_1_43' title='bbox 647 428 691 463; x_wconf 89' lang='lat' dir='ltr'>et</span> <span class='ocrx_word' id='word_1_44' title='bbox 710 422 891 463; x_wconf 90' lang='lat' dir='ltr'>consilio</span> <span class='ocrx_word' id='word_1_45' title='bbox 911 439 1071 479; x_wconf 66' lang='lat' dir='ltr'>regem,</span> <span class='ocrx_word' id='word_1_46' title='bbox 1093 430 1136 464; x_wconf 90' lang='lat' dir='ltr'>et</span> <span class='ocrx_word' id='word_1_47' title='bbox 1155 422 1398 478; x_wconf 82' lang='lat' dir='ltr'>integritate</span> <span class='ocrx_word' id='word_1_48' title='bbox 1416 423 1537 474; x_wconf 80' lang='lat' dir='ltr'>tueli,</span> <span class='ocrx_word' id='word_1_49' title='bbox 1560 430 1603 464; x_wconf 88' lang='lat' dir='ltr'>et</span> <span class='ocrx_word' id='word_1_50' title='bbox 1622 422 1705 463; x_wconf 89' lang='lat' dir='ltr'>vir-</span> 
     </span>
     <span class='ocr_line' id='line_1_8' title="bbox 147 458 1706 535; baseline 0 -15"><span class='ocrx_word' id='word_1_51' title='bbox 147 486 241 520; x_wconf 87' lang='lat' dir='ltr'>tute</span> <span class='ocrx_word' id='word_1_52' title='bbox 263 480 486 530; x_wconf 81' lang='lat' dir='ltr'>conficeie,</span> <span class='ocrx_word' id='word_1_53' title='bbox 507 477 668 533; x_wconf 86' lang='lat' dir='ltr'>possit·</span> <span class='ocrx_word' id='word_1_54' title='bbox 660 510 670 526; x_wconf 85' lang='grc'><strong>,</strong></span> <span class='ocrx_word' id='word_1_55' title='bbox 706 479 796 526; x_wconf 90' lang='lat' dir='ltr'>sed,</span> <span class='ocrx_word' id='word_1_56' title='bbox 814 478 857 517; x_wconf 88' lang='lat' dir='ltr'>in</span> <span class='ocrx_word' id='word_1_57' title='bbox 872 458 1080 535; x_wconf 66' lang='grc' dir='ltr'><strong>110οξ1950,</strong></span> <span class='ocrx_word' id='word_1_58' title='bbox 1093 479 1147 519; x_wconf 86' lang='lat' dir='ltr'>ab</span> <span class='ocrx_word' id='word_1_59' title='bbox 1162 493 1212 519; x_wconf 91' lang='lat' dir='ltr'>eo</span> <span class='ocrx_word' id='word_1_60' title='bbox 1229 458 1603 521; x_wconf 67' lang='lat' dir='ltr'>vehementissime</span> <span class='ocrx_word' id='word_1_61' title='bbox 1618 478 1706 520; x_wconf 90' lang='lat' dir='ltr'>dis-</span> 
     </span>
     <span class='ocr_line' id='line_1_9' title="bbox 151 533 1706 591; baseline 0 -15"><span class='ocrx_word' id='word_1_62' title='bbox 151 535 304 586; x_wconf 89' lang='lat' dir='ltr'>sentio,</span> <span class='ocrx_word' id='word_1_63' title='bbox 327 534 455 591; x_wconf 80' lang='lat' dir='ltr'>quod,</span> <span class='ocrx_word' id='word_1_64' title='bbox 487 549 572 589; x_wconf 89' lang='lat' dir='ltr'>quo</span> <span class='ocrx_word' id='word_1_65' title='bbox 607 533 745 574; x_wconf 90' lang='lat' dir='ltr'>minus</span> <span class='ocrx_word' id='word_1_66' title='bbox 778 540 893 575; x_wconf 87' lang='lat' dir='ltr'>certa</span> <span class='ocrx_word' id='word_1_67' title='bbox 920 543 986 576; x_wconf 85' lang='lat' dir='ltr'>est</span> <span class='ocrx_word' id='word_1_68' title='bbox 1012 535 1232 575; x_wconf 88' lang='lat' dir='ltr'>hominum</span> <span class='ocrx_word' id='word_1_69' title='bbox 1259 549 1310 575; x_wconf 91' lang='lat' dir='ltr'>ac</span> <span class='ocrx_word' id='word_1_70' title='bbox 1336 536 1474 576; x_wconf 88' lang='lat' dir='ltr'>minus</span> <span class='ocrx_word' id='word_1_71' title='bbox 1507 536 1706 576; x_wconf 85' lang='lat' dir='ltr'>diuturna</span> 
     </span>
    </p>
   </div>
   <div class='ocr_carea' id='block_1_7' title="bbox 87 590 1706 702">
    <p class='ocr_par' dir='ltr' id='par_1_7' title="bbox 87 590 1706 702">
     <span class='ocr_line' id='line_1_10' title="bbox 87 590 1706 661; baseline -0.001 -28"><span class='ocrx_word' id='word_1_72' title='bbox 87 592 252 643; x_wconf 84' lang='lat' dir='ltr'>lOvita,</span> <span class='ocrx_word' id='word_1_73' title='bbox 271 593 358 632; x_wconf 90' lang='lat' dir='ltr'>hoc</span> <span class='ocrx_word' id='word_1_74' title='bbox 379 605 514 653; x_wconf 77' lang='lat' dir='ltr'>magis</span> <span class='ocrx_word' id='word_1_75' title='bbox 535 590 727 661; x_wconf 90' lang='lat' dir='ltr'>Respub.</span> <span class='ocrx_word' id='word_1_76' title='bbox 749 590 885 630; x_wconf 83' lang='lat' dir='ltr'>dumc</span> <span class='ocrx_word' id='word_1_77' title='bbox 895 606 969 654; x_wconf 89' lang='lat' dir='ltr'>per</span> <span class='ocrx_word' id='word_1_78' title='bbox 989 591 1094 632; x_wconf 89' lang='lat' dir='ltr'>deos</span> <span class='ocrx_word' id='word_1_79' title='bbox 1114 590 1375 632; x_wconf 84' lang='lat' dir='ltr'>immortales</span> <span class='ocrx_word' id='word_1_80' title='bbox 1395 592 1511 644; x_wconf 85' lang='lat' dir='ltr'>licet,</span> <span class='ocrx_word' id='word_1_81' title='bbox 1532 592 1613 633; x_wconf 85' lang='lat' dir='ltr'>frui</span> <span class='ocrx_word' id='word_1_82' title='bbox 1634 592 1706 633; x_wconf 91' lang='lat' dir='ltr'>de-</span> 
     </span>
     <span class='ocr_line' id='line_1_11' title="bbox 150 646 1078 702; baseline -0.001 -13"><span class='ocrx_word' id='word_1_83' title='bbox 150 648 226 689; x_wconf 89' lang='lat' dir='ltr'>bet</span> <span class='ocrx_word' id='word_1_84' title='bbox 246 662 400 689; x_wconf 78' lang='lat' dir='ltr'>summi</span> <span class='ocrx_word' id='word_1_85' title='bbox 426 647 612 688; x_wconf 86' lang='lat' dir='ltr'>hominis</span> <span class='ocrx_word' id='word_1_86' title='bbox 632 646 720 688; x_wconf 81' lang='lat' dir='ltr'>vita</span> <span class='ocrx_word' id='word_1_87' title='bbox 747 654 876 702; x_wconf 88' lang='lat' dir='ltr'>atque</span> <span class='ocrx_word' id='word_1_88' title='bbox 909 647 1078 688; x_wconf 85' lang='lat' dir='ltr'>virtute.</span> 
     </span>
    </p>
   </div>
   <div class='ocr_carea' id='block_1_8' title="bbox 1137 647 1708 690">
    <p class='ocr_par' dir='ltr' id='par_1_8' title="bbox 1137 647 1708 690">
     <span class='ocr_line' id='line_1_12' title="bbox 1137 647 1708 690; baseline 0.002 -3"><span class='ocrx_word' id='word_1_89' title='bbox 1137 647 1199 688; x_wconf 92' lang='lat' dir='ltr'>At</span> <span class='ocrx_word' id='word_1_90' title='bbox 1228 647 1341 688; x_wconf 87' lang='lat' dir='ltr'>enim</span> <span class='ocrx_word' id='word_1_91' title='bbox 1365 648 1472 690; x_wconf 89' lang='lat' dir='ltr'>nihil</span> <span class='ocrx_word' id='word_1_92' title='bbox 1503 648 1603 690; x_wconf 90' lang='lat' dir='ltr'>novi</span> <span class='ocrx_word' id='word_1_93' title='bbox 1630 648 1708 689; x_wconf 86' lang='lat' dir='ltr'>fiat</span> 
     </span>
    </p>
   </div>
   <div class='ocr_carea' id='block_1_9' title="bbox 150 703 1710 874">
    <p class='ocr_par' dir='ltr' id='par_1_9' title="bbox 150 703 1710 874">
     <span class='ocr_line' id='line_1_13' title="bbox 152 703 1706 760; baseline 0 -14"><span class='ocrx_word' id='word_1_94' title='bbox 152 711 302 746; x_wconf 88' lang='lat' dir='ltr'>contra</span> <span class='ocrx_word' id='word_1_95' title='bbox 335 705 532 759; x_wconf 83' lang='lat' dir='ltr'>exempla</span> <span class='ocrx_word' id='word_1_96' title='bbox 557 710 686 759; x_wconf 83' lang='lat' dir='ltr'>atque</span> <span class='ocrx_word' id='word_1_97' title='bbox 721 703 919 744; x_wconf 78' lang='lat' dir='ltr'>instituta</span> <span class='ocrx_word' id='word_1_98' title='bbox 943 705 1166 760; x_wconf 35' lang='lat' dir='ltr'>majorQum</span> <span class='ocrx_word' id='word_1_99' title='bbox 1227 703 1325 744; x_wconf 90' lang='lat' dir='ltr'>Non</span> <span class='ocrx_word' id='word_1_100' title='bbox 1357 704 1455 745; x_wconf 88' lang='lat' dir='ltr'>dico</span> <span class='ocrx_word' id='word_1_101' title='bbox 1485 705 1570 746; x_wconf 85' lang='lat' dir='ltr'>hoc</span> <span class='ocrx_word' id='word_1_102' title='bbox 1594 705 1706 759; x_wconf 81' lang='lat'>1000,</span> 
     </span>
     <span class='ocr_line' id='line_1_14' title="bbox 150 759 1707 824; baseline -0.001 -21"><span class='ocrx_word' id='word_1_103' title='bbox 150 762 334 824; x_wconf 81' lang='lat' dir='ltr'>majores</span> <span class='ocrx_word' id='word_1_104' title='bbox 354 768 525 801; x_wconf 79' lang='lat' dir='ltr'>nostros</span> <span class='ocrx_word' id='word_1_105' title='bbox 546 774 712 815; x_wconf 85' lang='lat' dir='ltr'>semper</span> <span class='ocrx_word' id='word_1_106' title='bbox 728 759 772 800; x_wconf 89' lang='lat' dir='ltr'>in</span> <span class='ocrx_word' id='word_1_107' title='bbox 789 774 896 815; x_wconf 86' lang='lat' dir='ltr'>pace</span> <span class='ocrx_word' id='word_1_108' title='bbox 917 760 1262 812; x_wconf 88' lang='lat' dir='ltr'>consuetudini,</span> <span class='ocrx_word' id='word_1_109' title='bbox 1253 776 1297 801; x_wconf 88' lang='lat' dir='ltr'>m</span> <span class='ocrx_word' id='word_1_110' title='bbox 1313 761 1427 802; x_wconf 90' lang='lat' dir='ltr'>bello</span> <span class='ocrx_word' id='word_1_111' title='bbox 1445 761 1621 802; x_wconf 81' lang='lat' dir='ltr'>utilitati</span> <span class='ocrx_word' id='word_1_112' title='bbox 1634 775 1707 816; x_wconf 88' lang='lat' dir='ltr'>pa-</span> 
     </span>
     <span class='ocr_line' id='line_1_15' title="bbox 151 816 1710 874; baseline -0.001 -15"><span class='ocrx_word' id='word_1_113' title='bbox 151 832 301 868; x_wconf 82' lang='lat' dir='ltr'>rulsse,</span> <span class='ocrx_word' id='word_1_114' title='bbox 316 831 497 873; x_wconf 84' lang='lat' dir='ltr'>semper,</span> <span class='ocrx_word' id='word_1_115' title='bbox 511 816 564 857; x_wconf 89' lang='lat' dir='ltr'>ad</span> <span class='ocrx_word' id='word_1_116' title='bbox 582 831 716 857; x_wconf 88' lang='lat' dir='ltr'>novos</span> <span class='ocrx_word' id='word_1_117' title='bbox 730 830 856 857; x_wconf 87' lang='lat' dir='ltr'>casus</span> <span class='ocrx_word' id='word_1_118' title='bbox 873 823 1126 874; x_wconf 83' lang='lat' dir='ltr'>temporum,</span> <span class='ocrx_word' id='word_1_119' title='bbox 1142 832 1347 858; x_wconf 77' lang='lat' dir='ltr'>novorum</span> <span class='ocrx_word' id='word_1_120' title='bbox 1361 817 1635 858; x_wconf 87' lang='lat' dir='ltr'>consiliorum</span> <span class='ocrx_word' id='word_1_121' title='bbox 1644 831 1710 858; x_wconf 82' lang='lat' dir='ltr'>ra-</span> 
     </span>
    </p>
   </div>
   <div class='ocr_carea' id='block_1_10' title="bbox 87 872 1713 922">
    <p class='ocr_par' dir='ltr' id='par_1_10' title="bbox 87 872 1713 922">
     <span class='ocr_line' id='line_1_16' title="bbox 87 872 1713 922; baseline -0.002 -5"><span class='ocrx_word' id='word_1_122' title='bbox 87 873 293 918; x_wconf 85' lang='lat' dir='ltr'>15tiones</span> <span class='ocrx_word' id='word_1_123' title='bbox 315 872 689 915; x_wconf 77' lang='lat' dir='ltr'>accommodasse:</span> <span class='ocrx_word' id='word_1_124' title='bbox 721 887 809 914; x_wconf 89' lang='lat' dir='ltr'>non</span> <span class='ocrx_word' id='word_1_125' title='bbox 824 873 960 915; x_wconf 86' lang='lat' dir='ltr'>dicam</span> <span class='ocrx_word' id='word_1_126' title='bbox 984 875 1068 915; x_wconf 92' lang='lat' dir='ltr'>duo</span> <span class='ocrx_word' id='word_1_127' title='bbox 1089 874 1202 915; x_wconf 89' lang='lat' dir='ltr'>bella</span> <span class='ocrx_word' id='word_1_128' title='bbox 1213 888 1412 922; x_wconf 62' lang='lat' dir='ltr'>maxima</span> <span class='ocrx_word' id='word_1_129' title='bbox 1433 873 1647 915; x_wconf 88' lang='lat' dir='ltr'>Punicum</span> <span class='ocrx_word' id='word_1_130' title='bbox 1668 879 1713 914; x_wconf 86' lang='lat' dir='ltr'>et</span> 
     </span>
    </p>
   </div>
   <div class='ocr_carea' id='block_1_11' title="bbox 150 929 1713 1161">
    <p class='ocr_par' dir='ltr' id='par_1_11' title="bbox 150 929 1713 1155">
     <span class='ocr_line' id='line_1_17' title="bbox 153 929 1711 993; baseline -0.001 -22"><span class='ocrx_word' id='word_1_131' title='bbox 153 930 456 993; x_wconf 74' lang='lat' dir='ltr'>Hispaniense,</span> <span class='ocrx_word' id='word_1_132' title='bbox 477 929 530 970; x_wconf 90' lang='lat' dir='ltr'>ab</span> <span class='ocrx_word' id='word_1_133' title='bbox 543 944 628 970; x_wconf 87' lang='lat' dir='ltr'>uno</span> <span class='ocrx_word' id='word_1_134' title='bbox 650 929 917 993; x_wconf 81' lang='lat' dir='ltr'>imperatme</span> <span class='ocrx_word' id='word_1_135' title='bbox 923 946 1017 972; x_wconf 92' lang='lat' dir='ltr'>esse</span> <span class='ocrx_word' id='word_1_136' title='bbox 1039 931 1262 982; x_wconf 81' lang='lat' dir='ltr'>confecta3</span> <span class='ocrx_word' id='word_1_137' title='bbox 1294 931 1399 971; x_wconf 90' lang='lat' dir='ltr'>duas</span> <span class='ocrx_word' id='word_1_138' title='bbox 1416 931 1542 971; x_wconf 87' lang='lat' dir='ltr'>urbes</span> <span class='ocrx_word' id='word_1_139' title='bbox 1560 936 1711 986; x_wconf 87' lang='lat' dir='ltr'>poten-</span> 
     </span>
     <span class='ocr_line' id='line_1_18' title="bbox 150 985 1713 1048; baseline -0.001 -20"><span class='ocrx_word' id='word_1_140' title='bbox 150 987 356 1038; x_wconf 87' lang='lat' dir='ltr'>tissimas,</span> <span class='ocrx_word' id='word_1_141' title='bbox 376 1001 472 1048; x_wconf 82' lang='lat' dir='ltr'>quae</span> <span class='ocrx_word' id='word_1_142' title='bbox 488 985 619 1027; x_wconf 91' lang='lat' dir='ltr'>huic</span> <span class='ocrx_word' id='word_1_143' title='bbox 609 1001 786 1042; x_wconf 82' lang='lat' dir='ltr'>lmperio</span> <span class='ocrx_word' id='word_1_144' title='bbox 809 986 992 1028; x_wconf 67' lang='lat' dir='ltr'>maxime</span> <span class='ocrx_word' id='word_1_145' title='bbox 1010 987 1295 1038; x_wconf 79' lang='lat' dir='ltr'>minabantur,</span> <span class='ocrx_word' id='word_1_146' title='bbox 1316 987 1621 1044; x_wconf 70' lang='lat' dir='ltr'>Carthaginem</span> <span class='ocrx_word' id='word_1_147' title='bbox 1649 993 1713 1027; x_wconf 84' lang='lat' dir='ltr'>at-</span> 
     </span>
     <span class='ocr_line' id='line_1_19' title="bbox 153 1042 1711 1100; baseline -0.001 -16"><span class='ocrx_word' id='word_1_148' title='bbox 153 1059 237 1100; x_wconf 90' lang='lat' dir='ltr'>que</span> <span class='ocrx_word' id='word_1_149' title='bbox 255 1042 545 1092; x_wconf 80' lang='lat' dir='ltr'>Numantiam,</span> <span class='ocrx_word' id='word_1_150' title='bbox 560 1043 612 1083; x_wconf 88' lang='lat' dir='ltr'>ab</span> <span class='ocrx_word' id='word_1_151' title='bbox 630 1043 781 1084; x_wconf 87' lang='lat' dir='ltr'>eodem</span> <span class='ocrx_word' id='word_1_152' title='bbox 795 1043 999 1099; x_wconf 83' lang='lat' dir='ltr'>Scipione</span> <span class='ocrx_word' id='word_1_153' title='bbox 1013 1059 1106 1085; x_wconf 84' lang='lat' dir='ltr'>esse</span> <span class='ocrx_word' id='word_1_154' title='bbox 1121 1044 1309 1084; x_wconf 86' lang='lat' dir='ltr'>deletas:</span> <span class='ocrx_word' id='word_1_155' title='bbox 1343 1059 1428 1085; x_wconf 89' lang='lat' dir='ltr'>non</span> <span class='ocrx_word' id='word_1_156' title='bbox 1449 1057 1711 1085; x_wconf 89' lang='lat' dir='ltr'>commemo-</span> 
     </span>
     <span class='ocr_line' id='line_1_20' title="bbox 152 1099 1710 1161; baseline -0.001 -21"><span class='ocrx_word' id='word_1_157' title='bbox 152 1100 270 1150; x_wconf 89' lang='lat' dir='ltr'>rabo,</span> <span class='ocrx_word' id='word_1_158' title='bbox 292 1114 441 1161; x_wconf 85' lang='lat' dir='ltr'>nuper</span> <span class='ocrx_word' id='word_1_159' title='bbox 444 1099 505 1140; x_wconf 85' lang='lat' dir='ltr'>ita</span> <span class='ocrx_word' id='word_1_160' title='bbox 523 1099 645 1140; x_wconf 87' lang='lat' dir='ltr'>vobis</span> <span class='ocrx_word' id='word_1_161' title='bbox 669 1099 946 1155; x_wconf 88' lang='lat' dir='ltr'>patribusque</span> <span class='ocrx_word' id='word_1_162' title='bbox 967 1100 1118 1141; x_wconf 84' lang='lat' dir='ltr'>vestris</span> <span class='ocrx_word' id='word_1_163' title='bbox 1139 1115 1233 1141; x_wconf 90' lang='lat' dir='ltr'>esse</span> <span class='ocrx_word' id='word_1_164' title='bbox 1249 1100 1401 1147; x_wconf 89' lang='lat' dir='ltr'>visum,</span> <span class='ocrx_word' id='word_1_165' title='bbox 1421 1106 1470 1140; x_wconf 89' lang='lat' dir='ltr'>ut</span> <span class='ocrx_word' id='word_1_166' title='bbox 1488 1100 1533 1139; x_wconf 90' lang='lat' dir='ltr'>in</span> <span class='ocrx_word' id='word_1_167' title='bbox 1553 1114 1638 1140; x_wconf 90' lang='lat' dir='ltr'>uno</span> <span class='ocrx_word' id='word_1_168' title='bbox 1661 1099 1710 1140; x_wconf 88' lang='lat' dir='ltr'>C.</span> 
     </span>
    </p>
   </div>
   <div class='ocr_carea' id='block_1_12' title="bbox 85 1155 1713 1260">
    <p class='ocr_par' dir='ltr' id='par_1_12' title="bbox 85 1155 1713 1260">
     <span class='ocr_line' id='line_1_21' title="bbox 85 1155 1713 1211; baseline 0 -15"><span class='ocrx_word' id='word_1_169' title='bbox 85 1159 141 1200; x_wconf 81' lang='lat'>20</span> <span class='ocrx_word' id='word_1_170' title='bbox 155 1156 295 1196; x_wconf 85' lang='lat' dir='ltr'>Mario</span> <span class='ocrx_word' id='word_1_171' title='bbox 313 1171 411 1211; x_wconf 89' lang='lat' dir='ltr'>spes</span> <span class='ocrx_word' id='word_1_172' title='bbox 432 1155 596 1210; x_wconf 86' lang='lat' dir='ltr'>imperii</span> <span class='ocrx_word' id='word_1_173' title='bbox 618 1162 868 1210; x_wconf 82' lang='lat' dir='ltr'>poneretui·</span> <span class='ocrx_word' id='word_1_174' title='bbox 859 1187 870 1207; x_wconf 89' lang='lat'>,</span> <span class='ocrx_word' id='word_1_175' title='bbox 901 1163 949 1196; x_wconf 90' lang='lat' dir='ltr'>ut</span> <span class='ocrx_word' id='word_1_176' title='bbox 968 1156 1082 1197; x_wconf 88' lang='lat' dir='ltr'>idem</span> <span class='ocrx_word' id='word_1_177' title='bbox 1111 1171 1208 1196; x_wconf 87' lang='lat' dir='ltr'>cum</span> <span class='ocrx_word' id='word_1_178' title='bbox 1227 1155 1457 1211; x_wconf 80' lang='lat' dir='ltr'>Jugurtha,</span> <span class='ocrx_word' id='word_1_179' title='bbox 1481 1155 1594 1197; x_wconf 91' lang='lat' dir='ltr'>idem</span> <span class='ocrx_word' id='word_1_180' title='bbox 1614 1170 1713 1196; x_wconf 89' lang='lat' dir='ltr'>cum</span> 
     </span>
     <span class='ocr_line' id='line_1_22' title="bbox 155 1211 1404 1260; baseline 0 -8"><span class='ocrx_word' id='word_1_181' title='bbox 155 1212 354 1260; x_wconf 89' lang='lat' dir='ltr'>Cimbris,</span> <span class='ocrx_word' id='word_1_182' title='bbox 376 1212 490 1252; x_wconf 91' lang='lat' dir='ltr'>idem</span> <span class='ocrx_word' id='word_1_183' title='bbox 513 1226 610 1252; x_wconf 89' lang='lat' dir='ltr'>cum</span> <span class='ocrx_word' id='word_1_184' title='bbox 630 1211 851 1260; x_wconf 90' lang='lat' dir='ltr'>Teutonis,</span> <span class='ocrx_word' id='word_1_185' title='bbox 884 1212 1046 1253; x_wconf 87' lang='lat' dir='ltr'>bellum</span> <span class='ocrx_word' id='word_1_186' title='bbox 1067 1212 1404 1253; x_wconf 84' lang='lat' dir='ltr'>administraret.</span> 
     </span>
    </p>
   </div>
   <div class='ocr_carea' id='block_1_13' title="bbox 1447 1212 1711 1268">
    <p class='ocr_par' dir='ltr' id='par_1_13' title="bbox 1447 1212 1711 1268">
     <span class='ocr_line' id='line_1_23' title="bbox 1447 1212 1711 1268; baseline 0 -15"><span class='ocrx_word' id='word_1_187' title='bbox 1447 1227 1490 1253; x_wconf 85' lang='lat' dir='ltr'>in</span> <span class='ocrx_word' id='word_1_188' title='bbox 1512 1212 1606 1268; x_wconf 88' lang='lat' dir='ltr'>ipso</span> <span class='ocrx_word' id='word_1_189' title='bbox 1629 1212 1711 1254; x_wconf 89' lang='lat' dir='ltr'>Cn.</span> 
     </span>
    </p>
   </div>
   <div class='ocr_carea' id='block_1_14' title="bbox 152 1267 1716 1437">
    <p class='ocr_par' dir='ltr' id='par_1_14' title="bbox 152 1267 1716 1437">
     <span class='ocr_line' id='line_1_24' title="bbox 154 1267 1714 1331; baseline -0.001 -22"><span class='ocrx_word' id='word_1_190' title='bbox 154 1268 411 1331; x_wconf 80' lang='lat' dir='ltr'>Pompeio,</span> <span class='ocrx_word' id='word_1_191' title='bbox 402 1283 444 1308; x_wconf 81' lang='lat' dir='ltr'>ln</span> <span class='ocrx_word' id='word_1_192' title='bbox 468 1283 552 1324; x_wconf 93' lang='lat' dir='ltr'>quo</span> <span class='ocrx_word' id='word_1_193' title='bbox 574 1267 674 1309; x_wconf 89' lang='lat' dir='ltr'>novi</span> <span class='ocrx_word' id='word_1_194' title='bbox 696 1267 902 1309; x_wconf 89' lang='lat' dir='ltr'>constitui</span> <span class='ocrx_word' id='word_1_195' title='bbox 924 1268 1029 1309; x_wconf 91' lang='grc'><strong>1111111</strong></span> <span class='ocrx_word' id='word_1_196' title='bbox 1051 1269 1140 1310; x_wconf 88' lang='lat' dir='ltr'>vult</span> <span class='ocrx_word' id='word_1_197' title='bbox 1161 1269 1215 1317; x_wconf 89' lang='lat' dir='ltr'>Q.</span> <span class='ocrx_word' id='word_1_198' title='bbox 1238 1268 1432 1319; x_wconf 87' lang='lat' dir='ltr'>Catulus,</span> <span class='ocrx_word' id='word_1_199' title='bbox 1456 1284 1584 1324; x_wconf 84' lang='lat' dir='ltr'>quam</span> <span class='ocrx_word' id='word_1_200' title='bbox 1605 1269 1714 1310; x_wconf 88' lang='lat' dir='ltr'>mul-</span> 
     </span>
     <span class='ocr_line' id='line_1_25' title="bbox 152 1323 1714 1388; baseline -0.001 -22"><span class='ocrx_word' id='word_1_201' title='bbox 152 1332 199 1366; x_wconf 83' lang='lat' dir='ltr'>ta</span> <span class='ocrx_word' id='word_1_202' title='bbox 215 1325 301 1366; x_wconf 89' lang='lat' dir='ltr'>sint</span> <span class='ocrx_word' id='word_1_203' title='bbox 320 1340 445 1388; x_wconf 81' lang='lat' dir='ltr'>nova,</span> <span class='ocrx_word' id='word_1_204' title='bbox 468 1339 719 1380; x_wconf 89' lang='lat' dir='ltr'>summaque</span> <span class='ocrx_word' id='word_1_205' title='bbox 742 1323 882 1365; x_wconf 90' lang='lat' dir='ltr'>Catuli</span> <span class='ocrx_word' id='word_1_206' title='bbox 904 1325 1123 1366; x_wconf 87' lang='lat' dir='ltr'>voluntate</span> <span class='ocrx_word' id='word_1_207' title='bbox 1145 1325 1394 1376; x_wconf 88' lang='lat' dir='ltr'>constituta,</span> <span class='ocrx_word' id='word_1_208' title='bbox 1417 1325 1714 1367; x_wconf 31' lang='lat' dir='ltr'>wecoidamini.</span> 
     </span>
     <span class='ocr_line' id='line_1_26' title="bbox 156 1381 1716 1437; baseline 0.001 -15"><span class='ocrx_word' id='word_1_209' title='bbox 156 1381 275 1430; x_wconf 86' lang='lat' dir='ltr'>Quid</span> <span class='ocrx_word' id='word_1_210' title='bbox 302 1382 412 1422; x_wconf 88' lang='lat' dir='ltr'>enim</span> <span class='ocrx_word' id='word_1_211' title='bbox 440 1388 528 1422; x_wconf 86' lang='lat' dir='ltr'>tam</span> <span class='ocrx_word' id='word_1_212' title='bbox 548 1395 722 1430; x_wconf 86' lang='lat' dir='ltr'>novum,</span> <span class='ocrx_word' id='word_1_213' title='bbox 744 1395 872 1436; x_wconf 84' lang='lat' dir='ltr'>quam</span> <span class='ocrx_word' id='word_1_214' title='bbox 900 1381 1268 1423; x_wconf 84' lang='lat' dir='ltr'>adolescentulum</span> <span class='ocrx_word' id='word_1_215' title='bbox 1296 1381 1716 1437; x_wconf 71' lang='lat' dir='ltr'>p1ivatumdexerci-</span> 
     </span>
    </p>
   </div>
   <div class='ocr_carea' id='block_1_15' title="bbox 87 1437 1580 1563">
    <p class='ocr_par' dir='ltr' id='par_1_15' title="bbox 87 1437 1580 1551">
     <span class='ocr_line' id='line_1_27' title="bbox 87 1437 1580 1507; baseline 0.001 -29"><span class='ocrx_word' id='word_1_216' title='bbox 87 1443 143 1485; x_wconf 74' lang='lat'>25</span> <span class='ocrx_word' id='word_1_217' title='bbox 156 1444 247 1479; x_wconf 82' lang='lat' dir='ltr'>tum</span> <span class='ocrx_word' id='word_1_218' title='bbox 284 1438 449 1480; x_wconf 87' lang='lat' dir='ltr'>difficili</span> <span class='ocrx_word' id='word_1_219' title='bbox 474 1437 733 1500; x_wconf 79' lang='lat' dir='ltr'>reipublicae</span> <span class='ocrx_word' id='word_1_220' title='bbox 743 1443 934 1507; x_wconf 87' lang='lat' dir='ltr'>tempore</span> <span class='ocrx_word' id='word_1_221' title='bbox 963 1439 1206 1480; x_wconf 78' lang='lat' dir='ltr'>conficeie?</span> <span class='ocrx_word' id='word_1_222' title='bbox 1239 1439 1448 1480; x_wconf 81' lang='lat' dir='ltr'>confecit:</span> <span class='ocrx_word' id='word_1_223' title='bbox 1479 1439 1580 1480; x_wconf 89' lang='lat' dir='ltr'>huic</span> 
     </span>
     <span class='ocr_line' id='line_1_28' title="bbox 156 1493 1430 1563; baseline -0.001 -27"><span class='ocrx_word' id='word_1_224' title='bbox 156 1494 284 1536; x_wconf 78' lang='lat' dir='ltr'>esse?</span> <span class='ocrx_word' id='word_1_225' title='bbox 313 1494 506 1550; x_wconf 82' lang='lat' dir='ltr'>praefuit:</span> <span class='ocrx_word' id='word_1_226' title='bbox 537 1509 626 1535; x_wconf 90' lang='lat' dir='ltr'>rem</span> <span class='ocrx_word' id='word_1_227' title='bbox 647 1493 807 1563; x_wconf 75' lang='lat' dir='ltr'>optime</span> <span class='ocrx_word' id='word_1_228' title='bbox 828 1496 960 1535; x_wconf 88' lang='lat' dir='ltr'>ductu</span> <span class='ocrx_word' id='word_1_229' title='bbox 977 1510 1054 1536; x_wconf 91' lang='lat' dir='ltr'>suo</span> <span class='ocrx_word' id='word_1_230' title='bbox 1077 1496 1252 1551; x_wconf 74' lang='lat' dir='ltr'>gerere?</span> <span class='ocrx_word' id='word_1_231' title='bbox 1284 1496 1430 1550; x_wconf 84' lang='lat' dir='ltr'>gessit.</span> 
     </span>
    </p>
   </div>
   <div class='ocr_carea' id='block_1_16' title="bbox 1490 1454 1716 1543">
    <p class='ocr_par' dir='ltr' id='par_1_16' title="bbox 1490 1454 1716 1543">
     <span class='ocr_line' id='line_1_29' title="bbox 1609 1454 1716 1494; baseline 0 -15"><span class='ocrx_word' id='word_1_232' title='bbox 1609 1454 1716 1494; x_wconf 86' lang='lat' dir='ltr'>prae-</span> 
     </span>
     <span class='ocr_line' id='line_1_30' title="bbox 1490 1495 1715 1543; baseline -0.004 -7"><span class='ocrx_word' id='word_1_233' title='bbox 1490 1495 1606 1543; x_wconf 90' lang='lat' dir='ltr'>Quid</span> <span class='ocrx_word' id='word_1_234' title='bbox 1627 1502 1715 1536; x_wconf 86' lang='lat' dir='ltr'>tam</span> 
     </span>
    </p>
   </div>
   <div class='ocr_carea' id='block_1_17' title="bbox 156 1550 1721 1665">
    <p class='ocr_par' dir='ltr' id='par_1_17' title="bbox 156 1550 1721 1665">
     <span class='ocr_line' id='line_1_31' title="bbox 156 1550 1718 1614; baseline 0 -22"><span class='ocrx_word' id='word_1_235' title='bbox 156 1558 310 1614; x_wconf 80' lang='lat' dir='ltr'>praeter</span> <span class='ocrx_word' id='word_1_236' title='bbox 330 1550 701 1601; x_wconf 88' lang='lat' dir='ltr'>consuetudinem,</span> <span class='ocrx_word' id='word_1_237' title='bbox 722 1565 851 1605; x_wconf 85' lang='lat' dir='ltr'>quam</span> <span class='ocrx_word' id='word_1_238' title='bbox 881 1551 1045 1591; x_wconf 89' lang='lat' dir='ltr'>homini</span> <span class='ocrx_word' id='word_1_239' title='bbox 1070 1551 1426 1614; x_wconf 81' lang='lat' dir='ltr'>peradolescenti,</span> <span class='ocrx_word' id='word_1_240' title='bbox 1459 1553 1583 1614; x_wconf 80' lang='lat' dir='ltr'>cujus</span> <span class='ocrx_word' id='word_1_241' title='bbox 1605 1566 1630 1592; x_wconf 86' lang='lat' dir='ltr'>a</span> <span class='ocrx_word' id='word_1_242' title='bbox 1651 1567 1718 1592; x_wconf 92' lang='lat' dir='ltr'>se-</span> 
     </span>
     <span class='ocr_line' id='line_1_32' title="bbox 157 1607 1721 1665; baseline 0 -17"><span class='ocrx_word' id='word_1_243' title='bbox 157 1607 324 1649; x_wconf 81' lang='lat' dir='ltr'>natoiio</span> <span class='ocrx_word' id='word_1_244' title='bbox 346 1608 481 1663; x_wconf 84' lang='lat' dir='ltr'>gradu</span> <span class='ocrx_word' id='word_1_245' title='bbox 500 1613 604 1648; x_wconf 82' lang='lat' dir='ltr'>aetas</span> <span class='ocrx_word' id='word_1_246' title='bbox 624 1607 754 1662; x_wconf 68' lang='lat' dir='ltr'>longe</span> <span class='ocrx_word' id='word_1_247' title='bbox 768 1607 953 1657; x_wconf 78' lang='lat' dir='ltr'>abesset,</span> <span class='ocrx_word' id='word_1_248' title='bbox 971 1607 1196 1663; x_wconf 81' lang='lat' dir='ltr'>imperium</span> <span class='ocrx_word' id='word_1_249' title='bbox 1216 1615 1345 1665; x_wconf 87' lang='lat' dir='ltr'>atque</span> <span class='ocrx_word' id='word_1_250' title='bbox 1362 1608 1596 1650; x_wconf 84' lang='lat' dir='ltr'>exelcitum</span> <span class='ocrx_word' id='word_1_251' title='bbox 1613 1608 1721 1660; x_wconf 83' lang='lat' dir='ltr'>dari,</span> 
     </span>
    </p>
   </div>
   <div class='ocr_carea' id='block_1_18' title="bbox 213 1732 528 1787">
    <p class='ocr_par' dir='ltr' id='par_1_18' title="bbox 213 1732 528 1787">
     <span class='ocr_line' id='line_1_33' title="bbox 213 1732 528 1787; baseline 0.003 -13"><span class='ocrx_word' id='word_1_252' title='bbox 213 1732 528 1787; x_wconf 46' lang='lat' dir='ltr'>”respondistis</span> 
     </span>
    </p>
   </div>
   <div class='ocr_carea' id='block_1_19' title="bbox 658 1733 1427 1788">
    <p class='ocr_par' dir='ltr' id='par_1_19' title="bbox 658 1733 1427 1788">
     <span class='ocr_line' id='line_1_34' title="bbox 658 1733 1427 1788; baseline 0.005 -17"><span class='ocrx_word' id='word_1_253' title='bbox 658 1733 778 1773; x_wconf 66' lang='lat' dir='ltr'>‘clam</span> <span class='ocrx_word' id='word_1_254' title='bbox 799 1734 1056 1775; x_wconf 73' lang='lat' dir='ltr'>immortales</span> <span class='ocrx_word' id='word_1_255' title='bbox 1075 1736 1136 1775; x_wconf 71' lang='lat' dir='ltr'>dii</span> <span class='ocrx_word' id='word_1_256' title='bbox 1152 1737 1427 1788; x_wconf 71' lang='lat' dir='ltr'>permittunt.</span> 
     </span>
    </p>
   </div>
   <div class='ocr_carea' id='block_1_20' title="bbox 1553 1733 1720 1787">
    <p class='ocr_par' dir='ltr' id='par_1_20' title="bbox 1553 1733 1720 1787">
     <span class='ocr_line' id='line_1_35' title="bbox 1553 1733 1720 1787; baseline 0.006 -13"><span class='ocrx_word' id='word_1_257' title='bbox 1553 1733 1720 1787; x_wconf 74' lang='lat' dir='ltr'>deogere</span> 
     </span>
    </p>
   </div>
   <div class='ocr_carea' id='block_1_21' title="bbox 158 1789 1210 1846">
    <p class='ocr_par' dir='ltr' id='par_1_21' title="bbox 158 1789 1210 1846">
     <span class='ocr_line' id='line_1_36' title="bbox 158 1789 1210 1846; baseline 0.001 -14"><span class='ocrx_word' id='word_1_258' title='bbox 158 1793 391 1832; x_wconf 75' lang='lat' dir='ltr'>eoeercz&#39;tmn</span> <span class='ocrx_word' id='word_1_259' title='bbox 410 1797 591 1844; x_wconf 76' lang='lat' dir='ltr'>tempore</span> <span class='ocrx_word' id='word_1_260' title='bbox 610 1789 812 1831; x_wconf 61' lang='lat' dir='ltr'>bellov-mn</span> <span class='ocrx_word' id='word_1_261' title='bbox 824 1792 1015 1831; x_wconf 62' lang='lat' dir='ltr'>civilium«</span> <span class='ocrx_word' id='word_1_262' title='bbox 1027 1793 1210 1846; x_wconf 76' lang='lat' dir='ltr'>Reipub.</span> 
     </span>
    </p>
   </div>
   <div class='ocr_carea' id='block_1_22' title="bbox 160 1914 921 2842">
    <p class='ocr_par' dir='ltr' id='par_1_22' title="bbox 160 1914 916 1990">
     <span class='ocr_line' id='line_1_37' title="bbox 160 1914 916 1956; baseline -0.001 -11"><span class='ocrx_word' id='word_1_263' title='bbox 160 1925 224 1951; x_wconf 81' lang='lat' dir='ltr'>sus,</span> <span class='ocrx_word' id='word_1_264' title='bbox 236 1914 297 1946; x_wconf 72' lang='lat' dir='ltr'>una</span> <span class='ocrx_word' id='word_1_265' title='bbox 313 1926 388 1947; x_wconf 82' lang='lat' dir='ltr'>voce</span> <span class='ocrx_word' id='word_1_266' title='bbox 403 1915 613 1956; x_wconf 84' lang='lat' dir='ltr'>respondisse,</span> <span class='ocrx_word' id='word_1_267' title='bbox 642 1922 668 1945; x_wconf 81' lang='lat' dir='ltr'>te</span> <span class='ocrx_word' id='word_1_268' title='bbox 685 1916 799 1955; x_wconf 79' lang='lat' dir='ltr'>ipsum5</span> <span class='ocrx_word' id='word_1_269' title='bbox 823 1914 916 1955; x_wconf 65' lang='lat' dir='ltr'>quare</span> 
     </span>
     <span class='ocr_line' id='line_1_38' title="bbox 161 1958 537 1990; baseline 0.008 -3"><span class='ocrx_word' id='word_1_270' title='bbox 161 1958 317 1989; x_wconf 81' lang='lat' dir='ltr'>destitisse</span> <span class='ocrx_word' id='word_1_271' title='bbox 331 1959 488 1990; x_wconf 80' lang='lat' dir='ltr'>Catulum.</span> <span class='ocrx_word' id='word_1_272' title='bbox 534 1988 537 1990; x_wconf 75' lang='grc'><strong>,</strong></span> 
     </span>
    </p>

    <p class='ocr_par' dir='ltr' id='par_1_23' title="bbox 161 1999 920 2255">
     <span class='ocr_line' id='line_1_39' title="bbox 206 1999 916 2041; baseline -0.001 -10"><span class='ocrx_word' id='word_1_273' title='bbox 206 2003 259 2031; x_wconf 80' lang='grc'>13.</span> <span class='ocrx_word' id='word_1_274' title='bbox 300 2001 415 2040; x_wconf 80' lang='lat' dir='ltr'>Semper</span> <span class='ocrx_word' id='word_1_275' title='bbox 429 2003 460 2031; x_wconf 80' lang='lat' dir='ltr'>in</span> <span class='ocrx_word' id='word_1_276' title='bbox 472 2000 567 2041; x_wconf 59' lang='lat' dir='ltr'>pacm]</span> <span class='ocrx_word' id='word_1_277' title='bbox 614 1999 726 2032; x_wconf 83' lang='lat' dir='ltr'>Refert</span> <span class='ocrx_word' id='word_1_278' title='bbox 751 2000 791 2030; x_wconf 89' lang='lat' dir='ltr'>de</span> <span class='ocrx_word' id='word_1_279' title='bbox 813 1999 916 2030; x_wconf 85' lang='lat' dir='ltr'>Mario</span> 
     </span>
     <span class='ocr_line' id='line_1_40' title="bbox 161 2042 917 2084; baseline -0.001 -11"><span class='ocrx_word' id='word_1_280' title='bbox 161 2043 306 2074; x_wconf 80' lang='lat' dir='ltr'>Valerius</span> <span class='ocrx_word' id='word_1_281' title='bbox 346 2044 434 2074; x_wconf 89' lang='lat' dir='ltr'>Max.</span> <span class='ocrx_word' id='word_1_282' title='bbox 465 2043 561 2084; x_wconf 61' lang='lat' dir='ltr'>quud,</span> <span class='ocrx_word' id='word_1_283' title='bbox 600 2042 682 2078; x_wconf 71' lang='lat' dir='ltr'>cum,</span> <span class='ocrx_word' id='word_1_284' title='bbox 719 2048 829 2083; x_wconf 84' lang='lat' dir='ltr'>praeter</span> <span class='ocrx_word' id='word_1_285' title='bbox 860 2043 917 2073; x_wconf 86' lang='lat' dir='ltr'>soe-</span> 
     </span>
     <span class='ocr_line' id='line_1_41' title="bbox 163 2086 917 2126; baseline -0.001 -10"><span class='ocrx_word' id='word_1_286' title='bbox 163 2086 244 2116; x_wconf 85' lang='lat' dir='ltr'>deris</span> <span class='ocrx_word' id='word_1_287' title='bbox 260 2086 356 2126; x_wconf 83' lang='lat' dir='ltr'>leges,</span> <span class='ocrx_word' id='word_1_288' title='bbox 372 2088 448 2116; x_wconf 86' lang='lat' dir='ltr'>duas</span> <span class='ocrx_word' id='word_1_289' title='bbox 463 2088 604 2116; x_wconf 86' lang='lat' dir='ltr'>cohortes</span> <span class='ocrx_word' id='word_1_290' title='bbox 619 2086 745 2116; x_wconf 83' lang='lat' dir='ltr'>civitate</span> <span class='ocrx_word' id='word_1_291' title='bbox 758 2086 917 2122; x_wconf 63' lang='lat' dir='ltr'>donasset,</span> 
     </span>
     <span class='ocr_line' id='line_1_42' title="bbox 163 2129 915 2170; baseline -0.001 -12"><span class='ocrx_word' id='word_1_292' title='bbox 163 2134 258 2169; x_wconf 79' lang='lat' dir='ltr'>atque</span> <span class='ocrx_word' id='word_1_293' title='bbox 273 2129 437 2169; x_wconf 64' lang='lat' dir='ltr'>propterea}</span> <span class='ocrx_word' id='word_1_294' title='bbox 452 2135 638 2170; x_wconf 80' lang='lat' dir='ltr'>argueretur,</span> <span class='ocrx_word' id='word_1_295' title='bbox 654 2129 867 2168; x_wconf 78' lang='lat' dir='ltr'>responderet,</span> <span class='ocrx_word' id='word_1_296' title='bbox 884 2139 915 2158; x_wconf 81' lang='lat' dir='ltr'>se</span> 
     </span>
     <span class='ocr_line' id='line_1_43' title="bbox 162 2170 920 2213; baseline 0.001 -13"><span class='ocrx_word' id='word_1_297' title='bbox 162 2171 244 2201; x_wconf 84' lang='lat' dir='ltr'>inter</span> <span class='ocrx_word' id='word_1_298' title='bbox 266 2181 416 2202; x_wconf 88' lang='lat' dir='ltr'>annorum</span> <span class='ocrx_word' id='word_1_299' title='bbox 437 2172 596 2213; x_wconf 81' lang='lat' dir='ltr'>strepitum</span> <span class='ocrx_word' id='word_1_300' title='bbox 612 2172 705 2202; x_wconf 79' lang='lat' dir='ltr'>verba</span> <span class='ocrx_word' id='word_1_301' title='bbox 722 2170 800 2211; x_wconf 89' lang='lat' dir='ltr'>juris</span> <span class='ocrx_word' id='word_1_302' title='bbox 824 2171 920 2201; x_wconf 89' lang='lat' dir='ltr'>civilis</span> 
     </span>
     <span class='ocr_line' id='line_1_44' title="bbox 164 2215 513 2255; baseline 0.006 -12"><span class='ocrx_word' id='word_1_303' title='bbox 164 2215 273 2244; x_wconf 83' lang='lat' dir='ltr'>audire</span> <span class='ocrx_word' id='word_1_304' title='bbox 288 2225 349 2244; x_wconf 87' lang='lat' dir='ltr'>non</span> <span class='ocrx_word' id='word_1_305' title='bbox 363 2215 513 2255; x_wconf 85' lang='lat' dir='ltr'>potuisse.</span> 
     </span>
    </p>

    <p class='ocr_par' dir='ltr' id='par_1_24' title="bbox 163 2255 921 2722">
     <span class='ocr_line' id='line_1_45' title="bbox 209 2255 919 2298; baseline 0.006 -13"><span class='ocrx_word' id='word_1_306' title='bbox 209 2259 261 2288; x_wconf 86' lang='lat'>15.</span> <span class='ocrx_word' id='word_1_307' title='bbox 284 2257 431 2287; x_wconf 79' lang='lat' dir='ltr'>Punicum</span> <span class='ocrx_word' id='word_1_308' title='bbox 458 2264 485 2287; x_wconf 82' lang='lat' dir='ltr'>et</span> <span class='ocrx_word' id='word_1_309' title='bbox 519 2257 658 2298; x_wconf 62' lang='lat' dir='ltr'>Hispan]</span> <span class='ocrx_word' id='word_1_310' title='bbox 706 2257 786 2287; x_wconf 89' lang='lat' dir='ltr'>Pub.</span> <span class='ocrx_word' id='word_1_311' title='bbox 813 2255 919 2297; x_wconf 90' lang='lat' dir='ltr'>Scipio</span> 
     </span>
     <span class='ocr_line' id='line_1_46' title="bbox 164 2299 921 2340; baseline 0.003 -12"><span class='ocrx_word' id='word_1_312' title='bbox 164 2299 365 2336; x_wconf 81' lang='lat' dir='ltr'>AEmilianus,</span> <span class='ocrx_word' id='word_1_313' title='bbox 399 2300 470 2331; x_wconf 72' lang='lat' dir='ltr'>cuni</span> <span class='ocrx_word' id='word_1_314' title='bbox 507 2305 625 2330; x_wconf 80' lang='lat' dir='ltr'>tantuin</span> <span class='ocrx_word' id='word_1_315' title='bbox 660 2300 839 2330; x_wconf 82' lang='lat' dir='ltr'>aedilitateni</span> <span class='ocrx_word' id='word_1_316' title='bbox 865 2312 921 2340; x_wconf 86' lang='lat' dir='ltr'>pe-</span> 
     </span>
     <span class='ocr_line' id='line_1_47' title="bbox 163 2343 920 2379; baseline 0.005 -8"><span class='ocrx_word' id='word_1_317' title='bbox 163 2346 256 2379; x_wconf 81' lang='lat' dir='ltr'>teret,</span> <span class='ocrx_word' id='word_1_318' title='bbox 274 2349 305 2372; x_wconf 87' lang='lat' dir='ltr'>et</span> <span class='ocrx_word' id='word_1_319' title='bbox 320 2347 392 2373; x_wconf 88' lang='lat' dir='ltr'>ante</span> <span class='ocrx_word' id='word_1_320' title='bbox 409 2344 520 2372; x_wconf 82' lang='lat' dir='ltr'>deceni</span> <span class='ocrx_word' id='word_1_321' title='bbox 537 2353 634 2372; x_wconf 88' lang='lat' dir='ltr'>annos</span> <span class='ocrx_word' id='word_1_322' title='bbox 649 2343 714 2372; x_wconf 88' lang='lat' dir='ltr'>fieri</span> <span class='ocrx_word' id='word_1_323' title='bbox 736 2343 842 2373; x_wconf 87' lang='lat' dir='ltr'>consul</span> <span class='ocrx_word' id='word_1_324' title='bbox 858 2354 920 2375; x_wconf 88' lang='lat' dir='ltr'>non</span> 
     </span>
     <span class='ocr_line' id='line_1_48' title="bbox 164 2385 919 2425; baseline 0.005 -12"><span class='ocrx_word' id='word_1_325' title='bbox 164 2390 282 2424; x_wconf 83' lang='lat' dir='ltr'>posset,</span> <span class='ocrx_word' id='word_1_326' title='bbox 307 2391 392 2415; x_wconf 77' lang='lat' dir='ltr'>extra</span> <span class='ocrx_word' id='word_1_327' title='bbox 410 2385 493 2425; x_wconf 83' lang='lat' dir='ltr'>leges</span> <span class='ocrx_word' id='word_1_328' title='bbox 507 2385 614 2415; x_wconf 83' lang='lat' dir='ltr'>consul</span> <span class='ocrx_word' id='word_1_329' title='bbox 640 2385 737 2415; x_wconf 82' lang='lat' dir='ltr'>sactus</span> <span class='ocrx_word' id='word_1_330' title='bbox 759 2391 815 2421; x_wconf 83' lang='lat' dir='ltr'>est,</span> <span class='ocrx_word' id='word_1_331' title='bbox 833 2392 864 2415; x_wconf 89' lang='lat' dir='ltr'>et</span> <span class='ocrx_word' id='word_1_332' title='bbox 888 2389 919 2418; x_wconf 89' lang='lat' dir='ltr'>in</span> 
     </span>
     <span class='ocr_line' id='line_1_49' title="bbox 163 2426 918 2467; baseline 0.004 -11"><span class='ocrx_word' id='word_1_333' title='bbox 163 2426 302 2457; x_wconf 82' lang='lat' dir='ltr'>Africani</span> <span class='ocrx_word' id='word_1_334' title='bbox 316 2428 435 2462; x_wconf 79' lang='lat' dir='ltr'>missus,</span> <span class='ocrx_word' id='word_1_335' title='bbox 459 2427 511 2457; x_wconf 90' lang='lat' dir='ltr'>ubi</span> <span class='ocrx_word' id='word_1_336' title='bbox 535 2427 756 2467; x_wconf 84' lang='lat' dir='ltr'>Carthaginem</span> <span class='ocrx_word' id='word_1_337' title='bbox 780 2428 918 2459; x_wconf 80' lang='lat' dir='ltr'>delevit:</span> 
     </span>
     <span class='ocr_line' id='line_1_50' title="bbox 164 2469 921 2510; baseline 0.004 -11"><span class='ocrx_word' id='word_1_338' title='bbox 164 2470 280 2500; x_wconf 88' lang='lat' dir='ltr'>deinde</span> <span class='ocrx_word' id='word_1_339' title='bbox 304 2469 323 2499; x_wconf 66' lang='lat' dir='ltr'>:i</span> <span class='ocrx_word' id='word_1_340' title='bbox 344 2475 462 2506; x_wconf 85' lang='lat' dir='ltr'>senatu,</span> <span class='ocrx_word' id='word_1_341' title='bbox 485 2470 666 2510; x_wconf 85' lang='lat' dir='ltr'>populoque</span> <span class='ocrx_word' id='word_1_342' title='bbox 692 2470 784 2500; x_wconf 86' lang='lat' dir='ltr'>Rom.</span> <span class='ocrx_word' id='word_1_343' title='bbox 811 2477 921 2510; x_wconf 62' lang='lat' dir='ltr'>praeter</span> 
     </span>
     <span class='ocr_line' id='line_1_51' title="bbox 163 2511 921 2553; baseline 0.007 -12"><span class='ocrx_word' id='word_1_344' title='bbox 163 2511 262 2552; x_wconf 85' lang='lat' dir='ltr'>leges,</span> <span class='ocrx_word' id='word_1_345' title='bbox 287 2513 397 2552; x_wconf 88' lang='lat' dir='ltr'>quibus</span> <span class='ocrx_word' id='word_1_346' title='bbox 427 2520 551 2543; x_wconf 80' lang='lat' dir='ltr'>cautum</span> <span class='ocrx_word' id='word_1_347' title='bbox 578 2517 653 2548; x_wconf 88' lang='lat' dir='ltr'>erat,</span> <span class='ocrx_word' id='word_1_348' title='bbox 676 2523 715 2542; x_wconf 92' lang='lat' dir='ltr'>ne</span> <span class='ocrx_word' id='word_1_349' title='bbox 741 2513 821 2553; x_wconf 86' lang='lat' dir='ltr'>quis,</span> <span class='ocrx_word' id='word_1_350' title='bbox 849 2521 921 2546; x_wconf 86' lang='lat' dir='ltr'>ante</span> 
     </span>
     <span class='ocr_line' id='line_1_52' title="bbox 165 2555 921 2595; baseline 0.005 -11"><span class='ocrx_word' id='word_1_351' title='bbox 165 2555 273 2585; x_wconf 81' lang='lat' dir='ltr'>deceni</span> <span class='ocrx_word' id='word_1_352' title='bbox 287 2565 382 2585; x_wconf 83' lang='lat' dir='ltr'>annos</span> <span class='ocrx_word' id='word_1_353' title='bbox 398 2561 468 2595; x_wconf 86' lang='lat' dir='ltr'>post</span> <span class='ocrx_word' id='word_1_354' title='bbox 479 2561 598 2595; x_wconf 87' lang='lat' dir='ltr'>gestum</span> <span class='ocrx_word' id='word_1_355' title='bbox 614 2556 817 2591; x_wconf 83' lang='lat' dir='ltr'>consulatum,</span> <span class='ocrx_word' id='word_1_356' title='bbox 834 2558 921 2588; x_wconf 85' lang='lat' dir='ltr'>fieret</span> 
     </span>
     <span class='ocr_line' id='line_1_53' title="bbox 164 2597 916 2640; baseline 0.005 -13"><span class='ocrx_word' id='word_1_357' title='bbox 164 2598 269 2627; x_wconf 89' lang='lat' dir='ltr'>consul</span> <span class='ocrx_word' id='word_1_358' title='bbox 297 2597 418 2633; x_wconf 73' lang='lat' dir='ltr'>iterum,</span> <span class='ocrx_word' id='word_1_359' title='bbox 437 2599 483 2628; x_wconf 80' lang='lat' dir='ltr'>vel</span> <span class='ocrx_word' id='word_1_360' title='bbox 501 2599 614 2628; x_wconf 84' lang='lat' dir='ltr'>invitus</span> <span class='ocrx_word' id='word_1_361' title='bbox 636 2603 755 2628; x_wconf 80' lang='lat' dir='ltr'>creatus</span> <span class='ocrx_word' id='word_1_362' title='bbox 775 2604 843 2636; x_wconf 79' lang='lat' dir='ltr'>est3</span> <span class='ocrx_word' id='word_1_363' title='bbox 873 2606 916 2640; x_wconf 88' lang='lat' dir='ltr'>et,</span> 
     </span>
     <span class='ocr_line' id='line_1_54' title="bbox 163 2641 917 2680; baseline 0.007 -11"><span class='ocrx_word' id='word_1_364' title='bbox 163 2649 245 2669; x_wconf 90' lang='lat' dir='ltr'>anno</span> <span class='ocrx_word' id='word_1_365' title='bbox 266 2648 375 2680; x_wconf 85' lang='lat' dir='ltr'>quarto</span> <span class='ocrx_word' id='word_1_366' title='bbox 397 2641 518 2671; x_wconf 86' lang='lat' dir='ltr'>decimo</span> <span class='ocrx_word' id='word_1_367' title='bbox 537 2646 608 2680; x_wconf 75' lang='lat' dir='ltr'>post</span> <span class='ocrx_word' id='word_1_368' title='bbox 629 2641 763 2671; x_wconf 82' lang='lat' dir='ltr'>excisam</span> <span class='ocrx_word' id='word_1_369' title='bbox 789 2641 917 2675; x_wconf 79' lang='lat' dir='ltr'>Cartha-</span> 
     </span>
     <span class='ocr_line' id='line_1_55' title="bbox 164 2682 600 2722; baseline 0 -10"><span class='ocrx_word' id='word_1_370' title='bbox 164 2682 305 2722; x_wconf 40' lang='lat' dir='ltr'>ginemffi</span> <span class='ocrx_word' id='word_1_371' title='bbox 291 2682 492 2713; x_wconf 80' lang='lat' dir='ltr'>Numantiam</span> <span class='ocrx_word' id='word_1_372' title='bbox 505 2683 600 2722; x_wconf 85' lang='lat' dir='ltr'>cepit.</span> 
     </span>
    </p>

    <p class='ocr_par' dir='ltr' id='par_1_25' title="bbox 162 2725 918 2842">
     <span class='ocr_line' id='line_1_56' title="bbox 208 2725 918 2768; baseline 0.006 -13"><span class='ocrx_word' id='word_1_373' title='bbox 208 2728 258 2756; x_wconf 85' lang='lat'>19.</span> <span class='ocrx_word' id='word_1_374' title='bbox 287 2725 327 2756; x_wconf 84' lang='lat' dir='ltr'>Ut</span> <span class='ocrx_word' id='word_1_375' title='bbox 342 2728 374 2755; x_wconf 83' lang='lat' dir='ltr'>in</span> <span class='ocrx_word' id='word_1_376' title='bbox 387 2736 445 2756; x_wconf 79' lang='lat' dir='ltr'>uno</span> <span class='ocrx_word' id='word_1_377' title='bbox 462 2725 585 2765; x_wconf 61' lang='lat' dir='ltr'>Maria]</span> <span class='ocrx_word' id='word_1_378' title='bbox 625 2725 729 2757; x_wconf 86' lang='lat' dir='ltr'>Mario</span> <span class='ocrx_word' id='word_1_379' title='bbox 744 2737 800 2766; x_wconf 86' lang='lat' dir='ltr'>per</span> <span class='ocrx_word' id='word_1_380' title='bbox 814 2728 918 2768; x_wconf 75' lang='lat' dir='ltr'>plures</span> 
     </span>
     <span class='ocr_line' id='line_1_57' title="bbox 162 2768 918 2813; baseline 0.007 -16"><span class='ocrx_word' id='word_1_381' title='bbox 162 2778 258 2798; x_wconf 85' lang='lat' dir='ltr'>annos</span> <span class='ocrx_word' id='word_1_382' title='bbox 280 2774 459 2809; x_wconf 83' lang='lat' dir='ltr'>prorogatus</span> <span class='ocrx_word' id='word_1_383' title='bbox 474 2774 520 2800; x_wconf 88' lang='lat' dir='ltr'>est</span> <span class='ocrx_word' id='word_1_384' title='bbox 539 2768 729 2810; x_wconf 80' lang='lat' dir='ltr'>consulatus,</span> <span class='ocrx_word' id='word_1_385' title='bbox 751 2781 822 2800; x_wconf 81' lang='lat' dir='ltr'>nain</span> <span class='ocrx_word' id='word_1_386' title='bbox 847 2781 918 2813; x_wconf 82' lang='lat' dir='ltr'>sep-</span> 
     </span>
     <span class='ocr_line' id='line_1_58' title="bbox 162 2806 425 2842; baseline 0.008 -2"><span class='ocrx_word' id='word_1_387' title='bbox 162 2806 221 2842; x_wconf 68' lang='lat' dir='ltr'>tfes</span> <span class='ocrx_word' id='word_1_388' title='bbox 236 2810 343 2842; x_wconf 90' lang='lat' dir='ltr'>consul</span> <span class='ocrx_word' id='word_1_389' title='bbox 356 2812 425 2842; x_wconf 84' lang='lat' dir='ltr'>fuit.</span> 
     </span>
    </p>
   </div>
   <div class='ocr_carea' id='block_1_23' title="bbox 960 1914 1723 2813">
    <p class='ocr_par' dir='ltr' id='par_1_26' title="bbox 960 1914 1721 2077">
     <span class='ocr_line' id='line_1_59' title="bbox 1006 1914 1721 1957; baseline -0.001 -11"><span class='ocrx_word' id='word_1_390' title='bbox 1006 1919 1057 1946; x_wconf 68' lang='lat'>90.</span> <span class='ocrx_word' id='word_1_391' title='bbox 1105 1916 1177 1946; x_wconf 84' lang='lat' dir='ltr'>Cum</span> <span class='ocrx_word' id='word_1_392' title='bbox 1207 1915 1386 1957; x_wconf 64' lang='lat' dir='ltr'>Jugurthd]</span> <span class='ocrx_word' id='word_1_393' title='bbox 1435 1915 1620 1956; x_wconf 72' lang='lat' dir='ltr'>Jugurtham</span> <span class='ocrx_word' id='word_1_394' title='bbox 1646 1914 1721 1946; x_wconf 87' lang='lat' dir='ltr'>vicit</span> 
     </span>
     <span class='ocr_line' id='line_1_60' title="bbox 961 1958 1717 1999; baseline 0.001 -12"><span class='ocrx_word' id='word_1_395' title='bbox 961 1958 1093 1994; x_wconf 85' lang='lat' dir='ltr'>Marius,</span> <span class='ocrx_word' id='word_1_396' title='bbox 1110 1965 1142 1989; x_wconf 89' lang='lat' dir='ltr'>et</span> <span class='ocrx_word' id='word_1_397' title='bbox 1157 1959 1243 1989; x_wconf 80' lang='lat' dir='ltr'>duxit</span> <span class='ocrx_word' id='word_1_398' title='bbox 1256 1960 1288 1988; x_wconf 91' lang='lat' dir='ltr'>in</span> <span class='ocrx_word' id='word_1_399' title='bbox 1303 1959 1490 1999; x_wconf 86' lang='lat' dir='ltr'>triumphum</span> <span class='ocrx_word' id='word_1_400' title='bbox 1509 1969 1578 1989; x_wconf 87' lang='lat' dir='ltr'>cum</span> <span class='ocrx_word' id='word_1_401' title='bbox 1597 1959 1717 1988; x_wconf 87' lang='lat' dir='ltr'>duobus</span> 
     </span>
     <span class='ocr_line' id='line_1_61' title="bbox 960 2001 1719 2043; baseline -0.001 -12"><span class='ocrx_word' id='word_1_402' title='bbox 960 2001 1044 2038; x_wconf 87' lang='lat' dir='ltr'>filiis,</span> <span class='ocrx_word' id='word_1_403' title='bbox 1074 2002 1126 2043; x_wconf 88' lang='lat' dir='ltr'>qui</span> <span class='ocrx_word' id='word_1_404' title='bbox 1154 2012 1260 2032; x_wconf 84' lang='lat' dir='ltr'>omnes</span> <span class='ocrx_word' id='word_1_405' title='bbox 1287 2002 1318 2032; x_wconf 91' lang='lat' dir='ltr'>in</span> <span class='ocrx_word' id='word_1_406' title='bbox 1343 2011 1465 2032; x_wconf 86' lang='lat' dir='ltr'>carcere</span> <span class='ocrx_word' id='word_1_407' title='bbox 1480 2001 1591 2042; x_wconf 62' lang='lat' dir='ltr'>postea</span> <span class='ocrx_word' id='word_1_408' title='bbox 1614 2001 1719 2032; x_wconf 89' lang='lat' dir='ltr'>necati</span> 
     </span>
     <span class='ocr_line' id='line_1_62' title="bbox 962 2050 1045 2077; baseline 0 -3"><span class='ocrx_word' id='word_1_409' title='bbox 962 2050 1045 2077; x_wconf 89' lang='lat' dir='ltr'>sunt.</span> 
     </span>
    </p>

    <p class='ocr_par' dir='ltr' id='par_1_27' title="bbox 961 2085 1720 2298">
     <span class='ocr_line' id='line_1_63' title="bbox 1004 2085 1718 2127; baseline 0 -10"><span class='ocrx_word' id='word_1_410' title='bbox 1004 2087 1052 2117; x_wconf 86' lang='lat' dir='ltr'>Ib.</span> <span class='ocrx_word' id='word_1_411' title='bbox 1104 2086 1177 2116; x_wconf 82' lang='lat' dir='ltr'>Cum</span> <span class='ocrx_word' id='word_1_412' title='bbox 1207 2086 1356 2126; x_wconf 54' lang='lat' dir='ltr'>Cimbris]</span> <span class='ocrx_word' id='word_1_413' title='bbox 1403 2086 1521 2117; x_wconf 86' lang='lat' dir='ltr'>Cimbri</span> <span class='ocrx_word' id='word_1_414' title='bbox 1551 2085 1718 2127; x_wconf 65' lang='lat' dir='ltr'>saepissime</span> 
     </span>
     <span class='ocr_line' id='line_1_64' title="bbox 961 2128 1718 2170; baseline -0.001 -11"><span class='ocrx_word' id='word_1_415' title='bbox 961 2128 1120 2160; x_wconf 87' lang='lat' dir='ltr'>Romanos</span> <span class='ocrx_word' id='word_1_416' title='bbox 1143 2129 1292 2160; x_wconf 79' lang='lat' dir='ltr'>exercitus</span> <span class='ocrx_word' id='word_1_417' title='bbox 1315 2130 1466 2165; x_wconf 84' lang='lat' dir='ltr'>vicerunt,</span> <span class='ocrx_word' id='word_1_418' title='bbox 1488 2130 1589 2170; x_wconf 87' lang='lat' dir='ltr'>captis</span> <span class='ocrx_word' id='word_1_419' title='bbox 1613 2140 1718 2160; x_wconf 86' lang='lat' dir='ltr'>corum</span> 
     </span>
     <span class='ocr_line' id='line_1_65' title="bbox 965 2172 1720 2211; baseline -0.001 -9"><span class='ocrx_word' id='word_1_420' title='bbox 965 2173 1116 2211; x_wconf 86' lang='lat' dir='ltr'>ducibus;</span> <span class='ocrx_word' id='word_1_421' title='bbox 1141 2178 1173 2202; x_wconf 84' lang='lat' dir='ltr'>at</span> <span class='ocrx_word' id='word_1_422' title='bbox 1201 2172 1268 2202; x_wconf 86' lang='lat' dir='ltr'>illos</span> <span class='ocrx_word' id='word_1_423' title='bbox 1298 2172 1418 2202; x_wconf 86' lang='lat' dir='ltr'>Marius</span> <span class='ocrx_word' id='word_1_424' title='bbox 1445 2173 1568 2202; x_wconf 82' lang='lat' dir='ltr'>tandem</span> <span class='ocrx_word' id='word_1_425' title='bbox 1599 2172 1720 2202; x_wconf 90' lang='lat' dir='ltr'>duobus</span> 
     </span>
     <span class='ocr_line' id='line_1_66' title="bbox 964 2215 1720 2255; baseline -0.001 -10"><span class='ocrx_word' id='word_1_426' title='bbox 964 2215 1079 2255; x_wconf 84' lang='lat' dir='ltr'>proeliis</span> <span class='ocrx_word' id='word_1_427' title='bbox 1095 2216 1186 2249; x_wconf 85' lang='lat' dir='ltr'>fudit,</span> <span class='ocrx_word' id='word_1_428' title='bbox 1211 2215 1243 2244; x_wconf 88' lang='lat' dir='ltr'>in</span> <span class='ocrx_word' id='word_1_429' title='bbox 1263 2215 1375 2255; x_wconf 84' lang='lat' dir='ltr'>quibus</span> <span class='ocrx_word' id='word_1_430' title='bbox 1393 2225 1473 2245; x_wconf 88' lang='lat' dir='ltr'>caesa</span> <span class='ocrx_word' id='word_1_431' title='bbox 1491 2220 1563 2245; x_wconf 90' lang='lat' dir='ltr'>sunt</span> <span class='ocrx_word' id='word_1_432' title='bbox 1586 2215 1720 2245; x_wconf 86' lang='lat' dir='ltr'>hostium</span> 
     </span>
     <span class='ocr_line' id='line_1_67' title="bbox 966 2257 1573 2298; baseline 0 -11"><span class='ocrx_word' id='word_1_433' title='bbox 966 2258 1101 2289; x_wconf 87' lang='lat' dir='ltr'>ducenta</span> <span class='ocrx_word' id='word_1_434' title='bbox 1117 2257 1222 2294; x_wconf 89' lang='lat' dir='ltr'>millia,</span> <span class='ocrx_word' id='word_1_435' title='bbox 1239 2262 1271 2287; x_wconf 92' lang='lat' dir='ltr'>et</span> <span class='ocrx_word' id='word_1_436' title='bbox 1285 2263 1377 2298; x_wconf 81' lang='lat' dir='ltr'>capta</span> <span class='ocrx_word' id='word_1_437' title='bbox 1391 2258 1573 2297; x_wconf 81' lang='lat' dir='ltr'>nonaginta.</span> 
     </span>
    </p>

    <p class='ocr_par' dir='ltr' id='par_1_28' title="bbox 964 2300 1721 2512">
     <span class='ocr_line' id='line_1_68' title="bbox 1009 2300 1721 2341; baseline -0.003 -10"><span class='ocrx_word' id='word_1_438' title='bbox 1009 2304 1061 2331; x_wconf 73' lang='lat'>91.</span> <span class='ocrx_word' id='word_1_439' title='bbox 1129 2301 1203 2330; x_wconf 79' lang='lat' dir='ltr'>Cum</span> <span class='ocrx_word' id='word_1_440' title='bbox 1228 2300 1387 2341; x_wconf 65' lang='lat' dir='ltr'>Teutonis]</span> <span class='ocrx_word' id='word_1_441' title='bbox 1454 2300 1612 2336; x_wconf 82' lang='lat' dir='ltr'>Teutonis,</span> <span class='ocrx_word' id='word_1_442' title='bbox 1650 2303 1721 2340; x_wconf 85' lang='lat' dir='ltr'>post</span> 
     </span>
     <span class='ocr_line' id='line_1_69' title="bbox 965 2343 1720 2384; baseline -0.004 -11"><span class='ocrx_word' id='word_1_443' title='bbox 965 2343 1134 2380; x_wconf 70' lang='lat' dir='ltr'>victoriam,</span> <span class='ocrx_word' id='word_1_444' title='bbox 1164 2343 1281 2374; x_wconf 85' lang='lat' dir='ltr'>Cimbri</span> <span class='ocrx_word' id='word_1_445' title='bbox 1307 2354 1338 2374; x_wconf 86' lang='lat' dir='ltr'>se</span> <span class='ocrx_word' id='word_1_446' title='bbox 1365 2345 1549 2384; x_wconf 84' lang='lat' dir='ltr'>junxerunt:</span> <span class='ocrx_word' id='word_1_447' title='bbox 1574 2343 1630 2373; x_wconf 87' lang='lat' dir='ltr'>sed</span> <span class='ocrx_word' id='word_1_448' title='bbox 1657 2347 1720 2371; x_wconf 85' lang='lat' dir='ltr'>tam</span> 
     </span>
     <span class='ocr_line' id='line_1_70' title="bbox 965 2386 1721 2427; baseline -0.001 -12"><span class='ocrx_word' id='word_1_449' title='bbox 965 2386 1094 2426; x_wconf 71' lang='lat' dir='ltr'>gloriose</span> <span class='ocrx_word' id='word_1_450' title='bbox 1111 2397 1163 2416; x_wconf 85' lang='lat' dir='ltr'>eos</span> <span class='ocrx_word' id='word_1_451' title='bbox 1179 2386 1299 2416; x_wconf 85' lang='lat' dir='ltr'>Marius</span> <span class='ocrx_word' id='word_1_452' title='bbox 1319 2386 1485 2427; x_wconf 84' lang='lat' dir='ltr'>superavit,</span> <span class='ocrx_word' id='word_1_453' title='bbox 1507 2392 1540 2415; x_wconf 84' lang='lat' dir='ltr'>ut</span> <span class='ocrx_word' id='word_1_454' title='bbox 1556 2396 1637 2416; x_wconf 76' lang='lat' dir='ltr'>caesa</span> <span class='ocrx_word' id='word_1_455' title='bbox 1660 2390 1721 2414; x_wconf 78' lang='lat' dir='ltr'>tra-</span> 
     </span>
     <span class='ocr_line' id='line_1_71' title="bbox 965 2429 1721 2470; baseline -0.001 -12"><span class='ocrx_word' id='word_1_456' title='bbox 965 2431 1078 2459; x_wconf 89' lang='lat' dir='ltr'>dantur</span> <span class='ocrx_word' id='word_1_457' title='bbox 1103 2435 1230 2459; x_wconf 84' lang='lat' dir='ltr'>centum</span> <span class='ocrx_word' id='word_1_458' title='bbox 1260 2429 1465 2470; x_wconf 80' lang='lat' dir='ltr'>quadraginta</span> <span class='ocrx_word' id='word_1_459' title='bbox 1495 2429 1602 2465; x_wconf 81' lang='lat' dir='ltr'>millia,</span> <span class='ocrx_word' id='word_1_460' title='bbox 1628 2432 1721 2469; x_wconf 84' lang='lat' dir='ltr'>capta</span> 
     </span>
     <span class='ocr_line' id='line_1_72' title="bbox 964 2472 1135 2512; baseline 0 -11"><span class='ocrx_word' id='word_1_461' title='bbox 964 2472 1135 2512; x_wconf 76' lang='lat' dir='ltr'>sexaginta.</span> 
     </span>
    </p>

    <p class='ocr_par' dir='ltr' id='par_1_29' title="bbox 964 2512 1719 2640">
     <span class='ocr_line' id='line_1_73' title="bbox 1007 2512 1719 2555; baseline -0.003 -11"><span class='ocrx_word' id='word_1_462' title='bbox 1007 2517 1058 2544; x_wconf 71' lang='lat'>24.</span> <span class='ocrx_word' id='word_1_463' title='bbox 1084 2514 1360 2555; x_wconf 72' lang='lat' dir='ltr'>Adolescentulum.]</span> <span class='ocrx_word' id='word_1_464' title='bbox 1388 2514 1508 2555; x_wconf 85' lang='lat' dir='ltr'>Viginti</span> <span class='ocrx_word' id='word_1_465' title='bbox 1524 2518 1583 2543; x_wconf 83' lang='lat' dir='ltr'>tres</span> <span class='ocrx_word' id='word_1_466' title='bbox 1599 2512 1719 2543; x_wconf 70' lang='lat' dir='ltr'>tantum</span> 
     </span>
     <span class='ocr_line' id='line_1_74' title="bbox 964 2556 1718 2597; baseline -0.001 -11"><span class='ocrx_word' id='word_1_467' title='bbox 964 2567 1059 2587; x_wconf 88' lang='lat' dir='ltr'>annos</span> <span class='ocrx_word' id='word_1_468' title='bbox 1080 2563 1168 2587; x_wconf 86' lang='lat' dir='ltr'>natus</span> <span class='ocrx_word' id='word_1_469' title='bbox 1185 2563 1260 2592; x_wconf 83' lang='lat' dir='ltr'>crat,</span> <span class='ocrx_word' id='word_1_470' title='bbox 1287 2557 1357 2587; x_wconf 66' lang='lat' dir='ltr'>csnn</span> <span class='ocrx_word' id='word_1_471' title='bbox 1372 2558 1403 2587; x_wconf 90' lang='lat' dir='ltr'>in</span> <span class='ocrx_word' id='word_1_472' title='bbox 1427 2567 1500 2597; x_wconf 84' lang='lat' dir='ltr'>agro</span> <span class='ocrx_word' id='word_1_473' title='bbox 1524 2556 1642 2586; x_wconf 79' lang='lat' dir='ltr'>Piceno</span> <span class='ocrx_word' id='word_1_474' title='bbox 1658 2561 1718 2586; x_wconf 86' lang='lat' dir='ltr'>tres</span> 
     </span>
     <span class='ocr_line' id='line_1_75' title="bbox 964 2598 1665 2640; baseline -0.003 -11"><span class='ocrx_word' id='word_1_475' title='bbox 964 2600 1158 2640; x_wconf 82' lang='lat' dir='ltr'>comparavit</span> <span class='ocrx_word' id='word_1_476' title='bbox 1174 2599 1310 2639; x_wconf 82' lang='lat' dir='ltr'>legiones</span> <span class='ocrx_word' id='word_1_477' title='bbox 1326 2610 1334 2636; x_wconf 91' lang='lat'>;</span> <span class='ocrx_word' id='word_1_478' title='bbox 1358 2601 1396 2630; x_wconf 91' lang='lat' dir='ltr'>de</span> <span class='ocrx_word' id='word_1_479' title='bbox 1409 2610 1470 2639; x_wconf 80' lang='lat' dir='ltr'>quo</span> <span class='ocrx_word' id='word_1_480' title='bbox 1483 2598 1547 2639; x_wconf 89' lang='lat' dir='ltr'>jam</span> <span class='ocrx_word' id='word_1_481' title='bbox 1562 2598 1665 2639; x_wconf 72' lang='lat' dir='ltr'>supra.</span> 
     </span>
    </p>

    <p class='ocr_par' dir='ltr' id='par_1_30' title="bbox 961 2640 1723 2813">
     <span class='ocr_line' id='line_1_76' title="bbox 1005 2640 1723 2682; baseline -0.004 -9"><span class='ocrx_word' id='word_1_482' title='bbox 1005 2644 1058 2673; x_wconf 76' lang='lat'>28.</span> <span class='ocrx_word' id='word_1_483' title='bbox 1082 2642 1166 2672; x_wconf 70' lang='grc' dir='ltr'><strong><em>,Ἑΐαε</em></strong></span> <span class='ocrx_word' id='word_1_484' title='bbox 1196 2642 1278 2682; x_wconf 74' lang='lat' dir='ltr'>longe}</span> <span class='ocrx_word' id='word_1_485' title='bbox 1302 2643 1431 2682; x_wconf 55' lang='lat' dir='ltr'>abesset]</span> <span class='ocrx_word' id='word_1_486' title='bbox 1479 2642 1530 2671; x_wconf 89' lang='lat' dir='ltr'>De</span> <span class='ocrx_word' id='word_1_487' title='bbox 1555 2652 1593 2671; x_wconf 89' lang='lat' dir='ltr'>eo</span> <span class='ocrx_word' id='word_1_488' title='bbox 1616 2640 1723 2671; x_wconf 87' lang='lat' dir='ltr'>scribit</span> 
     </span>
     <span class='ocr_line' id='line_1_77' title="bbox 961 2683 1721 2724; baseline -0.003 -9"><span class='ocrx_word' id='word_1_489' title='bbox 961 2685 1156 2721; x_wconf 83' lang='lat' dir='ltr'>Plutarchus,</span> <span class='ocrx_word' id='word_1_490' title='bbox 1180 2685 1270 2715; x_wconf 75' lang='lat' dir='ltr'>facile</span> <span class='ocrx_word' id='word_1_491' title='bbox 1292 2685 1323 2715; x_wconf 88' lang='lat' dir='ltr'>in</span> <span class='ocrx_word' id='word_1_492' title='bbox 1347 2690 1487 2715; x_wconf 83' lang='lat' dir='ltr'>senatum</span> <span class='ocrx_word' id='word_1_493' title='bbox 1512 2684 1650 2724; x_wconf 83' lang='lat' dir='ltr'>potuisse</span> <span class='ocrx_word' id='word_1_494' title='bbox 1667 2683 1721 2713; x_wconf 87' lang='lat' dir='ltr'>ad-</span> 
     </span>
     <span class='ocr_line' id='line_1_78' title="bbox 963 2726 1722 2768; baseline -0.004 -9"><span class='ocrx_word' id='word_1_495' title='bbox 963 2729 1054 2759; x_wconf 87' lang='lat' dir='ltr'>scribi</span> <span class='ocrx_word' id='word_1_496' title='bbox 1087 2734 1159 2758; x_wconf 77' lang='lat' dir='ltr'>ante</span> <span class='ocrx_word' id='word_1_497' title='bbox 1191 2734 1336 2765; x_wconf 82' lang='lat' dir='ltr'>aetatem;</span> <span class='ocrx_word' id='word_1_498' title='bbox 1368 2729 1422 2758; x_wconf 91' lang='lat' dir='ltr'>sed</span> <span class='ocrx_word' id='word_1_499' title='bbox 1467 2727 1524 2757; x_wconf 86' lang='lat' dir='ltr'>sibi</span> <span class='ocrx_word' id='word_1_500' title='bbox 1561 2726 1722 2768; x_wconf 85' lang='lat' dir='ltr'>gloriosius</span> 
     </span>
     <span class='ocr_line' id='line_1_79' title="bbox 963 2770 1612 2813; baseline 0.003 -12"><span class='ocrx_word' id='word_1_501' title='bbox 963 2772 1097 2807; x_wconf 79' lang='lat' dir='ltr'>duxisse,</span> <span class='ocrx_word' id='word_1_502' title='bbox 1113 2771 1138 2802; x_wconf 83' lang='lat' dir='ltr'>si</span> <span class='ocrx_word' id='word_1_503' title='bbox 1152 2770 1271 2802; x_wconf 74' lang='lat' dir='ltr'>tantuin</span> <span class='ocrx_word' id='word_1_504' title='bbox 1288 2781 1383 2813; x_wconf 86' lang='lat' dir='ltr'>eques</span> <span class='ocrx_word' id='word_1_505' title='bbox 1399 2770 1612 2813; x_wconf 85' lang='lat' dir='ltr'>triumpharet.</span> 
     </span>
    </p>
   </div>
  </div>
 </body>
</html>
