1790 3090
54 151 55 154 Ἴ
103 176 193 231 4332
811 173 1078 209 PHILIPPICA
1100 174 1153 208 11.

179 267 262 311 que
285 253 442 312 eripuit
461 252 584 296 vobis
608 251 840 294 Antonius.
880 252 1138 309 *Auctoritas
1159 249 1286 308 hujus
1308 249 1470 293 ordinis
1487 251 1648 297 afflicta
1663 254 1754 298 est?

177 312 339 353 afflixit
359 311 592 353 Antonius.
653 309 812 351 Omnia
849 309 1050 365 denique,
1087 323 1184 365 quae
1218 307 1372 365 postea
1398 307 1597 361 vidimus,
1628 312 1751 368 (quid

168 376 327 420 *autem
363 367 464 409 mali
500 381 586 408 non
620 364 848 417 vidimus‘l)
881 366 917 407 si
948 365 1064 406 recte
1096 365 1456 416 ratiocinabimun
1478 365 1552 407 uni
1573 374 1754 423 accepta.
1781 403 1783 406 .

174 425 412 465 referemus
431 423 636 466 Antonio.
689 423 752 463 Ut
768 422 933 463 Helena
948 421 1156 477 TrojaniS,
1179 421 1243 463 sic
1264 421 1346 463 iste
1367 422 1468 463 huic
1488 423 1751 478 reipublicae,

0 513 2 517 ,
75 514 80 518 .
99 480 156 522 55
175 495 308 522 causa.
329 481 447 532 belli,
470 495 601 523 causa
620 479 756 535 pestis
778 485 908 535 atque
932 478 1053 519 exitii
1075 478 1169 519 fuit.
1228 477 1423 534 Reliquae
1455 485 1597 535 partes
1622 479 1752 522 tribu-

0 506 115 610 ΚΧ
172 536 299 578 natus
336 538 548 593 principio
582 536 769 578 similes:
803 535 947 577 omnia
977 534 1171 590 perfecit,
1204 549 1299 590 quae
1322 541 1512 586 senatus,
1543 536 1664 577 salva
1687 551 1751 578 re-

171 593 367 649 publica,
383 610 435 636 ne
450 594 539 635 fieri
556 600 746 650 possent,
764 600 790 616 ¹¹¹
802 592 1057 648 perfecerat:
1081 592 1147 646 cuj
1155 606 1204 632 us
1219 598 1364 631 tamen
1379 592 1519 633 scelus
1533 591 1575 632 in
1589 593 1751 635 scelere

172 650 455 707 cognoscite).
492 650 768 692 Restituebat
799 649 957 690 multos
981 648 1274 698 calamitosos,
1306 647 1350 688 in
1379 647 1445 689 his
1475 649 1612 705 patrui
1635 650 1750 692 nulla

171 708 356 750 mentio:
389 709 425 749 si
462 722 649 759 severus,
685 721 759 748 cur
778 720 866 747 non
889 705 932 746 in
958 704 1134 746 omnes?
1167 704 1203 745 si
1224 703 1483 756 misericors,
1505 720 1580 747 cur
1598 720 1684 747 non
1703 706 1750 748 in

97 764 155 807 60
172 764 299 805 suos?
332 764 419 806 Sed
437 765 590 806 omitto
609 770 802 805 eaeteros:
836 761 1050 803 Licinium
1061 760 1338 802 Denticulam
1355 761 1408 802 de
1425 761 1531 813 alea,
1549 762 1749 804 condem-
1755 776 1790 818 55>

156 827 333 872 natum,
349 823 608 863 collusorem
628 835 764 870 suum,
788 818 976 861 restituit
995 818 1138 874 (quasi
1155 819 1255 859 vero
1271 818 1416 859 ludere
1431 833 1529 859 cum
1548 819 1750 861 condem-

169 884 271 918 nato
296 892 381 918 non
403 877 594 930 liceret);
627 877 796 917 scilicet
817 882 878 927 ut,
901 875 1018 930 quod
1049 874 1094 915 in
1123 874 1213 916 alea
1245 874 1503 930 perdiderat,
1534 875 1746 918 beneficio

171 933 283 989 legis
305 933 577 976 dissolveret.
637 933 778 980 Quam
798 931 983 972 attulisti
1003 931 1214 971 rationem
1241 932 1416 992 POPRLO,
1429 930 1642 985 Romano,
1673 947 1749 974 cur

171 1003 280 1047 eunr
299 990 467 1032 restitui
501 988 745 1045 oporteret?
778 988 1002 1028 absentem
1032 988 1198 1039 (credo)
1234 987 1278 1027 in
1304 986 1623 1041 reos-relatum3
1654 1003 1744 1031 rem

97 1045 334 1101 (iamdicta
351 1046 485 1089 causti
498 1046 762 1103 judicatam3
786 1045 952 1084 nullum
972 1041 1120 1092 fuisse,
1138 1043 1191 1083 de
1209 1043 1319 1094 alea,
1336 1044 1432 1099 lege
1447 1044 1683 1099 judicium3
1702 1046 1745 1087 vi

123 1125 131 1135 «
167 1114 424 1159 oppressum
443 1111 487 1145 et
503 1102 654 1153 armis3
674 1100 905 1158 postremo,
926 1100 1063 1156 (quod
1081 1099 1133 1140 de
1155 1106 1306 1154 patruo
1323 1106 1398 1141 tuo
1417 1100 1657 1153 dicebatur)
1672 1116 1746 1158 pe-

161 1160 302 1211 cunia
325 1161 542 1216 judicium
573 1174 667 1200 esse
696 1164 955 1213 corruptum.
1018 1156 1138 1197 Nihil
1157 1156 1324 1197 horum.
1383 1156 1444 1198 At
1461 1157 1523 1198 vir
1542 1158 1680 1200 bonus
1701 1165 1745 1201 et

169 1216 391 1272 republica
413 1217 587 1274 dignus.
647 1214 768 1256 Nihil
789 1214 832 1255 id
853 1213 1028 1270 quidem
1050 1213 1105 1253 ad
1127 1227 1234 1253 rem:
1258 1227 1339 1269 ego
1361 1218 1519 1265 tamen,
1541 1214 1746 1270 quoniam

171 1274 508 1316 condemnatum
529 1288 623 1316 esse
645 1286 722 1329 pro
743 1271 878 1312 nihilo
911 1277 991 1322 est,
1023 1269 1059 1311 si
1091 1269 1152 1310 ita
1183 1278 1313 1321 esset,
1344 1269 1639 1325 ignoscerem3
1670 1272 1746 1314 ho-

96 1331 155 1374 70
172 1330 330 1372 minem
362 1331 555 1373 omnium
575 1328 904 1386 nequissimum,
936 1326 1010 1384 qui
1038 1341 1126 1367 non
1147 1326 1361 1368 dubitaret
1379 1328 1446 1367 vel
1466 1327 1511 1367 in
1532 1327 1624 1370 foro
1646 1329 1744 1371 alea

170 1387 330 1439 ludere,
361 1388 472 1444 lege,
504 1402 600 1444 quae
635 1393 703 1428 est
733 1386 786 1427 de
817 1384 928 1437 alea,
961 1384 1311 1435 condemnatum,
1343 1384 1418 1439 qui
1439 1383 1484 1436 in
1505 1385 1744 1441 nintegrum

171 1444 374 1494 restituit,
396 1445 432 1486 is
453 1460 540 1486 non
563 1439 831 1500 apertissime
853 1441 1043 1483 studium
1066 1455 1189 1481 suum
1211 1439 1302 1496 ipse
1324 1441 1573 1497 profitetur?
1605 1442 1656 1483 In
1673 1456 1743 1483 eo-

170 1500 270 1543 dem
290 1501 390 1546 vero
412 1502 644 1552 tribunatu,
668 1501 767 1542 cum
788 1498 949 1552 Caesar,
969 1497 1013 1539 in
1035 1496 1291 1554 Hispaniam
1311 1496 1608 1554 proficiscens,
1638 1498 1742 1541 huic

386 1679 414 1723 ‚¹²³
427 1678 623 1717 vetuerat
641 1686 697 1716 oze
711 1673 893 1729 fierent.

214 1878 267 1909 54.
292 1877 408 1910 Helena
426 1877 584 1919 Trqjanis]
628 1878 766 1916 Helena,
791 1874 933 1918 Tyndari

170 1920 246 1957 filia,
261 1926 350 1962 rapta
366 1922 384 1951 a
398 1921 521 1952 Theseo
541 1926 608 1960 est3
631 1927 664 1953 et
680 1921 698 1952 a
714 1922 776 1951 suis
790 1919 934 1950 fratribus

169 1968 306 2005 recepta,
337 1964 488 1995 Menelao
518 1965 645 2004 nupsit3
683 1964 789 1994 verum
824 1961 934 1992 iterum

169 2012 261 2047 rapta
285 2007 434 2038 &Paride
458 2007 521 2037 filio
549 2007 678 2042 Priami,
710 2005 784 2036 belli
808 2004 936 2045 Trojani

170 2049 366 2080 occasionem
391 2050 502 2080 dedit:
526 2050 570 2079 ita
591 2049 760 2085 Antonius,
784 2047 890 2088 pulsus
913 2047 930 2077 ἐ

169 2092 255 2123 curia
272 2098 304 2122 et
320 2092 475 2133 profectus
499 2093 539 2123 ad
557 2092 724 2128 Caesarem,
747 2091 840 2121 totius
854 2089 931 2120 belli

170 2135 272 2166 civilis
297 2142 403 2166 auctor
428 2136 497 2172 fuit,
521 2146 575 2166 seu
592 2135 694 2176 potiris
713 2135 829 2166 Caesari
845 2143 931 2164 suam

170 2177 321 2219 explendi
337 2178 512 2209 dominatus
529 2178 736 2219 cupiditatem
754 2177 853 2208 dedit.

212 2223 266 2252 57.
288 2221 384 2252 Scelus
397 2221 570 2262 inscelere]
616 2221 720 2252 Vocat
743 2220 932 2251 tribunatum

168 2263 301 2295 Antonii
318 2265 430 2302 scelus,
445 2265 517 2307 quia
531 2264 677 2295 venditus
691 2264 802 2300 fuerat,
817 2268 849 2294 et
864 2273 934 2304 par-

170 2312 218 2338 tus
234 2308 362 2340 scelere.
649 2335 652 2338 .

212 2351 265 2380 58.
292 2351 401 2381 Patrai
423 2351 510 2381 mella
525 2351 657 2391 mentia]
703 2349 741 2381 C.
758 2348 927 2388 Antonius,

169 2393 292 2432 collega
310 2394 467 2424 Ciceronis
487 2394 520 2424 in
540 2394 715 2429 consulatu,
737 2393 931 2433 repetunda-

168 2446 236 2466 rum
247 2436 483 2472 condemnatus,
496 2437 530 2466 in
541 2437 682 2467 exsilium
696 2436 832 2473 abierat3
848 2436 929 2465 huuc

153 2513 156 2515 .
170 2485 276 2509 autem
293 2489 354 2508 non
368 2479 510 2515 restituit,
527 2481 581 2509 sed
595 2479 809 2510 Denticulam.

211 2523 264 2552 61.
291 2521 461 2552 Collusorem
483 2522 597 2562 summ]
655 2522 736 2552 Cum
757 2519 929 2552 Denticula

166 2563 323 2596 Antonius
338 2564 408 2595 alea
423 2564 530 2595 solitus
546 2564 734 2595 fuitludere.

210 2608 259 2639 ΙΙ).
288 2608 378 2642 Quasi
389 2606 482 2648 verb]
519 2607 640 2638 Festive
651 2607 729 2638 ridet
741 2605 927 2642 Antonium,

167 2652 220 2692 qui
235 2652 391 2683 hominem
414 2660 548 2691 nequam
567 2655 599 2680 et
618 2650 802 2680 sceleratum
818 2650 857 2680 ab
872 2660 926 2679 ex-

164 2694 234 2724 silio
251 2694 415 2730 revocavit,
430 2698 465 2723 ut
478 2703 548 2723 cunr
563 2703 601 2723 eo
623 2693 754 2724 luderet.

207 2739 261 2770 62.
288 2737 428 2776 Beneficio
439 2737 508 2778 legis
522 2737 710 2777 dissolveret]
746 2734 924 2766 Misericors

1066 1670 1328 1724 ¹¹]2ristz‘num
1348 1673 1527 1712 statum.

978 1874 1080 1918 legem
1097 1876 1137 1907 de
1156 1876 1238 1907 illius
1260 1874 1454 1907 restitutione
1480 1875 1562 1916 tulit,
1586 1881 1631 1914 ut,
1653 1877 1739 1918 quod

978 1919 1011 1949 in
1026 1918 1096 1949 alea
1112 1919 1310 1961 perdidisset,
1326 1918 1437 1950 iterum
1457 1919 1615 1951 restitutus
1639 1920 1741 1951 lucra-

978 1967 1071 1992 retur.

1024 2006 1076 2035 64.
1099 2005 1263 2040 Absentem,
1278 2003 1386 2044 ereda]
1427 2004 1532 2046 Fingit
1554 2015 1664 2036 causas
1681 2005 1742 2037 iro-

974 2046 1056 2084 nice,
1080 2058 1133 2078 cur
1156 2048 1316 2078 absentem
1332 2047 1535 2080 Denticulam
1561 2048 1739 2081 restituerit.

976 2093 1007 2120 1.
1032 2089 1145 2131 ltaque
1166 2101 1259 2121 causa
1282 2090 1341 2120 fuit
1363 2090 1429 2132 ejus
1452 2091 1612 2130 absentia;
1633 2102 1738 2133 neque

976 2133 1058 2163 enim
1072 2135 1140 2174 quis
1153 2134 1262 2164 absens
1278 2134 1494 2165 damnabatur.
1516 2136 1546 2165 2.
1559 2134 1662 2166 Causa
1671 2144 1736 2166 non

976 2176 1093 2207 audita.
1138 2179 1170 2208 3.
1193 2176 1258 2207 Lex
1284 2177 1369 2208 nulla
1391 2177 1455 2208 lata
1468 2177 1527 2207 fuit
1541 2177 1582 2208 ad
1596 2188 1666 2209 eum
1681 2188 1736 2209 ac-

977 2220 1147 2250 cusandum
1160 2224 1192 2249 et
1208 2220 1436 2259 damnandum3
1459 2230 1562 2261 neque
1575 2221 1659 2252 enim
1670 2220 1736 2252 sin&

976 2262 1047 2303 lege
1063 2263 1132 2304 quis
1148 2263 1285 2294 accusari
1302 2267 1335 2293 et
1349 2262 1489 2294 damnari
1504 2268 1639 2304 poterat.

1015 2307 1069 2336 ¹71.
1093 2305 1180 2347 Lege,
1206 2316 1267 2347 quae
1288 2311 1330 2336 est
1350 2307 1385 2336 de
1406 2305 1498 2346 alexi]
1552 2306 1589 2336 L.
1615 2305 1735 2337 corne-

972 2347 1030 2379 lius
1047 2348 1135 2391 Sylla
1149 2349 1253 2388 legem
1270 2349 1352 2385 tulit,
1373 2359 1412 2379 ne
1433 2349 1503 2390 quis
1517 2348 1551 2379 in
1566 2349 1732 2390 pecuniam

975 2390 1110 2428 luderet,
1125 2392 1362 2432 sponsionemve
1376 2392 1408 2422 in
1423 2391 1510 2433 ludo,
1523 2391 1581 2422 nisi
1597 2392 1651 2432 qui
1665 2402 1734 2423 cor-

975 2434 1057 2475 poris
1082 2435 1245 2466 exercendi
1271 2434 1366 2466 causa
1388 2439 1547 2475 susceptus
1571 2437 1664 2470 esset,
1685 2435 1732 2465 fa·

972 2483 1078 2514 ceret,·
1108 2478 1206 2508 veluti
1233 2475 1333 2514 hasra,
1357 2477 1460 2518 pilove
1476 2476 1638 2518 jaciendo,
1660 2487 1730 2507 cur-

972 2521 1079 2556 rendo,
1096 2521 1246 2557 saliendo,
1262 2520 1422 2557 luctando,
1437 2520 1620 2561 pugnando.
1642 2519 1732 2551 Mar-

970 2562 1051 2593 cian.
1068 2563 1088 2592 l,
1106 2565 1135 2594 3.
1152 2563 1195 2595 D.
1213 2565 1253 2594 de
1268 2563 1348 2594 alea.

1014 2607 1067 2636 73.
1093 2606 1166 2636 Cvzm
1194 2607 1290 2637 Coesar
1315 2609 1348 2637 in
1374 2605 1574 2647 Hispaniam]
1613 2605 1731 2644 Caesar,

968 2648 1160 2690 profecturus
1182 2649 1214 2679 in
1228 2649 1426 2689 Hispaniam,
1449 2648 1616 2689 antequam
1633 2649 1730 2687 Pom-

968 2691 1074 2733 peium
1098 2698 1277 2732 sequeretur
1293 2692 1372 2722 ultra
1389 2702 1483 2728 mare,
1507 2691 1630 2732 Lepido
1646 2702 1726 2734 prae-

146 2770 152 2773 .
968 2734 1026 2765 tori
1042 2735 1170 2770 Urbem,
1196 2734 1333 2765 Antonio
1349 2736 1470 2766 tribuno
1486 2735 1586 2776 plebis
1601 2735 1725 2768 Italiam
1751 2747 1790 2775 *νζ

162 2779 222 2812 fuit
247 2781 280 2814 in
296 2780 497 2820 Denticulam
511 2778 668 2819 Antonius
676 2790 687 2821 3
714 2789 787 2819 uam
807 2778 923 2820 idcirco
968 2783 1000 2811 et
1013 2783 1125 2812 caetera
1149 2778 1307 2821 praesidia,
1324 2778 1493 2816 commisit,
1511 2778 1565 2811 ubi
1580 2770 1727 2823 multassl'i-
1768 2776 1790 2804 ⁵·-

1753 2718 1788 2742 ζμ
