1838 3017
702 184 766 219 Dr:
795 182 1065 217 sensero-re.
1576 179 1662 223 480

84 259 258 317 quidem
272 260 412 304 hostis
425 259 586 303 honore
599 261 827 316 sepulturoe
841 274 982 302 carere
994 271 1146 316 passus
1160 263 1249 309 est;
1271 255 1348 298 sed
1361 255 1551 311 legiones
1569 271 1644 298 no-

83 325 193 360 stras
216 319 352 375 (quod
382 318 533 374 scripsi
564 317 608 359 in
631 318 900 370 Originibus)
920 317 961 357 in
984 331 1080 358 eum
1112 330 1224 370 saepe
1254 315 1399 356 locum
1428 313 1643 368 profectas

86 375 217 417 alacri
239 376 382 418 animo
403 382 447 416 et
465 382 623 425 erecto,
647 375 759 416 unde
780 389 825 416 se
847 387 1065 428 nunquam
1094 372 1301 415 redituras
1329 369 1644 412 arbitrarentur.

85 430 216 480 Quod
248 432 381 488 igitur
410 432 723 482 adolescentes,
744 439 787 473 et
817 430 845 471 ii
877 430 1050 486 quidem
1081 443 1168 470 non
1198 428 1337 470 solum
1368 425 1546 476 indocti,
1566 427 1644 469 sed

82 487 212 530 etiam
232 488 397 539 rustici,
419 496 715 540 contemnunt,
736 488 780 529 id
801 487 920 530 docti
942 501 1066 529 senes
1087 483 1398 528 extimescent?
1436 481 1640 534 Omnino,

79 550 129 586 ut
148 543 253 586 mihi
274 545 448 601 quidem
468 545 649 596 videtur,
672 544 911 587 studiorum
928 542 1116 584 omnium
1138 541 1315 583 satietas
1332 539 1431 581 vitae
1447 538 1552 579 facit
1573 553 1642 580 sa-

79 600 290 643 tietatem.
349 601 461 643 Sunt
488 601 679 658 pueritiae
700 608 816 644 certa
846 600 1008 642 studia:
1040 614 1142 640 num
1172 597 1302 653 igitur
1322 611 1372 637 ea
1394 594 1640 638 desiderant

78 657 399 700 adolescentes?
432 659 540 700 Sunt
557 666 600 700 et
614 658 799 701 ineuntis
813 655 1134 698 adolescentiae:
1152 669 1255 695 num
1267 668 1318 694 ea
1333 658 1536 694 constans
1546 653 1640 705 jam

78 714 255 770 requirit
273 722 395 767 aetas,
417 731 511 772 quae
531 715 673 757 media
693 714 879 756 dicitur?
939 712 1050 753 Sunt
1070 712 1200 753 etiam
1229 710 1355 764 hujus
1386 707 1551 758 aetatis;
1583 722 1637 748 ne

79 784 131 812 ea
150 771 328 827 quidem
347 779 594 828 quaeruntur
613 770 640 812 a
661 775 895 813 senectute.
939 768 1049 809 Sunt
1070 774 1260 809 extrema
1280 765 1473 821 quaedam
1495 763 1639 806 studia

77 828 329 870 senectutis.
389 828 518 884 Ergo,
540 834 589 869 ut
607 827 872 883 superiorum
892 831 1066 869 aetatum
1087 823 1230 866 studia.
1247 822 1461 872 occidunt,
1480 820 1543 862 sic
1565 835 1636 862 oc-

78 883 231 926 cidunt
260 885 390 926 etiam
420 884 679 926 senectutis:
711 882 826 940 quod
844 881 940 924 cum
961 881 1116 933 evenit,
1138 881 1313 923 satietas
1334 878 1433 922 vitae
1463 884 1634 934 tempus

77 946 292 982 maturum
310 941 458 983 mortis
480 940 616 983 affert.

134 996 264 1039 XXI.
297 997 514 1054 Equidem
544 1012 631 1039 non
658 996 798 1047 video,
822 1010 910 1047 cur,
933 995 1037 1053 quid
1067 995 1160 1052 ipse
1191 993 1373 1036 sentiam
1403 992 1457 1034 de
1487 997 1639 1044 morte,

77 1067 166 1095 non
195 1054 379 1096 audeam
399 1054 522 1096 vobis
545 1054 710 1096 dicere:
743 1053 860 1109 quod
891 1067 942 1095 eo
972 1052 1122 1094 melius
1153 1051 1259 1093 mihi
1279 1064 1450 1092 cernere
1471 1049 1634 1101 videor,

77 1124 165 1208 guo
186 1111 241 1152 ab
262 1112 315 1152 ea
335 1111 508 1167 propius
529 1112 691 1152 absum.
755 1110 850 1166 Ego
873 1116 1036 1151 vestros
1057 1115 1214 1165 patres,
1237 1107 1288 1148 P.
1306 1106 1469 1163 Scipio,
1491 1113 1636 1161 tuque,

116 1197 126 1208 .
152 1167 267 1219 Laeli,
286 1167 399 1209 viros
430 1168 705 1218 clarissimos,
735 1167 927 1222 mihique
958 1165 1256 1216 amicissimos,
1278 1164 1416 1206 vivere
1440 1162 1635 1212 arbitror,

75 1230 120 1264 et
147 1239 242 1265 eam
264 1224 440 1280 quidem
462 1225 607 1275 vitam,
629 1239 725 1280 quae
745 1230 812 1265 est
832 1224 925 1265 sola
943 1223 1033 1264 vita
1051 1221 1324 1264 nominanda.
1384 1220 1511 1271 Nam,
1533 1219 1637 1261 dum

73 1293 220 1323 sumus
240 1281 286 1322 in
305 1281 372 1322 his
391 1281 546 1322 inclusi
566 1280 846 1336 compagibus
867 1279 1071 1336 corporis,
1088 1293 1261 1320 munere
1282 1277 1470 1333 quodam
1486 1290 1634 1317 neces-

74 1337 215 1378 sitatis
236 1345 281 1379 et
299 1337 416 1393 gravi
438 1352 564 1394 opere
584 1337 892 1394 perfungimur.
953 1336 1034 1377 Est
1051 1337 1164 1376 enim
1182 1335 1349 1375 animus
1369 1332 1561 1374 coelestis
1582 1345 1637 1373 ex

74 1393 284 1435 altissimo
305 1394 526 1436 domicilio
549 1395 791 1450 depressus,
809 1400 852 1434 et
872 1392 996 1448 quasi
1013 1393 1232 1434 demersus
1245 1390 1290 1431 in
1306 1397 1475 1441 terram,
1492 1389 1637 1430 locum

73 1449 231 1491 divinae
260 1458 423 1492 naturae
455 1451 767 1506 aeternitatique
805 1449 1080 1491 contrarium.
1139 1448 1227 1489 Sed
1261 1447 1388 1489 credo
1422 1447 1527 1487 deos
1558 1445 1635 1486 im-

72 1507 277 1549 mortales
293 1508 501 1563 sparsisse
517 1508 682 1548 animos
699 1509 744 1548 in
760 1521 937 1562 corpora
952 1506 1153 1557 humana,
1169 1512 1218 1546 ut
1235 1509 1394 1551 essent,
1411 1503 1485 1565 qui
1502 1509 1634 1544 terras

76 1570 308 1613 tuerentur,
325 1564 501 1620 quique,
518 1563 760 1605 coelestium
777 1563 969 1604 ordinem
985 1562 1340 1617 contemplantes,
1356 1559 1640 1610 imitarentur,

74 1634 173 1663 eum
192 1620 289 1661 vitae
310 1621 438 1662 modo
459 1628 587 1676 atque
609 1619 869 1661 constantia.
900 1619 994 1660 Nec
1010 1634 1078 1660 me
1091 1618 1232 1659 solum
1248 1616 1356 1658 ratio
1374 1631 1426 1657 ac
1443 1615 1635 1671 disputa-

73 1676 134 1718 tio
152 1676 337 1733 impulit,
358 1684 407 1718 ut
426 1677 487 1718 ita
507 1678 744 1727 crederem3
778 1676 856 1717 sed
884 1675 1086 1716 nobilitas
1109 1674 1239 1716 etiam
1259 1687 1521 1714 summorum
1541 1672 1638 1728 phi-

73 1733 351 1789 losophorum
371 1740 415 1775 et
433 1735 679 1775 auctoritas.
723 1733 966 1774 Audiebam
988 1732 1295 1788 Pythagoram,
1318 1729 1635 1785 Pythagoreos-

74 1804 172 1846 que,
189 1790 352 1832 incolas
371 1805 493 1846 paene
510 1798 696 1841 nostros,
711 1789 804 1846 (qui
825 1795 970 1830 essent
990 1788 1132 1829 Italici
1152 1786 1399 1843 philosophi
1413 1785 1634 1841 quondam

73 1846 314 1899 nominati,)
335 1861 553 1902 nunquam
573 1846 811 1896 dubitasse,
826 1845 931 1902 quin
947 1859 999 1886 ex
1020 1844 1222 1886 universa
1242 1849 1384 1884 mente
1401 1841 1546 1883 divina
1562 1842 1634 1882 de-

73 1902 231 1945 libatos
251 1903 418 1945 animos
439 1905 715 1945 haberemus:
739 1902 1142 1944 demonstrabantur
1161 1900 1266 1941 mihi
1297 1896 1515 1955 praeterea,
1538 1913 1636 1954 qnae

75 1958 278 2001 Socrates
289 1974 489 2016 supremo
503 1960 602 2001 vitae
615 1959 683 2000 die
696 1959 749 2000 de
762 1958 1078 2000 immortalitate
1095 1958 1331 1998 animorum
1344 1955 1634 2006 disseruisset,

74 2015 126 2065 is,
147 2015 223 2071 qui
245 2024 360 2057 esset
380 2016 571 2057 omnium
600 2015 942 2070 sapientissimus
965 2015 1137 2056 oraculo
1158 2012 1370 2069 Apollinis
1396 2011 1631 2067 judicatus.

77 2072 196 2120 Quid
217 2071 379 2114 multa?
411 2072 475 2113 sic
490 2071 593 2113 mihi
607 2071 812 2127 persuasi,
831 2070 892 2111 sic
906 2070 1060 2121 sentio,
1075 2072 1174 2112 cum
1190 2074 1311 2110 tanta
1327 2067 1524 2109 celeritas
1542 2067 1634 2108 ani-

76 2142 242 2170 morum
272 2128 344 2180 sit,
365 2134 486 2169 tanta
514 2127 720 2170 memoria
750 2126 1070 2183 praeteritorum,
1097 2126 1418 2180 futurorumque
1449 2124 1636 2179 pruden-

79 2185 154 2238 tia,
175 2192 243 2226 tot
271 2192 396 2236 artes,
417 2191 549 2226 tantae
579 2184 786 2234 scientiae,
807 2189 874 2224 tot
902 2183 1088 2232 inventa,
1107 2197 1195 2223 non
1225 2195 1354 2237 posse
1387 2195 1480 2221 eam
1511 2187 1635 2221 natu-

77 2256 182 2293 ram,
203 2256 298 2297 quae
318 2256 383 2283 res
404 2256 477 2283 eas
498 2242 732 2292 contineat,
756 2255 851 2282 esse
873 2240 1120 2290 mortalem3
1151 2237 1335 2294 cumque
1357 2251 1524 2294 semper
1543 2237 1635 2293 agi-

78 2305 192 2339 tetur
211 2299 394 2350 animus,
414 2313 495 2340 nec
514 2297 772 2355 principium
792 2297 934 2338 motus
955 2296 1126 2347 habeat,
1147 2295 1250 2352 quia
1269 2310 1315 2336 se
1337 2293 1429 2350 ipse
1450 2300 1638 2347 moveat,

78 2369 134 2396 ne
152 2355 281 2396 finem
300 2356 474 2412 quidem
495 2354 740 2396 habiturum
759 2368 853 2395 esse
870 2353 1026 2404 motas,
1045 2354 1147 2410 quia
1165 2365 1385 2408 nunquam
1405 2366 1450 2392 se
1467 2351 1558 2407 ipse
1580 2351 1639 2392 sit

79 2411 328 2454 relicturus:
363 2419 420 2463 et,
440 2411 539 2453 cum
559 2411 741 2466 simplex
763 2410 894 2453 animi
915 2416 1066 2452 natura
1086 2416 1215 2460 esset,
1234 2423 1374 2465 neque
1394 2408 1573 2449 haberet
1591 2409 1638 2450 in

80 2482 128 2510 se
144 2469 379 2532 quidquam
399 2469 635 2510 admixtum
656 2468 801 2525 dispar
821 2466 887 2508 sui
909 2473 1037 2522 atque
1059 2466 1280 2514 dissimile,
1297 2479 1383 2506 non
1399 2479 1526 2521 posse
1540 2479 1638 2506 eum

83 2525 239 2577 dividi3
261 2526 379 2582 quod
398 2526 432 2566 si
453 2540 539 2566 non
561 2524 712 2581 possit,
729 2539 816 2565 non
836 2538 962 2580 posse
979 2524 1147 2566 interire
1164 2539 1172 2565 :
1204 2536 1447 2579 magnoque
1464 2537 1558 2562 esse
1573 2535 1638 2561 ar-

84 2590 303 2637 gumento,
324 2582 519 2624 homines
541 2581 650 2623 scire
669 2582 873 2638 pleraque
893 2580 993 2621 ante
1014 2582 1146 2639 quam
1166 2579 1256 2620 nati
1276 2579 1377 2629 sint,
1399 2579 1512 2634 quod
1529 2579 1637 2632 jam,

83 2637 221 2694 pueri,
242 2639 338 2680 cnm
358 2647 470 2680 artes
489 2638 686 2680 difficiles
708 2638 894 2687 discant,
915 2636 976 2677 ita
995 2639 1191 2682 celeriter
1211 2650 1277 2677 res
1307 2634 1637 2676 innumerabiles

85 2694 303 2750 arripiant,
322 2703 370 2738 ut
388 2711 460 2738 eas
481 2709 568 2739 non
589 2702 679 2736 tum
700 2693 880 2753 primum
895 2692 1088 2754 accipere
1102 2696 1342 2745 videantur,
1355 2690 1431 2733 sed,
1447 2689 1645 2733 reminis.

85 2751 147 2805 ci,
166 2757 210 2794 et
228 2752 472 2802 recordari..
514 2752 623 2795 Haec
643 2751 770 2794 Plato
790 2757 954 2794 noster.
