<?xml version="1.0" encoding="UTF-8"?>
<!DOCTYPE html PUBLIC "-//W3C//DTD XHTML 1.0 Transitional//EN"
    "http://www.w3.org/TR/xhtml1/DTD/xhtml1-transitional.dtd">
<html xmlns="http://www.w3.org/1999/xhtml" xml:lang="en" lang="en">
 <head>
  <title>
</title>
<meta http-equiv="Content-Type" content="text/html;charset=utf-8" />
  <meta name='ocr-system' content='tesseract 3.04.00' />
  <meta name='ocr-capabilities' content='ocr_page ocr_carea ocr_par ocr_line ocrx_word'/>
</head>
<body>
  <div class='ocr_page' id='page_1' title='image "./selectaeoratione00ciceuoft_0080.png"; bbox 0 0 1790 3090; ppageno 0'>
   <div class='ocr_carea' id='block_1_1' title="bbox 594 151 1062 185">
    <p class='ocr_par' dir='ltr' id='par_1_1' title="bbox 594 151 1062 185">
     <span class='ocr_line' id='line_1_1' title="bbox 594 151 1062 185; baseline 0.002 -2"><span class='ocrx_word' id='word_1_1' title='bbox 594 151 686 184; x_wconf 79' lang='lat' dir='ltr'>PRO</span> <span class='ocrx_word' id='word_1_2' title='bbox 708 151 826 185; x_wconf 88' lang='lat' dir='ltr'><strong>LEGE</strong></span> <span class='ocrx_word' id='word_1_3' title='bbox 849 151 1062 184; x_wconf 81' lang='lat' dir='ltr'>MANILIA.</span> 
     </span>
    </p>
   </div>
   <div class='ocr_carea' id='block_1_2' title="bbox 0 225 1633 291">
    <p class='ocr_par' dir='ltr' id='par_1_2' title="bbox 0 225 1633 291">
     <span class='ocr_line' id='line_1_2' title="bbox 0 225 1633 291; baseline 0.001 -24"><span class='ocrx_word' id='word_1_4' title='bbox 0 225 55 268; x_wconf 88' lang='lat'>30</span> <span class='ocrx_word' id='word_1_5' title='bbox 74 225 174 267; x_wconf 86' lang='lat' dir='ltr'>dam</span> <span class='ocrx_word' id='word_1_6' title='bbox 185 226 432 291; x_wconf 71' lang='lat' dir='ltr'>profugisse</span> <span class='ocrx_word' id='word_1_7' title='bbox 445 227 623 269; x_wconf 85' lang='lat' dir='ltr'>dicitur:</span> <span class='ocrx_word' id='word_1_8' title='bbox 643 229 774 284; x_wconf 75' lang='lat' dir='ltr'>q&#39;uam</span> <span class='ocrx_word' id='word_1_9' title='bbox 789 229 1041 287; x_wconf 83' lang='lat' dir='ltr'>praedicant,</span> <span class='ocrx_word' id='word_1_10' title='bbox 1056 228 1102 271; x_wconf 88' lang='lat' dir='ltr'>in</span> <span class='ocrx_word' id='word_1_11' title='bbox 1118 229 1239 286; x_wconf 72' lang='lat' dir='ltr'>fuga,</span> <span class='ocrx_word' id='word_1_12' title='bbox 1255 228 1399 270; x_wconf 85' lang='lat' dir='ltr'>fratris</span> <span class='ocrx_word' id='word_1_13' title='bbox 1415 227 1485 270; x_wconf 86' lang='lat' dir='ltr'>sui</span> <span class='ocrx_word' id='word_1_14' title='bbox 1499 232 1633 270; x_wconf 81' lang='lat' dir='ltr'>r&#39;nem-</span> 
     </span>
    </p>
   </div>
   <div class='ocr_carea' id='block_1_3' title="bbox 72 283 1638 513">
    <p class='ocr_par' dir='ltr' id='par_1_3' title="bbox 72 283 1638 513">
     <span class='ocr_line' id='line_1_3' title="bbox 72 283 1635 343; baseline 0 -18"><span class='ocrx_word' id='word_1_15' title='bbox 72 283 165 335; x_wconf 83' lang='lat' dir='ltr'>bra,</span> <span class='ocrx_word' id='word_1_16' title='bbox 178 283 224 324; x_wconf 89' lang='lat' dir='ltr'>in</span> <span class='ocrx_word' id='word_1_17' title='bbox 235 299 289 325; x_wconf 84' lang='lat' dir='ltr'>us</span> <span class='ocrx_word' id='word_1_18' title='bbox 305 285 413 326; x_wconf 81' lang='lat' dir='ltr'>locis</span> <span class='ocrx_word' id='word_1_19' title='bbox 426 291 441 308; x_wconf 77' lang='lat'>‘³</span> <span class='ocrx_word' id='word_1_20' title='bbox 453 286 538 340; x_wconf 75' lang='lat' dir='ltr'>qua</span> <span class='ocrx_word' id='word_1_21' title='bbox 548 299 592 325; x_wconf 89' lang='lat' dir='ltr'>se</span> <span class='ocrx_word' id='word_1_22' title='bbox 605 299 757 341; x_wconf 84' lang='lat' dir='ltr'>parens</span> <span class='ocrx_word' id='word_1_23' title='bbox 770 293 1108 343; x_wconf 79' lang='lat' dir='ltr'>persequeretur,</span> <span class='ocrx_word' id='word_1_24' title='bbox 1122 286 1415 343; x_wconf 82' lang='lat' dir='ltr'>dissipavisse,</span> <span class='ocrx_word' id='word_1_25' title='bbox 1425 291 1475 326; x_wconf 83' lang='lat' dir='ltr'>ut</span> <span class='ocrx_word' id='word_1_26' title='bbox 1487 299 1635 326; x_wconf 90' lang='lat' dir='ltr'>eorum</span> 
     </span>
     <span class='ocr_line' id='line_1_4' title="bbox 76 340 1637 400; baseline 0.001 -19"><span class='ocrx_word' id='word_1_27' title='bbox 76 340 277 382; x_wconf 81' lang='lat' dir='ltr'>collectio</span> <span class='ocrx_word' id='word_1_28' title='bbox 292 341 746 399; x_wconf 86' lang='lat' dir='ltr'>dispersa,moerorque</span> <span class='ocrx_word' id='word_1_29' title='bbox 757 344 918 399; x_wconf 87' lang='lat' dir='ltr'>patrius</span> <span class='ocrx_word' id='word_1_30' title='bbox 932 344 1194 386; x_wconf 84' lang='lat' dir='ltr'>celeritatem</span> <span class='ocrx_word' id='word_1_31' title='bbox 1208 341 1492 400; x_wconf 88' lang='lat' dir='ltr'>persequendi</span> <span class='ocrx_word' id='word_1_32' title='bbox 1508 348 1637 384; x_wconf 90' lang='lat' dir='ltr'>retar-</span> 
     </span>
     <span class='ocr_line' id='line_1_5' title="bbox 77 390 1634 457; baseline 0 -19"><span class='ocrx_word' id='word_1_33' title='bbox 77 397 200 439; x_wconf 84' lang='lat' dir='ltr'>daret</span> <span class='ocrx_word' id='word_1_34' title='bbox 212 390 311 451; x_wconf 55' lang='lat' dir='ltr'>,isio</span> <span class='ocrx_word' id='word_1_35' title='bbox 332 398 625 450; x_wconf 78' lang='lat' dir='ltr'>Mithridates,</span> <span class='ocrx_word' id='word_1_36' title='bbox 646 399 1072 455; x_wconf 85' lang='lat' dir='ltr'>fugiens,maximam</span> <span class='ocrx_word' id='word_1_37' title='bbox 1087 401 1174 441; x_wconf 89' lang='lat' dir='ltr'>vim</span> <span class='ocrx_word' id='word_1_38' title='bbox 1190 401 1279 442; x_wconf 87' lang='lat' dir='ltr'>auri</span> <span class='ocrx_word' id='word_1_39' title='bbox 1302 407 1432 457; x_wconf 91' lang='lat' dir='ltr'>atque</span> <span class='ocrx_word' id='word_1_40' title='bbox 1453 397 1634 454; x_wconf 84' lang='lat' dir='ltr'>argenti,</span> 
     </span>
     <span class='ocr_line' id='line_1_6' title="bbox 75 454 1638 513; baseline -0.001 -17"><span class='ocrx_word' id='word_1_41' title='bbox 75 454 540 511; x_wconf 88' lang='lat' dir='ltr'>pulcherrimarumque</span> <span class='ocrx_word' id='word_1_42' title='bbox 574 470 713 497; x_wconf 88' lang='lat' dir='ltr'>rerum</span> <span class='ocrx_word' id='word_1_43' title='bbox 744 457 931 497; x_wconf 87' lang='lat' dir='ltr'>omnium</span> <span class='ocrx_word' id='word_1_44' title='bbox 951 472 1057 513; x_wconf 90' lang='lat' dir='ltr'>quas</span> <span class='ocrx_word' id='word_1_45' title='bbox 1088 456 1115 497; x_wconf 70' lang='lat' dir='ltr'>a</span> <span class='ocrx_word' id='word_1_46' title='bbox 1135 457 1367 513; x_wconf 87' lang='lat' dir='ltr'>majoribus</span> <span class='ocrx_word' id='word_1_47' title='bbox 1398 460 1638 512; x_wconf 84' lang='lat' dir='ltr'>acceperat,</span> 
     </span>
    </p>
   </div>
   <div class='ocr_carea' id='block_1_4' title="bbox 2 511 1639 570">
    <p class='ocr_par' dir='ltr' id='par_1_4' title="bbox 2 511 1639 570">
     <span class='ocr_line' id='line_1_7' title="bbox 2 511 1639 570; baseline 0.001 -18"><span class='ocrx_word' id='word_1_48' title='bbox 2 511 59 554; x_wconf 88' lang='lat'>35</span> <span class='ocrx_word' id='word_1_49' title='bbox 79 517 123 552; x_wconf 87' lang='lat' dir='ltr'>et</span> <span class='ocrx_word' id='word_1_50' title='bbox 141 511 235 568; x_wconf 91' lang='lat' dir='ltr'>ipse</span> <span class='ocrx_word' id='word_1_51' title='bbox 250 512 365 553; x_wconf 90' lang='lat' dir='ltr'>bello</span> <span class='ocrx_word' id='word_1_52' title='bbox 382 512 598 568; x_wconf 83' lang='lat' dir='ltr'>superiore</span> <span class='ocrx_word' id='word_1_53' title='bbox 618 526 672 554; x_wconf 88' lang='lat' dir='ltr'>ex</span> <span class='ocrx_word' id='word_1_54' title='bbox 686 514 778 554; x_wconf 72' lang='lat' dir='ltr'>tota</span> <span class='ocrx_word' id='word_1_55' title='bbox 799 512 903 553; x_wconf 72' lang='lat' dir='ltr'>Asia</span> <span class='ocrx_word' id='word_1_56' title='bbox 918 513 1107 569; x_wconf 82' lang='lat' dir='ltr'>direptas</span> <span class='ocrx_word' id='word_1_57' title='bbox 1126 514 1171 554; x_wconf 89' lang='lat' dir='ltr'>in</span> <span class='ocrx_word' id='word_1_58' title='bbox 1191 528 1316 555; x_wconf 88' lang='lat' dir='ltr'>suum</span> <span class='ocrx_word' id='word_1_59' title='bbox 1335 527 1514 570; x_wconf 84' lang='lat' dir='ltr'>regnum</span> <span class='ocrx_word' id='word_1_60' title='bbox 1535 526 1639 554; x_wconf 89' lang='lat' dir='ltr'>con-</span> 
     </span>
    </p>
   </div>
   <div class='ocr_carea' id='block_1_5' title="bbox 78 567 1642 683">
    <p class='ocr_par' dir='ltr' id='par_1_5' title="bbox 78 567 1642 683">
     <span class='ocr_line' id='line_1_8' title="bbox 78 567 1642 626; baseline -0.001 -17"><span class='ocrx_word' id='word_1_61' title='bbox 78 575 283 624; x_wconf 82' lang='lat' dir='ltr'>gesserat,</span> <span class='ocrx_word' id='word_1_62' title='bbox 322 567 367 609; x_wconf 92' lang='lat' dir='ltr'>in</span> <span class='ocrx_word' id='word_1_63' title='bbox 388 568 530 610; x_wconf 91' lang='lat' dir='ltr'>Ponto</span> <span class='ocrx_word' id='word_1_64' title='bbox 563 583 733 610; x_wconf 89' lang='lat' dir='ltr'>omnem</span> <span class='ocrx_word' id='word_1_65' title='bbox 761 569 961 626; x_wconf 80' lang='lat' dir='ltr'>reliquit3</span> <span class='ocrx_word' id='word_1_66' title='bbox 990 570 1086 611; x_wconf 84' lang='lat' dir='ltr'>haec</span> <span class='ocrx_word' id='word_1_67' title='bbox 1118 570 1220 611; x_wconf 91' lang='lat' dir='ltr'>dum</span> <span class='ocrx_word' id='word_1_68' title='bbox 1253 570 1389 611; x_wconf 84' lang='lat' dir='ltr'>nostri</span> <span class='ocrx_word' id='word_1_69' title='bbox 1429 569 1642 625; x_wconf 85' lang='lat' dir='ltr'>colligunt</span> 
     </span>
     <span class='ocr_line' id='line_1_9' title="bbox 79 624 1642 683; baseline 0 -17"><span class='ocrx_word' id='word_1_70' title='bbox 79 624 224 666; x_wconf 89' lang='lat' dir='ltr'>omnia</span> <span class='ocrx_word' id='word_1_71' title='bbox 242 625 506 682; x_wconf 79' lang='lat' dir='ltr'>diligentius,</span> <span class='ocrx_word' id='word_1_72' title='bbox 535 640 610 667; x_wconf 85' lang='lat' dir='ltr'>rex</span> <span class='ocrx_word' id='word_1_73' title='bbox 624 625 718 682; x_wconf 90' lang='lat' dir='ltr'>ipse</span> <span class='ocrx_word' id='word_1_74' title='bbox 736 625 759 667; x_wconf 72' lang='grc' dir='ltr'>ὲ</span> <span class='ocrx_word' id='word_1_75' title='bbox 782 626 978 668; x_wconf 86' lang='lat' dir='ltr'>manibus</span> <span class='ocrx_word' id='word_1_76' title='bbox 1001 626 1175 683; x_wconf 79' lang='lat' dir='ltr'>effugit3</span> <span class='ocrx_word' id='word_1_77' title='bbox 1205 626 1266 667; x_wconf 89' lang='lat' dir='ltr'>ita</span> <span class='ocrx_word' id='word_1_78' title='bbox 1284 626 1405 667; x_wconf 90' lang='lat' dir='ltr'>illum</span> <span class='ocrx_word' id='word_1_79' title='bbox 1425 626 1469 667; x_wconf 92' lang='lat' dir='ltr'>in</span> <span class='ocrx_word' id='word_1_80' title='bbox 1497 639 1642 682; x_wconf 89' lang='lat' dir='ltr'>perse-</span> 
     </span>
    </p>
   </div>
   <div class='ocr_carea' id='block_1_6' title="bbox 78 681 1129 737">
    <p class='ocr_par' dir='ltr' id='par_1_6' title="bbox 78 681 1129 737">
     <span class='ocr_line' id='line_1_10' title="bbox 78 681 1129 737; baseline 0.003 -15"><span class='ocrx_word' id='word_1_81' title='bbox 78 681 242 737; x_wconf 88' lang='lat' dir='ltr'>quendi</span> <span class='ocrx_word' id='word_1_82' title='bbox 259 682 404 724; x_wconf 90' lang='lat' dir='ltr'>studio</span> <span class='ocrx_word' id='word_1_83' title='bbox 418 697 591 734; x_wconf 87' lang='lat' dir='ltr'>moeror,</span> <span class='ocrx_word' id='word_1_84' title='bbox 611 683 692 724; x_wconf 92' lang='lat' dir='ltr'>hos</span> <span class='ocrx_word' id='word_1_85' title='bbox 705 683 869 736; x_wconf 81' lang='lat' dir='ltr'>laetitia,</span> <span class='ocrx_word' id='word_1_86' title='bbox 884 684 1129 725; x_wconf 80' lang='lat' dir='ltr'>retardavit.</span> 
     </span>
    </p>
   </div>
   <div class='ocr_carea' id='block_1_7' title="bbox 1188 683 1641 724">
    <p class='ocr_par' dir='ltr' id='par_1_7' title="bbox 1188 683 1641 724">
     <span class='ocr_line' id='line_1_11' title="bbox 1188 683 1641 724; baseline -0.004 0"><span class='ocrx_word' id='word_1_87' title='bbox 1188 683 1319 724; x_wconf 89' lang='lat' dir='ltr'>Hunc</span> <span class='ocrx_word' id='word_1_88' title='bbox 1337 683 1382 724; x_wconf 87' lang='lat' dir='ltr'>in</span> <span class='ocrx_word' id='word_1_89' title='bbox 1402 683 1475 724; x_wconf 90' lang='lat' dir='ltr'>illo</span> <span class='ocrx_word' id='word_1_90' title='bbox 1488 683 1641 724; x_wconf 89' lang='lat' dir='ltr'>timore</span> 
     </span>
    </p>
   </div>
   <div class='ocr_carea' id='block_1_8' title="bbox 80 738 1642 802">
    <p class='ocr_par' dir='ltr' id='par_1_8' title="bbox 80 738 1642 802">
     <span class='ocr_line' id='line_1_12' title="bbox 80 738 1642 802; baseline 0.001 -24"><span class='ocrx_word' id='word_1_91' title='bbox 80 744 125 779; x_wconf 87' lang='lat' dir='ltr'>et</span> <span class='ocrx_word' id='word_1_92' title='bbox 157 738 259 795; x_wconf 73' lang='lat' dir='ltr'>fuga</span> <span class='ocrx_word' id='word_1_93' title='bbox 278 739 485 797; x_wconf 87' lang='lat' dir='ltr'>Tigranes</span> <span class='ocrx_word' id='word_1_94' title='bbox 518 754 593 780; x_wconf 88' lang='lat' dir='ltr'>rex</span> <span class='ocrx_word' id='word_1_95' title='bbox 621 740 849 782; x_wconf 88' lang='lat' dir='ltr'>Armenius</span> <span class='ocrx_word' id='word_1_96' title='bbox 885 741 1078 797; x_wconf 82' lang='lat' dir='ltr'>excepit3</span> <span class='ocrx_word' id='word_1_97' title='bbox 1123 740 1476 802; x_wconf 82' lang='lat' dir='ltr'>diffidentemque</span> <span class='ocrx_word' id='word_1_98' title='bbox 1514 739 1642 780; x_wconf 87' lang='lat' dir='ltr'>rebus</span> 
     </span>
    </p>
   </div>
   <div class='ocr_carea' id='block_1_9' title="bbox 5 794 1641 859">
    <p class='ocr_par' dir='ltr' id='par_1_9' title="bbox 5 794 1641 859">
     <span class='ocr_line' id='line_1_13' title="bbox 5 794 1641 859; baseline 0.001 -24"><span class='ocrx_word' id='word_1_99' title='bbox 5 795 62 836; x_wconf 88' lang='lat'>40</span> <span class='ocrx_word' id='word_1_100' title='bbox 81 794 171 859; x_wconf 78' lang='lat' dir='ltr'>suis</span> <span class='ocrx_word' id='word_1_101' title='bbox 191 796 472 849; x_wconf 84' lang='lat' dir='ltr'>confirmavit,</span> <span class='ocrx_word' id='word_1_102' title='bbox 504 796 711 839; x_wconf 85' lang='lat' dir='ltr'>afflictum</span> <span class='ocrx_word' id='word_1_103' title='bbox 743 797 891 848; x_wconf 86' lang='lat' dir='ltr'>erexit,</span> <span class='ocrx_word' id='word_1_104' title='bbox 921 797 1223 854; x_wconf 86' lang='lat' dir='ltr'>perditumque</span> <span class='ocrx_word' id='word_1_105' title='bbox 1254 803 1488 848; x_wconf 69' lang='lat' dir='ltr'>recreavxt3</span> <span class='ocrx_word' id='word_1_106' title='bbox 1519 797 1641 851; x_wconf 88' lang='lat' dir='ltr'>cujus</span> 
     </span>
    </p>
   </div>
   <div class='ocr_carea' id='block_1_10' title="bbox 80 853 1644 1025">
    <p class='ocr_par' dir='ltr' id='par_1_10' title="bbox 80 853 1644 1025">
     <span class='ocr_line' id='line_1_14' title="bbox 80 853 1639 910; baseline 0.001 -18"><span class='ocrx_word' id='word_1_107' title='bbox 80 866 126 892; x_wconf 88' lang='lat' dir='ltr'>m</span> <span class='ocrx_word' id='word_1_108' title='bbox 145 867 324 909; x_wconf 84' lang='lat' dir='ltr'>regnum</span> <span class='ocrx_word' id='word_1_109' title='bbox 358 853 642 910; x_wconf 67' lang='lat' dir='ltr'>posteaquam</span> <span class='ocrx_word' id='word_1_110' title='bbox 685 855 731 895; x_wconf 93' lang='lat' dir='ltr'>L.</span> <span class='ocrx_word' id='word_1_111' title='bbox 755 855 957 896; x_wconf 86' lang='lat' dir='ltr'>Lucullus</span> <span class='ocrx_word' id='word_1_112' title='bbox 991 870 1088 896; x_wconf 90' lang='lat' dir='ltr'>cum</span> <span class='ocrx_word' id='word_1_113' title='bbox 1110 853 1300 896; x_wconf 85' lang='lat' dir='ltr'>exercitu</span> <span class='ocrx_word' id='word_1_114' title='bbox 1330 853 1463 904; x_wconf 89' lang='lat' dir='ltr'>venit,</span> <span class='ocrx_word' id='word_1_115' title='bbox 1495 853 1639 909; x_wconf 88' lang='lat' dir='ltr'>plures</span> 
     </span>
     <span class='ocr_line' id='line_1_15' title="bbox 81 907 1644 967; baseline -0.001 -17"><span class='ocrx_word' id='word_1_116' title='bbox 81 907 212 950; x_wconf 88' lang='lat' dir='ltr'>etiam</span> <span class='ocrx_word' id='word_1_117' title='bbox 228 916 378 964; x_wconf 82' lang='lat' dir='ltr'>gentes</span> <span class='ocrx_word' id='word_1_118' title='bbox 400 917 548 952; x_wconf 85' lang='lat' dir='ltr'>contra</span> <span class='ocrx_word' id='word_1_119' title='bbox 581 910 882 967; x_wconf 81' lang='lat' dir='ltr'>imperatorem</span> <span class='ocrx_word' id='word_1_120' title='bbox 901 918 1096 953; x_wconf 88' lang='lat' dir='ltr'>nostrum</span> <span class='ocrx_word' id='word_1_121' title='bbox 1116 911 1344 954; x_wconf 81' lang='lat' dir='ltr'>concitatae</span> <span class='ocrx_word' id='word_1_122' title='bbox 1365 917 1480 952; x_wconf 88' lang='lat' dir='ltr'>sunt.</span> <span class='ocrx_word' id='word_1_123' title='bbox 1539 909 1644 951; x_wconf 88' lang='lat' dir='ltr'>Erat</span> 
     </span>
     <span class='ocr_line' id='line_1_16' title="bbox 81 965 1643 1025; baseline 0 -19"><span class='ocrx_word' id='word_1_124' title='bbox 81 965 196 1006; x_wconf 90' lang='lat' dir='ltr'>enim</span> <span class='ocrx_word' id='word_1_125' title='bbox 215 973 356 1008; x_wconf 90' lang='lat' dir='ltr'>metus</span> <span class='ocrx_word' id='word_1_126' title='bbox 377 967 561 1024; x_wconf 88' lang='lat' dir='ltr'>injectus</span> <span class='ocrx_word' id='word_1_127' title='bbox 597 968 649 1008; x_wconf 91' lang='lat' dir='ltr'>iis</span> <span class='ocrx_word' id='word_1_128' title='bbox 679 968 942 1020; x_wconf 86' lang='lat' dir='ltr'>nationibus,</span> <span class='ocrx_word' id='word_1_129' title='bbox 975 984 1081 1025; x_wconf 88' lang='lat' dir='ltr'>quas</span> <span class='ocrx_word' id='word_1_130' title='bbox 1113 983 1332 1025; x_wconf 88' lang='lat' dir='ltr'>nunquam</span> <span class='ocrx_word' id='word_1_131' title='bbox 1351 967 1537 1024; x_wconf 90' lang='lat' dir='ltr'>populus</span> <span class='ocrx_word' id='word_1_132' title='bbox 1554 965 1643 1006; x_wconf 88' lang='lat' dir='ltr'>Ro-</span> 
     </span>
    </p>
   </div>
   <div class='ocr_carea' id='block_1_11' title="bbox 80 1024 1477 1081">
    <p class='ocr_par' dir='ltr' id='par_1_11' title="bbox 80 1024 1477 1081">
     <span class='ocr_line' id='line_1_17' title="bbox 80 1024 1477 1081; baseline 0.001 -18"><span class='ocrx_word' id='word_1_133' title='bbox 80 1036 232 1064; x_wconf 85' lang='lat' dir='ltr'>manus</span> <span class='ocrx_word' id='word_1_134' title='bbox 264 1038 406 1080; x_wconf 89' lang='lat' dir='ltr'>neque</span> <span class='ocrx_word' id='word_1_135' title='bbox 446 1024 721 1066; x_wconf 87' lang='lat' dir='ltr'>lacessendas</span> <span class='ocrx_word' id='word_1_136' title='bbox 755 1025 866 1065; x_wconf 90' lang='lat' dir='ltr'>bello</span> <span class='ocrx_word' id='word_1_137' title='bbox 886 1040 1024 1081; x_wconf 90' lang='lat' dir='ltr'>neque</span> <span class='ocrx_word' id='word_1_138' title='bbox 1045 1027 1274 1067; x_wconf 87' lang='lat' dir='ltr'>tentandas</span> <span class='ocrx_word' id='word_1_139' title='bbox 1296 1024 1477 1081; x_wconf 89' lang='lat' dir='ltr'>putavit.</span> 
     </span>
    </p>
   </div>
   <div class='ocr_carea' id='block_1_12' title="bbox 1536 1023 1643 1064">
    <p class='ocr_par' dir='ltr' id='par_1_12' title="bbox 1536 1023 1643 1064">
     <span class='ocr_line' id='line_1_18' title="bbox 1536 1023 1643 1064; baseline -0.009 0"><span class='ocrx_word' id='word_1_140' title='bbox 1536 1023 1643 1064; x_wconf 83' lang='lat' dir='ltr'>Erat</span> 
     </span>
    </p>
   </div>
   <div class='ocr_carea' id='block_1_13' title="bbox 7 1079 1645 1308">
    <p class='ocr_par' dir='ltr' id='par_1_13' title="bbox 7 1079 1645 1308">
     <span class='ocr_line' id='line_1_19' title="bbox 7 1079 1645 1138; baseline 0 -18"><span class='ocrx_word' id='word_1_141' title='bbox 7 1080 62 1121; x_wconf 85' lang='lat'>45</span> <span class='ocrx_word' id='word_1_142' title='bbox 83 1079 212 1122; x_wconf 85' lang='lat' dir='ltr'>etiam</span> <span class='ocrx_word' id='word_1_143' title='bbox 232 1080 317 1121; x_wconf 86' lang='lat' dir='ltr'>alia</span> <span class='ocrx_word' id='word_1_144' title='bbox 336 1080 476 1136; x_wconf 84' lang='lat' dir='ltr'>gravis</span> <span class='ocrx_word' id='word_1_145' title='bbox 508 1088 638 1136; x_wconf 86' lang='lat' dir='ltr'>atque</span> <span class='ocrx_word' id='word_1_146' title='bbox 655 1081 886 1123; x_wconf 88' lang='lat' dir='ltr'>vehemens</span> <span class='ocrx_word' id='word_1_147' title='bbox 908 1082 1071 1137; x_wconf 89' lang='lat' dir='ltr'>opinio,</span> <span class='ocrx_word' id='word_1_148' title='bbox 1107 1097 1202 1137; x_wconf 87' lang='lat' dir='ltr'>quae</span> <span class='ocrx_word' id='word_1_149' title='bbox 1236 1096 1313 1138; x_wconf 84' lang='lat' dir='ltr'>per</span> <span class='ocrx_word' id='word_1_150' title='bbox 1346 1081 1512 1121; x_wconf 84' lang='lat' dir='ltr'>animos</span> <span class='ocrx_word' id='word_1_151' title='bbox 1541 1094 1645 1135; x_wconf 90' lang='lat' dir='ltr'>gen-</span> 
     </span>
     <span class='ocr_line' id='line_1_20' title="bbox 80 1135 1642 1194; baseline -0.001 -17"><span class='ocrx_word' id='word_1_152' title='bbox 80 1135 188 1177; x_wconf 92' lang='lat' dir='ltr'>tium</span> <span class='ocrx_word' id='word_1_153' title='bbox 208 1137 482 1178; x_wconf 89' lang='lat' dir='ltr'>barbararum</span> <span class='ocrx_word' id='word_1_154' title='bbox 501 1143 759 1193; x_wconf 87' lang='lat' dir='ltr'>pervaserat,</span> <span class='ocrx_word' id='word_1_155' title='bbox 781 1138 869 1178; x_wconf 88' lang='lat' dir='ltr'>fani</span> <span class='ocrx_word' id='word_1_156' title='bbox 890 1138 1219 1194; x_wconf 87' lang='lat' dir='ltr'>locupletissimi</span> <span class='ocrx_word' id='word_1_157' title='bbox 1252 1144 1297 1178; x_wconf 92' lang='lat' dir='ltr'>et</span> <span class='ocrx_word' id='word_1_158' title='bbox 1329 1135 1642 1193; x_wconf 84' lang='lat' dir='ltr'>religiosissimi</span> 
     </span>
     <span class='ocr_line' id='line_1_21' title="bbox 81 1192 1642 1248; baseline 0 -15"><span class='ocrx_word' id='word_1_159' title='bbox 81 1192 313 1248; x_wconf 88' lang='lat' dir='ltr'>diripiendi</span> <span class='ocrx_word' id='word_1_160' title='bbox 335 1196 465 1235; x_wconf 67' lang='lat' dir='ltr'>causa</span> <span class='ocrx_word' id='word_1_161' title='bbox 500 1194 546 1233; x_wconf 89' lang='lat' dir='ltr'>in</span> <span class='ocrx_word' id='word_1_162' title='bbox 566 1208 637 1234; x_wconf 90' lang='lat' dir='ltr'>eas</span> <span class='ocrx_word' id='word_1_163' title='bbox 659 1209 754 1235; x_wconf 87' lang='lat' dir='ltr'>oras</span> <span class='ocrx_word' id='word_1_164' title='bbox 790 1200 985 1235; x_wconf 88' lang='lat' dir='ltr'>nostrum</span> <span class='ocrx_word' id='word_1_165' title='bbox 1021 1194 1257 1236; x_wconf 79' lang='lat' dir='ltr'>exercitum</span> <span class='ocrx_word' id='word_1_166' title='bbox 1277 1208 1372 1235; x_wconf 87' lang='lat' dir='ltr'>esse</span> <span class='ocrx_word' id='word_1_167' title='bbox 1394 1193 1642 1234; x_wconf 90' lang='lat' dir='ltr'>adductum.</span> 
     </span>
     <span class='ocr_line' id='line_1_22' title="bbox 82 1248 1645 1308; baseline 0 -18"><span class='ocrx_word' id='word_1_168' title='bbox 82 1248 152 1290; x_wconf 88' lang='lat' dir='ltr'>Ita</span> <span class='ocrx_word' id='word_1_169' title='bbox 175 1248 371 1291; x_wconf 86' lang='lat' dir='ltr'>nationes</span> <span class='ocrx_word' id='word_1_170' title='bbox 402 1250 547 1291; x_wconf 86' lang='lat' dir='ltr'>multae</span> <span class='ocrx_word' id='word_1_171' title='bbox 577 1256 707 1306; x_wconf 87' lang='lat' dir='ltr'>atque</span> <span class='ocrx_word' id='word_1_172' title='bbox 729 1265 900 1306; x_wconf 87' lang='lat' dir='ltr'>magnae</span> <span class='ocrx_word' id='word_1_173' title='bbox 926 1265 1039 1293; x_wconf 91' lang='lat' dir='ltr'>novo</span> <span class='ocrx_word' id='word_1_174' title='bbox 1071 1252 1260 1308; x_wconf 88' lang='lat' dir='ltr'>quodam</span> <span class='ocrx_word' id='word_1_175' title='bbox 1279 1258 1436 1292; x_wconf 88' lang='lat' dir='ltr'>terrore</span> <span class='ocrx_word' id='word_1_176' title='bbox 1457 1264 1508 1291; x_wconf 86' lang='lat' dir='ltr'>ac</span> <span class='ocrx_word' id='word_1_177' title='bbox 1528 1256 1645 1291; x_wconf 90' lang='lat' dir='ltr'>metu</span> 
     </span>
    </p>
   </div>
   <div class='ocr_carea' id='block_1_14' title="bbox 81 1306 423 1349">
    <p class='ocr_par' dir='ltr' id='par_1_14' title="bbox 81 1306 423 1349">
     <span class='ocr_line' id='line_1_23' title="bbox 81 1306 423 1349; baseline 0.006 -2"><span class='ocrx_word' id='word_1_178' title='bbox 81 1306 423 1349; x_wconf 79' lang='lat' dir='ltr'>concitabantur.</span> 
     </span>
    </p>
   </div>
   <div class='ocr_carea' id='block_1_15' title="bbox 6 1306 1645 1420">
    <p class='ocr_par' dir='ltr' id='par_1_15' title="bbox 6 1306 1645 1420">
     <span class='ocr_line' id='line_1_24' title="bbox 483 1306 1645 1363; baseline -0.001 -15"><span class='ocrx_word' id='word_1_179' title='bbox 483 1306 643 1348; x_wconf 86' lang='lat' dir='ltr'>Noster</span> <span class='ocrx_word' id='word_1_180' title='bbox 658 1313 801 1349; x_wconf 88' lang='lat' dir='ltr'>autem</span> <span class='ocrx_word' id='word_1_181' title='bbox 819 1308 1047 1360; x_wconf 86' lang='lat' dir='ltr'>exercitus,</span> <span class='ocrx_word' id='word_1_182' title='bbox 1080 1308 1160 1349; x_wconf 90' lang='lat' dir='ltr'>etsi</span> <span class='ocrx_word' id='word_1_183' title='bbox 1192 1308 1342 1350; x_wconf 90' lang='lat' dir='ltr'>urbem</span> <span class='ocrx_word' id='word_1_184' title='bbox 1376 1321 1429 1348; x_wconf 87' lang='lat' dir='ltr'>ex</span> <span class='ocrx_word' id='word_1_185' title='bbox 1448 1306 1645 1363; x_wconf 85' lang='lat' dir='ltr'>Tigranis</span> 
     </span>
     <span class='ocr_line' id='line_1_25' title="bbox 6 1363 1645 1420; baseline -0.001 -15"><span class='ocrx_word' id='word_1_186' title='bbox 6 1366 64 1407; x_wconf 84' lang='lat'>50</span> <span class='ocrx_word' id='word_1_187' title='bbox 82 1378 215 1420; x_wconf 87' lang='lat' dir='ltr'>regno</span> <span class='ocrx_word' id='word_1_188' title='bbox 238 1370 424 1420; x_wconf 87' lang='lat' dir='ltr'>ceperat,</span> <span class='ocrx_word' id='word_1_189' title='bbox 447 1370 490 1405; x_wconf 91' lang='lat' dir='ltr'>et</span> <span class='ocrx_word' id='word_1_190' title='bbox 510 1363 668 1420; x_wconf 87' lang='lat' dir='ltr'>proeliis</span> <span class='ocrx_word' id='word_1_191' title='bbox 683 1379 786 1405; x_wconf 90' lang='lat' dir='ltr'>usus</span> <span class='ocrx_word' id='word_1_192' title='bbox 808 1371 898 1405; x_wconf 89' lang='lat' dir='ltr'>erat</span> <span class='ocrx_word' id='word_1_193' title='bbox 918 1365 1136 1416; x_wconf 89' lang='lat' dir='ltr'>secundis,</span> <span class='ocrx_word' id='word_1_194' title='bbox 1157 1371 1302 1406; x_wconf 90' lang='lat' dir='ltr'>tamen</span> <span class='ocrx_word' id='word_1_195' title='bbox 1323 1364 1455 1408; x_wconf 68' lang='lat' dir='ltr'>nimia</span> <span class='ocrx_word' id='word_1_196' title='bbox 1474 1363 1645 1420; x_wconf 90' lang='lat' dir='ltr'>longin-</span> 
     </span>
    </p>
   </div>
   <div class='ocr_carea' id='block_1_16' title="bbox 79 1409 1648 1592">
    <p class='ocr_par' dir='ltr' id='par_1_16' title="bbox 79 1409 1648 1592">
     <span class='ocr_line' id='line_1_26' title="bbox 82 1409 1647 1481; baseline -0.001 -20"><span class='ocrx_word' id='word_1_197' title='bbox 82 1420 247 1476; x_wconf 80' lang='lat' dir='ltr'>quitate</span> <span class='ocrx_word' id='word_1_198' title='bbox 268 1422 476 1473; x_wconf 90' lang='lat' dir='ltr'>locorum,</span> <span class='ocrx_word' id='word_1_199' title='bbox 497 1435 549 1462; x_wconf 86' lang='lat' dir='ltr'>ac</span> <span class='ocrx_word' id='word_1_200' title='bbox 579 1421 794 1462; x_wconf 89' lang='lat' dir='ltr'>desiderio</span> <span class='ocrx_word' id='word_1_201' title='bbox 816 1436 1003 1473; x_wconf 90' lang='lat' dir='ltr'>suorum,</span> <span class='ocrx_word' id='word_1_202' title='bbox 1035 1423 1394 1464; x_wconf 89' lang='lat' dir='ltr'>commovebatur.</span> <span class='ocrx_word' id='word_1_203' title='bbox 1408 1409 1444 1481; x_wconf 54' lang='grc' dir='ltr'>ἕξ</span> <span class='ocrx_word' id='word_1_204' title='bbox 1455 1419 1540 1461; x_wconf 81' lang='lat' dir='ltr'>Hic</span> <span class='ocrx_word' id='word_1_205' title='bbox 1554 1421 1647 1476; x_wconf 87' lang='lat' dir='ltr'>jam</span> 
     </span>
     <span class='ocr_line' id='line_1_27' title="bbox 79 1475 1647 1540; baseline -0.001 -22"><span class='ocrx_word' id='word_1_206' title='bbox 79 1478 202 1535; x_wconf 89' lang='lat' dir='ltr'>plura</span> <span class='ocrx_word' id='word_1_207' title='bbox 232 1492 319 1519; x_wconf 90' lang='lat' dir='ltr'>non</span> <span class='ocrx_word' id='word_1_208' title='bbox 350 1479 505 1520; x_wconf 88' lang='lat' dir='ltr'>dicam.</span> <span class='ocrx_word' id='word_1_209' title='bbox 566 1477 666 1519; x_wconf 89' lang='lat' dir='ltr'>Fuit</span> <span class='ocrx_word' id='word_1_210' title='bbox 700 1478 814 1520; x_wconf 89' lang='lat' dir='ltr'>enim</span> <span class='ocrx_word' id='word_1_211' title='bbox 833 1478 940 1520; x_wconf 91' lang='lat' dir='ltr'>illud</span> <span class='ocrx_word' id='word_1_212' title='bbox 976 1485 1227 1531; x_wconf 85' lang='lat' dir='ltr'>extremum,</span> <span class='ocrx_word' id='word_1_213' title='bbox 1258 1485 1307 1520; x_wconf 90' lang='lat' dir='ltr'>ut</span> <span class='ocrx_word' id='word_1_214' title='bbox 1328 1493 1380 1520; x_wconf 88' lang='lat' dir='ltr'>ex</span> <span class='ocrx_word' id='word_1_215' title='bbox 1402 1475 1454 1518; x_wconf 74' lang='lat' dir='ltr'>ii‘s</span> <span class='ocrx_word' id='word_1_216' title='bbox 1475 1477 1594 1540; x_wconf 41' lang='lat' dir='ltr'>locis·</span> <span class='ocrx_word' id='word_1_217' title='bbox 1621 1476 1647 1517; x_wconf 71' lang='lat' dir='ltr'>a</span> 
     </span>
     <span class='ocr_line' id='line_1_28' title="bbox 79 1534 1648 1592; baseline -0.001 -17"><span class='ocrx_word' id='word_1_218' title='bbox 79 1534 288 1576; x_wconf 86' lang='lat' dir='ltr'>militibus</span> <span class='ocrx_word' id='word_1_219' title='bbox 318 1535 475 1576; x_wconf 89' lang='lat' dir='ltr'>nostris</span> <span class='ocrx_word' id='word_1_220' title='bbox 506 1535 668 1576; x_wconf 86' lang='lat' dir='ltr'>reditus</span> <span class='ocrx_word' id='word_1_221' title='bbox 699 1535 838 1590; x_wconf 87' lang='lat' dir='ltr'>magis</span> <span class='ocrx_word' id='word_1_222' title='bbox 869 1541 1058 1576; x_wconf 85' lang='lat' dir='ltr'>maturus</span> <span class='ocrx_word' id='word_1_223' title='bbox 1079 1550 1208 1592; x_wconf 87' lang='lat' dir='ltr'>quam</span> <span class='ocrx_word' id='word_1_224' title='bbox 1228 1549 1458 1592; x_wconf 90' lang='lat' dir='ltr'>processus</span> <span class='ocrx_word' id='word_1_225' title='bbox 1479 1534 1648 1590; x_wconf 81' lang='lat' dir='ltr'>longior</span> 
     </span>
    </p>
   </div>
   <div class='ocr_carea' id='block_1_17' title="bbox 82 1598 357 1647">
    <p class='ocr_par' dir='ltr' id='par_1_17' title="bbox 82 1598 357 1647">
     <span class='ocr_line' id='line_1_29' title="bbox 82 1598 357 1647; baseline 0.004 -15"><span class='ocrx_word' id='word_1_226' title='bbox 82 1598 357 1647; x_wconf 81' lang='lat' dir='ltr'>quaereretur.</span> 
     </span>
    </p>
   </div>
   <div class='ocr_carea' id='block_1_18' title="bbox 364 1824 705 1875">
    <p class='ocr_par' dir='ltr' id='par_1_18' title="bbox 364 1824 705 1875">
     <span class='ocr_line' id='line_1_30' title="bbox 364 1824 705 1875; baseline -0.006 -12"><span class='ocrx_word' id='word_1_227' title='bbox 364 1826 378 1844; x_wconf 56' lang='grc' dir='ltr'>Ε</span> <span class='ocrx_word' id='word_1_228' title='bbox 388 1835 468 1875; x_wconf 78' lang='lat' dir='ltr'>per</span> <span class='ocrx_word' id='word_1_229' title='bbox 483 1835 584 1875; x_wconf 59' lang='grc' dir='ltr'><strong><em>(μιᾶς</em></strong></span> <span class='ocrx_word' id='word_1_230' title='bbox 603 1824 705 1863; x_wconf 79' lang='lat' dir='ltr'>loca.</span> 
     </span>
    </p>
   </div>
   <div class='ocr_carea' id='block_1_19' title="bbox 121 1989 840 2032">
    <p class='ocr_par' dir='ltr' id='par_1_19' title="bbox 121 1989 840 2032">
     <span class='ocr_line' id='line_1_31' title="bbox 121 1989 840 2032; baseline 0 -10"><span class='ocrx_word' id='word_1_231' title='bbox 121 1992 179 2023; x_wconf 80' lang='lat'>33.</span> <span class='ocrx_word' id='word_1_232' title='bbox 207 1989 254 2021; x_wconf 82' lang='lat' dir='ltr'>Sic</span> <span class='ocrx_word' id='word_1_233' title='bbox 270 1990 483 2032; x_wconf 43' lang='lat' dir='ltr'>Mithridaten]</span> <span class='ocrx_word' id='word_1_234' title='bbox 533 1992 731 2031; x_wconf 86' lang='lat' dir='ltr'>Similitudo;</span> <span class='ocrx_word' id='word_1_235' title='bbox 756 2002 840 2029; x_wconf 88' lang='lat' dir='ltr'>nam,</span> 
     </span>
    </p>
   </div>
   <div class='ocr_carea' id='block_1_20' title="bbox 79 2033 841 2076">
    <p class='ocr_par' dir='ltr' id='par_1_20' title="bbox 79 2033 841 2076">
     <span class='ocr_line' id='line_1_32' title="bbox 79 2033 841 2076; baseline 0.003 -12"><span class='ocrx_word' id='word_1_236' title='bbox 79 2033 161 2064; x_wconf 83' lang='lat' dir='ltr'>sicut</span> <span class='ocrx_word' id='word_1_237' title='bbox 179 2034 299 2064; x_wconf 86' lang='lat' dir='ltr'>Medea</span> <span class='ocrx_word' id='word_1_238' title='bbox 326 2040 457 2076; x_wconf 87' lang='lat' dir='ltr'>patrem,</span> <span class='ocrx_word' id='word_1_239' title='bbox 487 2036 531 2066; x_wconf 89' lang='lat' dir='ltr'>sic</span> <span class='ocrx_word' id='word_1_240' title='bbox 550 2036 749 2066; x_wconf 78' lang='lat' dir='ltr'>Mithridates</span> <span class='ocrx_word' id='word_1_241' title='bbox 777 2035 841 2066; x_wconf 92' lang='lat' dir='ltr'>Lu·</span> 
     </span>
    </p>
   </div>
   <div class='ocr_carea' id='block_1_21' title="bbox 76 2076 840 2853">
    <p class='ocr_par' dir='ltr' id='par_1_21' title="bbox 78 2076 840 2290">
     <span class='ocr_line' id='line_1_33' title="bbox 80 2076 840 2118; baseline 0.003 -12"><span class='ocrx_word' id='word_1_242' title='bbox 80 2076 195 2107; x_wconf 88' lang='lat' dir='ltr'>cullum</span> <span class='ocrx_word' id='word_1_243' title='bbox 208 2078 387 2114; x_wconf 82' lang='lat' dir='ltr'>retardavit,</span> <span class='ocrx_word' id='word_1_244' title='bbox 404 2080 477 2108; x_wconf 87' lang='lat' dir='ltr'>dum</span> <span class='ocrx_word' id='word_1_245' title='bbox 498 2079 657 2110; x_wconf 84' lang='lat' dir='ltr'>thesauros</span> <span class='ocrx_word' id='word_1_246' title='bbox 672 2082 737 2118; x_wconf 85' lang='lat' dir='ltr'>ejus</span> <span class='ocrx_word' id='word_1_247' title='bbox 754 2089 840 2109; x_wconf 86' lang='lat' dir='ltr'>exer-</span> 
     </span>
     <span class='ocr_line' id='line_1_34' title="bbox 78 2119 840 2163; baseline 0.004 -14"><span class='ocrx_word' id='word_1_248' title='bbox 78 2120 156 2150; x_wconf 86' lang='lat' dir='ltr'>citui</span> <span class='ocrx_word' id='word_1_249' title='bbox 172 2119 365 2160; x_wconf 85' lang='lat' dir='ltr'>diripiendos</span> <span class='ocrx_word' id='word_1_250' title='bbox 378 2121 494 2162; x_wconf 88' lang='lat' dir='ltr'>objecit</span> <span class='ocrx_word' id='word_1_251' title='bbox 502 2127 573 2162; x_wconf 91' lang='lat' dir='ltr'>post</span> <span class='ocrx_word' id='word_1_252' title='bbox 581 2122 703 2152; x_wconf 88' lang='lat' dir='ltr'>cladem</span> <span class='ocrx_word' id='word_1_253' title='bbox 720 2122 759 2152; x_wconf 88' lang='lat' dir='ltr'>ad</span> <span class='ocrx_word' id='word_1_254' title='bbox 774 2121 840 2163; x_wconf 85' lang='lat' dir='ltr'>Cy-</span> 
     </span>
     <span class='ocr_line' id='line_1_35' title="bbox 80 2162 839 2206; baseline 0.003 -13"><span class='ocrx_word' id='word_1_255' title='bbox 80 2162 193 2200; x_wconf 81' lang='lat' dir='ltr'>zicum,</span> <span class='ocrx_word' id='word_1_256' title='bbox 230 2163 283 2193; x_wconf 90' lang='lat' dir='ltr'>ubi</span> <span class='ocrx_word' id='word_1_257' title='bbox 323 2169 410 2194; x_wconf 77' lang='lat' dir='ltr'>tanta</span> <span class='ocrx_word' id='word_1_258' title='bbox 439 2165 599 2195; x_wconf 83' lang='lat' dir='ltr'>hominum</span> <span class='ocrx_word' id='word_1_259' title='bbox 628 2175 839 2206; x_wconf 82' lang='lat' dir='ltr'>pecorumque</span> 
     </span>
     <span class='ocr_line' id='line_1_36' title="bbox 81 2206 839 2249; baseline 0.004 -13"><span class='ocrx_word' id='word_1_260' title='bbox 81 2211 199 2247; x_wconf 82' lang='lat' dir='ltr'>strages</span> <span class='ocrx_word' id='word_1_261' title='bbox 227 2206 309 2237; x_wconf 86' lang='lat' dir='ltr'>facta</span> <span class='ocrx_word' id='word_1_262' title='bbox 332 2212 390 2244; x_wconf 89' lang='lat' dir='ltr'>est,</span> <span class='ocrx_word' id='word_1_263' title='bbox 413 2213 448 2237; x_wconf 86' lang='lat' dir='ltr'>ut</span> <span class='ocrx_word' id='word_1_264' title='bbox 475 2207 627 2238; x_wconf 83' lang='lat' dir='ltr'>Granicus</span> <span class='ocrx_word' id='word_1_265' title='bbox 655 2214 687 2239; x_wconf 86' lang='lat' dir='ltr'>et</span> <span class='ocrx_word' id='word_1_266' title='bbox 713 2207 839 2249; x_wconf 85' lang='lat' dir='ltr'>Asopus</span> 
     </span>
     <span class='ocr_line' id='line_1_37' title="bbox 81 2250 655 2290; baseline 0.003 -11"><span class='ocrx_word' id='word_1_267' title='bbox 81 2258 189 2280; x_wconf 82' lang='lat' dir='ltr'>amnes</span> <span class='ocrx_word' id='word_1_268' title='bbox 203 2250 322 2280; x_wconf 84' lang='lat' dir='ltr'>cruenti</span> <span class='ocrx_word' id='word_1_269' title='bbox 338 2251 488 2290; x_wconf 82' lang='lat' dir='ltr'>sanguine</span> <span class='ocrx_word' id='word_1_270' title='bbox 503 2251 655 2282; x_wconf 78' lang='lat' dir='ltr'>fluxerint.</span> 
     </span>
    </p>

    <p class='ocr_par' dir='ltr' id='par_1_22' title="bbox 81 2292 839 2548">
     <span class='ocr_line' id='line_1_38' title="bbox 124 2292 839 2334; baseline 0.004 -12"><span class='ocrx_word' id='word_1_271' title='bbox 124 2294 178 2323; x_wconf 87' lang='lat'>46.</span> <span class='ocrx_word' id='word_1_272' title='bbox 201 2292 279 2323; x_wconf 81' lang='lat' dir='ltr'>Fani</span> <span class='ocrx_word' id='word_1_273' title='bbox 303 2294 543 2334; x_wconf 61' lang='lat' dir='ltr'>locupletissimi]</span> <span class='ocrx_word' id='word_1_274' title='bbox 590 2294 709 2324; x_wconf 85' lang='lat' dir='ltr'>Fanum</span> <span class='ocrx_word' id='word_1_275' title='bbox 726 2294 839 2325; x_wconf 87' lang='lat' dir='ltr'>Cuma-</span> 
     </span>
     <span class='ocr_line' id='line_1_39' title="bbox 81 2335 838 2377; baseline 0.004 -13"><span class='ocrx_word' id='word_1_276' title='bbox 81 2344 155 2365; x_wconf 81' lang='lat' dir='ltr'>num</span> <span class='ocrx_word' id='word_1_277' title='bbox 180 2335 345 2376; x_wconf 83' lang='lat' dir='ltr'>significat,</span> <span class='ocrx_word' id='word_1_278' title='bbox 368 2337 453 2377; x_wconf 91' lang='lat' dir='ltr'>quod</span> <span class='ocrx_word' id='word_1_279' title='bbox 469 2336 487 2366; x_wconf 71' lang='grc' dir='ltr'>εἰ</span> <span class='ocrx_word' id='word_1_280' title='bbox 517 2337 655 2367; x_wconf 71' lang='lat' dir='ltr'>Murena</span> <span class='ocrx_word' id='word_1_281' title='bbox 671 2337 838 2377; x_wconf 75' lang='lat' dir='ltr'>spoliatum</span> 
     </span>
     <span class='ocr_line' id='line_1_40' title="bbox 81 2379 839 2420; baseline 0.004 -13"><span class='ocrx_word' id='word_1_282' title='bbox 81 2383 141 2413; x_wconf 86' lang='lat' dir='ltr'>est,</span> <span class='ocrx_word' id='word_1_283' title='bbox 156 2379 306 2409; x_wconf 83' lang='lat' dir='ltr'>suadente</span> <span class='ocrx_word' id='word_1_284' title='bbox 319 2380 454 2420; x_wconf 87' lang='lat' dir='ltr'>quodam</span> <span class='ocrx_word' id='word_1_285' title='bbox 474 2380 642 2418; x_wconf 83' lang='lat' dir='ltr'>Archelao,</span> <span class='ocrx_word' id='word_1_286' title='bbox 667 2380 721 2420; x_wconf 84' lang='lat' dir='ltr'>qui</span> <span class='ocrx_word' id='word_1_287' title='bbox 742 2380 760 2410; x_wconf 71' lang='lat' dir='ltr'>a</span> <span class='ocrx_word' id='word_1_288' title='bbox 775 2380 839 2410; x_wconf 90' lang='lat' dir='ltr'>Mi-</span> 
     </span>
     <span class='ocr_line' id='line_1_41' title="bbox 81 2420 839 2463; baseline 0.004 -14"><span class='ocrx_word' id='word_1_289' title='bbox 81 2420 217 2451; x_wconf 83' lang='lat' dir='ltr'>thridate</span> <span class='ocrx_word' id='word_1_290' title='bbox 254 2423 421 2458; x_wconf 82' lang='lat' dir='ltr'>defecerat,</span> <span class='ocrx_word' id='word_1_291' title='bbox 445 2423 484 2453; x_wconf 88' lang='lat' dir='ltr'>de</span> <span class='ocrx_word' id='word_1_292' title='bbox 512 2433 574 2463; x_wconf 90' lang='lat' dir='ltr'>quo</span> <span class='ocrx_word' id='word_1_293' title='bbox 611 2422 777 2463; x_wconf 89' lang='lat' dir='ltr'>Appianus</span> <span class='ocrx_word' id='word_1_294' title='bbox 806 2423 839 2452; x_wconf 87' lang='lat' dir='ltr'>in</span> 
     </span>
     <span class='ocr_line' id='line_1_42' title="bbox 82 2463 839 2507; baseline 0.005 -15"><span class='ocrx_word' id='word_1_295' title='bbox 82 2463 230 2495; x_wconf 67' lang='lat' dir='ltr'>Mithrid.</span> <span class='ocrx_word' id='word_1_296' title='bbox 275 2465 360 2502; x_wconf 83' lang='lat' dir='ltr'>Quid</span> <span class='ocrx_word' id='word_1_297' title='bbox 389 2465 428 2496; x_wconf 91' lang='lat' dir='ltr'>sit</span> <span class='ocrx_word' id='word_1_298' title='bbox 454 2466 572 2507; x_wconf 81' lang='lat' dir='ltr'>sanum,</span> <span class='ocrx_word' id='word_1_299' title='bbox 595 2466 711 2496; x_wconf 80' lang='lat' dir='ltr'>dictum</span> <span class='ocrx_word' id='word_1_300' title='bbox 743 2470 789 2496; x_wconf 84' lang='lat' dir='ltr'>est</span> <span class='ocrx_word' id='word_1_301' title='bbox 806 2465 839 2496; x_wconf 90' lang='lat' dir='ltr'>in</span> 
     </span>
     <span class='ocr_line' id='line_1_43' title="bbox 82 2504 384 2548; baseline -0.003 -9"><span class='ocrx_word' id='word_1_302' title='bbox 82 2504 163 2539; x_wconf 89' lang='lat' dir='ltr'>Div.</span> <span class='ocrx_word' id='word_1_303' title='bbox 177 2518 244 2548; x_wconf 83' lang='lat' dir='ltr'>par.</span> <span class='ocrx_word' id='word_1_304' title='bbox 259 2511 290 2537; x_wconf 83' lang='lat'>4.</span> <span class='ocrx_word' id='word_1_305' title='bbox 318 2507 339 2539; x_wconf 86' lang='lat' dir='ltr'>l.</span> <span class='ocrx_word' id='word_1_306' title='bbox 355 2510 384 2538; x_wconf 91' lang='lat'>6.</span> 
     </span>
    </p>

    <p class='ocr_par' dir='ltr' id='par_1_23' title="bbox 76 2550 836 2853">
     <span class='ocr_line' id='line_1_44' title="bbox 126 2550 835 2592; baseline 0.001 -11"><span class='ocrx_word' id='word_1_307' title='bbox 126 2552 180 2581; x_wconf 84' lang='lat'>49.</span> <span class='ocrx_word' id='word_1_308' title='bbox 229 2550 359 2591; x_wconf 66' lang='lat' dir='ltr'>Urbem]</span> <span class='ocrx_word' id='word_1_309' title='bbox 403 2551 654 2592; x_wconf 84' lang='lat' dir='ltr'>Tigranocertam</span> <span class='ocrx_word' id='word_1_310' title='bbox 678 2551 835 2592; x_wconf 74' lang='lat' dir='ltr'>intelligit,</span> 
     </span>
     <span class='ocr_line' id='line_1_45' title="bbox 81 2593 836 2636; baseline -0.001 -11"><span class='ocrx_word' id='word_1_311' title='bbox 81 2603 176 2636; x_wconf 86' lang='lat' dir='ltr'>quam</span> <span class='ocrx_word' id='word_1_312' title='bbox 187 2593 335 2635; x_wconf 85' lang='lat' dir='ltr'>Tigranes</span> <span class='ocrx_word' id='word_1_313' title='bbox 349 2595 502 2630; x_wconf 85' lang='lat' dir='ltr'>condidit,</span> <span class='ocrx_word' id='word_1_314' title='bbox 525 2600 556 2625; x_wconf 93' lang='lat' dir='ltr'>et</span> <span class='ocrx_word' id='word_1_315' title='bbox 572 2605 627 2626; x_wconf 85' lang='lat' dir='ltr'>suo</span> <span class='ocrx_word' id='word_1_316' title='bbox 643 2594 767 2625; x_wconf 84' lang='lat' dir='ltr'>nomine</span> <span class='ocrx_word' id='word_1_317' title='bbox 780 2605 836 2636; x_wconf 85' lang='lat' dir='ltr'>ap-</span> 
     </span>
     <span class='ocr_line' id='line_1_46' title="bbox 80 2636 836 2679; baseline 0.003 -13"><span class='ocrx_word' id='word_1_318' title='bbox 80 2636 221 2679; x_wconf 80' lang='lat' dir='ltr'>pellavit.</span> <span class='ocrx_word' id='word_1_319' title='bbox 265 2636 343 2678; x_wconf 89' lang='lat' dir='ltr'>Ejus</span> <span class='ocrx_word' id='word_1_320' title='bbox 358 2647 459 2668; x_wconf 83' lang='lat' dir='ltr'>muros</span> <span class='ocrx_word' id='word_1_321' title='bbox 483 2638 711 2678; x_wconf 83' lang='lat' dir='ltr'>quinquaginta</span> <span class='ocrx_word' id='word_1_322' title='bbox 725 2638 836 2668; x_wconf 87' lang='lat' dir='ltr'>cubitis</span> 
     </span>
     <span class='ocr_line' id='line_1_47' title="bbox 82 2679 835 2721; baseline -0.001 -10"><span class='ocrx_word' id='word_1_323' title='bbox 82 2680 161 2711; x_wconf 79' lang='lat' dir='ltr'>altos</span> <span class='ocrx_word' id='word_1_324' title='bbox 171 2679 257 2716; x_wconf 77' lang='lat' dir='ltr'>fecit,</span> <span class='ocrx_word' id='word_1_325' title='bbox 279 2680 313 2710; x_wconf 86' lang='lat' dir='ltr'>in</span> <span class='ocrx_word' id='word_1_326' title='bbox 328 2690 422 2721; x_wconf 84' lang='lat' dir='ltr'>quam</span> <span class='ocrx_word' id='word_1_327' title='bbox 437 2681 531 2711; x_wconf 87' lang='lat' dir='ltr'>totius</span> <span class='ocrx_word' id='word_1_328' title='bbox 551 2682 597 2710; x_wconf 89' lang='lat' dir='ltr'>sui</span> <span class='ocrx_word' id='word_1_329' title='bbox 612 2681 701 2721; x_wconf 82' lang='lat' dir='ltr'>regni</span> <span class='ocrx_word' id='word_1_330' title='bbox 718 2681 835 2711; x_wconf 82' lang='lat' dir='ltr'>ditissi-</span> 
     </span>
     <span class='ocr_line' id='line_1_48' title="bbox 80 2723 834 2764; baseline 0 -10"><span class='ocrx_word' id='word_1_331' title='bbox 80 2723 123 2754; x_wconf 76' lang='lat' dir='ltr'>mi</span> <span class='ocrx_word' id='word_1_332' title='bbox 133 2723 262 2764; x_wconf 82' lang='lat' dir='ltr'>quique,</span> <span class='ocrx_word' id='word_1_333' title='bbox 277 2729 312 2753; x_wconf 85' lang='lat' dir='ltr'>ut</span> <span class='ocrx_word' id='word_1_334' title='bbox 326 2724 392 2764; x_wconf 74' lang='lat' dir='ltr'>regi</span> <span class='ocrx_word' id='word_1_335' title='bbox 407 2723 658 2764; x_wconf 85' lang='lat' dir='ltr'>gratificarentur,</span> <span class='ocrx_word' id='word_1_336' title='bbox 683 2734 753 2754; x_wconf 86' lang='lat' dir='ltr'>suos</span> <span class='ocrx_word' id='word_1_337' title='bbox 766 2725 834 2754; x_wconf 87' lang='lat' dir='ltr'>the-</span> 
     </span>
     <span class='ocr_line' id='line_1_49' title="bbox 77 2766 835 2808; baseline 0 -11"><span class='ocrx_word' id='word_1_338' title='bbox 77 2777 184 2797; x_wconf 81' lang='lat' dir='ltr'>sauros</span> <span class='ocrx_word' id='word_1_339' title='bbox 200 2767 451 2807; x_wconf 84' lang='lat' dir='ltr'>deportaverunt.</span> <span class='ocrx_word' id='word_1_340' title='bbox 492 2766 531 2797; x_wconf 89' lang='lat' dir='ltr'>In</span> <span class='ocrx_word' id='word_1_341' title='bbox 546 2766 617 2803; x_wconf 70' lang='lat' dir='ltr'>hac,</span> <span class='ocrx_word' id='word_1_342' title='bbox 642 2766 745 2808; x_wconf 87' lang='lat' dir='ltr'>inquit</span> <span class='ocrx_word' id='word_1_343' title='bbox 759 2766 835 2797; x_wconf 92' lang='lat' dir='ltr'>Plu-</span> 
     </span>
     <span class='ocr_line' id='line_1_50' title="bbox 76 2808 835 2853; baseline 0.005 -13"><span class='ocrx_word' id='word_1_344' title='bbox 76 2810 212 2852; x_wconf 82' lang='lat' dir='ltr'>tarchus,</span> <span class='ocrx_word' id='word_1_345' title='bbox 225 2813 336 2852; x_wconf 82' lang='lat' dir='ltr'>praeter</span> <span class='ocrx_word' id='word_1_346' title='bbox 346 2808 458 2843; x_wconf 81' lang='lat' dir='ltr'>multas</span> <span class='ocrx_word' id='word_1_347' title='bbox 469 2819 561 2853; x_wconf 86' lang='lat' dir='ltr'>opes,</span> <span class='ocrx_word' id='word_1_348' title='bbox 570 2809 754 2844; x_wconf 80' lang='lat' dir='ltr'>talentorum</span> <span class='ocrx_word' id='word_1_349' title='bbox 764 2815 835 2844; x_wconf 86' lang='lat' dir='ltr'>octo</span> 
     </span>
    </p>
   </div>
   <div class='ocr_carea' id='block_1_22' title="bbox 3 1591 1647 1707">
    <p class='ocr_par' dir='ltr' id='par_1_24' title="bbox 3 1591 1647 1707">
     <span class='ocr_line' id='line_1_51' title="bbox 436 1591 1647 1649; baseline 0 -17"><span class='ocrx_word' id='word_1_350' title='bbox 436 1591 716 1634; x_wconf 85' lang='lat' dir='ltr'>Mithridates</span> <span class='ocrx_word' id='word_1_351' title='bbox 756 1598 900 1633; x_wconf 88' lang='lat' dir='ltr'>autem</span> <span class='ocrx_word' id='word_1_352' title='bbox 946 1599 990 1633; x_wconf 92' lang='lat' dir='ltr'>et</span> <span class='ocrx_word' id='word_1_353' title='bbox 1020 1607 1140 1634; x_wconf 88' lang='lat' dir='ltr'>suam</span> <span class='ocrx_word' id='word_1_354' title='bbox 1168 1607 1343 1634; x_wconf 89' lang='lat' dir='ltr'>manum</span> <span class='ocrx_word' id='word_1_355' title='bbox 1366 1593 1459 1649; x_wconf 87' lang='lat' dir='ltr'>jam</span> <span class='ocrx_word' id='word_1_356' title='bbox 1490 1592 1647 1632; x_wconf 88' lang='lat' dir='ltr'>confir-</span> 
     </span>
     <span class='ocr_line' id='line_1_52' title="bbox 3 1648 1644 1707; baseline -0.001 -16"><span class='ocrx_word' id='word_1_357' title='bbox 3 1653 60 1696; x_wconf 87' lang='grc'>55</span> <span class='ocrx_word' id='word_1_358' title='bbox 79 1649 228 1703; x_wconf 70' lang='lat' dir='ltr'>marat,</span> <span class='ocrx_word' id='word_1_359' title='bbox 259 1655 303 1692; x_wconf 88' lang='lat' dir='ltr'>et</span> <span class='ocrx_word' id='word_1_360' title='bbox 333 1662 479 1691; x_wconf 90' lang='lat' dir='ltr'>eorum</span> <span class='ocrx_word' id='word_1_361' title='bbox 510 1648 583 1706; x_wconf 87' lang='lat' dir='ltr'>qui</span> <span class='ocrx_word' id='word_1_362' title='bbox 614 1663 661 1691; x_wconf 91' lang='lat' dir='ltr'>se</span> <span class='ocrx_word' id='word_1_363' title='bbox 693 1663 746 1692; x_wconf 85' lang='lat' dir='ltr'>ex</span> <span class='ocrx_word' id='word_1_364' title='bbox 778 1649 870 1705; x_wconf 85' lang='lat' dir='ltr'>ejus</span> <span class='ocrx_word' id='word_1_365' title='bbox 900 1663 1032 1706; x_wconf 88' lang='lat' dir='ltr'>regno</span> <span class='ocrx_word' id='word_1_366' title='bbox 1062 1649 1366 1707; x_wconf 81' lang='lat' dir='ltr'>fcollegerant,</span> <span class='ocrx_word' id='word_1_367' title='bbox 1397 1654 1442 1691; x_wconf 89' lang='lat' dir='ltr'>et</span> <span class='ocrx_word' id='word_1_368' title='bbox 1475 1648 1644 1706; x_wconf 85' lang='lat' dir='ltr'>magnis</span> 
     </span>
    </p>
   </div>
   <div class='ocr_carea' id='block_1_23' title="bbox 958 1813 1357 1878">
    <p class='ocr_par' dir='ltr' id='par_1_25' title="bbox 958 1813 1357 1878">
     <span class='ocr_line' id='line_1_53' title="bbox 958 1813 1357 1878; baseline 0.003 -16"><span class='ocrx_word' id='word_1_369' title='bbox 958 1820 970 1844; x_wconf 75' lang='lat' dir='ltr'>f</span> <span class='ocrx_word' id='word_1_370' title='bbox 979 1813 1357 1878; x_wconf 29' lang='lat' dir='ltr'>congregaverant.-</span> 
     </span>
    </p>
   </div>
   <div class='ocr_carea' id='block_1_24' title="bbox 877 1991 1641 2845">
    <p class='ocr_par' dir='ltr' id='par_1_26' title="bbox 881 1991 1641 2464">
     <span class='ocr_line' id='line_1_54' title="bbox 885 1991 1639 2034; baseline 0.004 -13"><span class='ocrx_word' id='word_1_371' title='bbox 885 1991 982 2023; x_wconf 80' lang='lat' dir='ltr'>millia</span> <span class='ocrx_word' id='word_1_372' title='bbox 1005 1991 1151 2023; x_wconf 86' lang='lat' dir='ltr'>Lucullus</span> <span class='ocrx_word' id='word_1_373' title='bbox 1179 1993 1314 2034; x_wconf 86' lang='lat' dir='ltr'>reperit;</span> <span class='ocrx_word' id='word_1_374' title='bbox 1352 1993 1392 2023; x_wconf 88' lang='lat' dir='ltr'>ad</span> <span class='ocrx_word' id='word_1_375' title='bbox 1421 1994 1502 2024; x_wconf 90' lang='lat' dir='ltr'>hanc</span> <span class='ocrx_word' id='word_1_376' title='bbox 1532 1993 1639 2025; x_wconf 88' lang='lat' dir='ltr'>urbem</span> 
     </span>
     <span class='ocr_line' id='line_1_55' title="bbox 884 2035 1639 2078; baseline 0.003 -13"><span class='ocrx_word' id='word_1_377' title='bbox 884 2035 1077 2066; x_wconf 85' lang='lat' dir='ltr'>Mithridatis</span> <span class='ocrx_word' id='word_1_378' title='bbox 1101 2040 1132 2066; x_wconf 90' lang='lat' dir='ltr'>et</span> <span class='ocrx_word' id='word_1_379' title='bbox 1160 2036 1305 2076; x_wconf 83' lang='lat' dir='ltr'>Tigranis</span> <span class='ocrx_word' id='word_1_380' title='bbox 1324 2036 1443 2076; x_wconf 87' lang='lat' dir='ltr'>copias,</span> <span class='ocrx_word' id='word_1_381' title='bbox 1465 2037 1497 2067; x_wconf 89' lang='lat' dir='ltr'>in</span> <span class='ocrx_word' id='word_1_382' title='bbox 1527 2037 1639 2078; x_wconf 85' lang='lat' dir='ltr'>quibus</span> 
     </span>
     <span class='ocr_line' id='line_1_56' title="bbox 884 2079 1640 2121; baseline 0.004 -14"><span class='ocrx_word' id='word_1_383' title='bbox 884 2085 973 2108; x_wconf 85' lang='lat' dir='ltr'>erant</span> <span class='ocrx_word' id='word_1_384' title='bbox 1010 2079 1145 2108; x_wconf 84' lang='lat' dir='ltr'>ducenta</span> <span class='ocrx_word' id='word_1_385' title='bbox 1174 2079 1399 2120; x_wconf 82' lang='lat' dir='ltr'>quinquaginta</span> <span class='ocrx_word' id='word_1_386' title='bbox 1427 2080 1583 2121; x_wconf 87' lang='lat' dir='ltr'>peditum,</span> <span class='ocrx_word' id='word_1_387' title='bbox 1608 2086 1640 2111; x_wconf 80' lang='lat' dir='ltr'>et</span> 
     </span>
     <span class='ocr_line' id='line_1_57' title="bbox 883 2121 1640 2163; baseline 0.005 -13"><span class='ocrx_word' id='word_1_388' title='bbox 883 2121 1021 2162; x_wconf 86' lang='lat' dir='ltr'>equitum</span> <span class='ocrx_word' id='word_1_389' title='bbox 1031 2121 1371 2162; x_wconf 80' lang='lat' dir='ltr'>quinquagintamillia,</span> <span class='ocrx_word' id='word_1_390' title='bbox 1385 2122 1531 2154; x_wconf 81' lang='lat' dir='ltr'>Lucullus</span> <span class='ocrx_word' id='word_1_391' title='bbox 1544 2133 1640 2163; x_wconf 86' lang='lat' dir='ltr'>parvo</span> 
     </span>
     <span class='ocr_line' id='line_1_58' title="bbox 883 2165 1639 2207; baseline 0.004 -13"><span class='ocrx_word' id='word_1_392' title='bbox 883 2175 1005 2194; x_wconf 88' lang='lat' dir='ltr'>suorum</span> <span class='ocrx_word' id='word_1_393' title='bbox 1021 2175 1149 2195; x_wconf 88' lang='lat' dir='ltr'>numero</span> <span class='ocrx_word' id='word_1_394' title='bbox 1165 2166 1334 2207; x_wconf 86' lang='lat' dir='ltr'>superavit.</span> <span class='ocrx_word' id='word_1_395' title='bbox 1379 2165 1456 2196; x_wconf 84' lang='lat' dir='ltr'>Post</span> <span class='ocrx_word' id='word_1_396' title='bbox 1478 2166 1559 2196; x_wconf 91' lang='lat' dir='ltr'>hanc</span> <span class='ocrx_word' id='word_1_397' title='bbox 1575 2166 1639 2197; x_wconf 87' lang='lat' dir='ltr'>cla-</span> 
     </span>
     <span class='ocr_line' id='line_1_59' title="bbox 884 2207 1641 2249; baseline 0.004 -12"><span class='ocrx_word' id='word_1_398' title='bbox 884 2208 968 2244; x_wconf 86' lang='lat' dir='ltr'>dem,</span> <span class='ocrx_word' id='word_1_399' title='bbox 986 2208 1048 2237; x_wconf 84' lang='lat' dir='ltr'>duo</span> <span class='ocrx_word' id='word_1_400' title='bbox 1064 2207 1109 2237; x_wconf 87' lang='lat' dir='ltr'>illi</span> <span class='ocrx_word' id='word_1_401' title='bbox 1132 2218 1220 2248; x_wconf 89' lang='lat' dir='ltr'>reges</span> <span class='ocrx_word' id='word_1_402' title='bbox 1247 2209 1341 2239; x_wconf 85' lang='lat' dir='ltr'>alium</span> <span class='ocrx_word' id='word_1_403' title='bbox 1362 2208 1510 2249; x_wconf 70' lang='lat' dir='ltr'>pararunt</span> <span class='ocrx_word' id='word_1_404' title='bbox 1524 2209 1641 2240; x_wconf 81' lang='lat' dir='ltr'>exerci-</span> 
     </span>
     <span class='ocr_line' id='line_1_60' title="bbox 883 2250 1640 2292; baseline 0.004 -12"><span class='ocrx_word' id='word_1_405' title='bbox 883 2255 960 2286; x_wconf 89' lang='lat' dir='ltr'>tum,</span> <span class='ocrx_word' id='word_1_406' title='bbox 985 2250 1018 2281; x_wconf 88' lang='lat' dir='ltr'>in</span> <span class='ocrx_word' id='word_1_407' title='bbox 1033 2261 1094 2292; x_wconf 92' lang='lat' dir='ltr'>quo</span> <span class='ocrx_word' id='word_1_408' title='bbox 1109 2251 1307 2292; x_wconf 79' lang='lat' dir='ltr'>septuaginta</span> <span class='ocrx_word' id='word_1_409' title='bbox 1321 2252 1461 2292; x_wconf 87' lang='lat' dir='ltr'>peditum</span> <span class='ocrx_word' id='word_1_410' title='bbox 1476 2252 1584 2288; x_wconf 77' lang='lat' dir='ltr'>miliia,</span> <span class='ocrx_word' id='word_1_411' title='bbox 1608 2257 1640 2283; x_wconf 92' lang='lat' dir='ltr'>et</span> 
     </span>
     <span class='ocr_line' id='line_1_61' title="bbox 883 2293 1637 2336; baseline 0.003 -13"><span class='ocrx_word' id='word_1_412' title='bbox 883 2293 1022 2334; x_wconf 88' lang='lat' dir='ltr'>equitum</span> <span class='ocrx_word' id='word_1_413' title='bbox 1051 2294 1178 2335; x_wconf 85' lang='lat' dir='ltr'>triginta</span> <span class='ocrx_word' id='word_1_414' title='bbox 1213 2295 1350 2336; x_wconf 86' lang='lat' dir='ltr'>quinque</span> <span class='ocrx_word' id='word_1_415' title='bbox 1379 2295 1637 2326; x_wconf 79' lang='lat' dir='ltr'>numerabantur:</span> 
     </span>
     <span class='ocr_line' id='line_1_62' title="bbox 882 2336 1638 2379; baseline 0.003 -13"><span class='ocrx_word' id='word_1_416' title='bbox 882 2337 965 2367; x_wconf 89' lang='lat' dir='ltr'>hunc</span> <span class='ocrx_word' id='word_1_417' title='bbox 989 2336 1101 2367; x_wconf 78' lang='lat' dir='ltr'>iterum</span> <span class='ocrx_word' id='word_1_418' title='bbox 1128 2337 1274 2368; x_wconf 84' lang='lat' dir='ltr'>Lucullus</span> <span class='ocrx_word' id='word_1_419' title='bbox 1301 2337 1488 2379; x_wconf 85' lang='lat' dir='ltr'>profligavit.</span> <span class='ocrx_word' id='word_1_420' title='bbox 1534 2337 1638 2374; x_wconf 73' lang='lat' dir='ltr'>Quare</span> 
     </span>
     <span class='ocr_line' id='line_1_63' title="bbox 881 2379 1641 2419; baseline 0.004 -11"><span class='ocrx_word' id='word_1_421' title='bbox 881 2379 1032 2419; x_wconf 80' lang='lat' dir='ltr'>Tigranes</span> <span class='ocrx_word' id='word_1_422' title='bbox 1056 2381 1088 2410; x_wconf 88' lang='lat' dir='ltr'>in</span> <span class='ocrx_word' id='word_1_423' title='bbox 1104 2379 1282 2412; x_wconf 86' lang='lat' dir='ltr'>Armeniam</span> <span class='ocrx_word' id='word_1_424' title='bbox 1310 2380 1497 2418; x_wconf 83' lang='lat' dir='ltr'>interiorem,</span> <span class='ocrx_word' id='word_1_425' title='bbox 1512 2381 1641 2412; x_wconf 83' lang='lat' dir='ltr'>Mithri-</span> 
     </span>
     <span class='ocr_line' id='line_1_64' title="bbox 881 2422 1283 2464; baseline 0.007 -12"><span class='ocrx_word' id='word_1_426' title='bbox 881 2422 969 2452; x_wconf 86' lang='lat' dir='ltr'>dates</span> <span class='ocrx_word' id='word_1_427' title='bbox 986 2422 1017 2452; x_wconf 88' lang='lat' dir='ltr'>in</span> <span class='ocrx_word' id='word_1_428' title='bbox 1032 2422 1178 2459; x_wconf 84' lang='lat' dir='ltr'>Pontum,</span> <span class='ocrx_word' id='word_1_429' title='bbox 1192 2424 1283 2464; x_wconf 83' lang='lat' dir='ltr'>fugit.</span> 
     </span>
    </p>

    <p class='ocr_par' dir='ltr' id='par_1_27' title="bbox 877 2465 1639 2845">
     <span class='ocr_line' id='line_1_65' title="bbox 924 2465 1639 2508; baseline 0.004 -14"><span class='ocrx_word' id='word_1_430' title='bbox 924 2465 978 2496; x_wconf 87' lang='lat'>50.</span> <span class='ocrx_word' id='word_1_431' title='bbox 1000 2465 1253 2508; x_wconf 63' lang='lat' dir='ltr'>Longinquirate]</span> <span class='ocrx_word' id='word_1_432' title='bbox 1301 2466 1435 2499; x_wconf 84' lang='lat' dir='ltr'>Occulat</span> <span class='ocrx_word' id='word_1_433' title='bbox 1449 2466 1500 2499; x_wconf 81' lang='lat' dir='ltr'>hic</span> <span class='ocrx_word' id='word_1_434' title='bbox 1516 2467 1639 2498; x_wconf 89' lang='lat' dir='ltr'>Luculli</span> 
     </span>
     <span class='ocr_line' id='line_1_66' title="bbox 882 2508 1638 2550; baseline 0.004 -13"><span class='ocrx_word' id='word_1_435' title='bbox 882 2508 1115 2548; x_wconf 83' lang='lat' dir='ltr'>turpitudinem,</span> <span class='ocrx_word' id='word_1_436' title='bbox 1139 2511 1192 2550; x_wconf 90' lang='lat' dir='ltr'>qui</span> <span class='ocrx_word' id='word_1_437' title='bbox 1222 2511 1342 2540; x_wconf 85' lang='lat' dir='ltr'>hostem</span> <span class='ocrx_word' id='word_1_438' title='bbox 1369 2510 1543 2550; x_wconf 82' lang='lat' dir='ltr'>fugientem</span> <span class='ocrx_word' id='word_1_439' title='bbox 1566 2510 1638 2540; x_wconf 87' lang='lat' dir='ltr'>reli-</span> 
     </span>
     <span class='ocr_line' id='line_1_67' title="bbox 880 2550 1637 2594; baseline 0.005 -14"><span class='ocrx_word' id='word_1_440' title='bbox 880 2550 970 2590; x_wconf 84' lang='lat' dir='ltr'>quit;</span> <span class='ocrx_word' id='word_1_441' title='bbox 995 2557 1026 2582; x_wconf 89' lang='lat' dir='ltr'>et</span> <span class='ocrx_word' id='word_1_442' title='bbox 1051 2552 1167 2583; x_wconf 87' lang='lat' dir='ltr'>factum</span> <span class='ocrx_word' id='word_1_443' title='bbox 1184 2552 1251 2594; x_wconf 87' lang='lat' dir='ltr'>ejus</span> <span class='ocrx_word' id='word_1_444' title='bbox 1267 2559 1395 2584; x_wconf 85' lang='lat' dir='ltr'>excusat</span> <span class='ocrx_word' id='word_1_445' title='bbox 1408 2552 1637 2594; x_wconf 77' lang='lat' dir='ltr'>longinquitate</span> 
     </span>
     <span class='ocr_line' id='line_1_68' title="bbox 878 2592 1636 2635; baseline 0.005 -12"><span class='ocrx_word' id='word_1_446' title='bbox 878 2592 1027 2630; x_wconf 88' lang='lat' dir='ltr'>locorum,</span> <span class='ocrx_word' id='word_1_447' title='bbox 1041 2603 1092 2625; x_wconf 89' lang='lat' dir='ltr'>aut</span> <span class='ocrx_word' id='word_1_448' title='bbox 1106 2595 1210 2635; x_wconf 76' lang='lat' dir='ltr'>potius</span> <span class='ocrx_word' id='word_1_449' title='bbox 1225 2596 1376 2627; x_wconf 86' lang='lat' dir='ltr'>seditione</span> <span class='ocrx_word' id='word_1_450' title='bbox 1387 2595 1527 2627; x_wconf 82' lang='lat' dir='ltr'>militum.</span> <span class='ocrx_word' id='word_1_451' title='bbox 1551 2595 1636 2627; x_wconf 89' lang='lat' dir='ltr'>Nam</span> 
     </span>
     <span class='ocr_line' id='line_1_69' title="bbox 879 2636 1637 2680; baseline 0.005 -14"><span class='ocrx_word' id='word_1_452' title='bbox 879 2636 1055 2668; x_wconf 81' lang='lat' dir='ltr'>Valerianae</span> <span class='ocrx_word' id='word_1_453' title='bbox 1083 2638 1224 2679; x_wconf 86' lang='lat' dir='ltr'>legiones</span> <span class='ocrx_word' id='word_1_454' title='bbox 1254 2638 1465 2670; x_wconf 72' lang='lat' dir='ltr'>detrectarunt</span> <span class='ocrx_word' id='word_1_455' title='bbox 1493 2639 1637 2680; x_wconf 81' lang='lat' dir='ltr'>imperia,</span> 
     </span>
     <span class='ocr_line' id='line_1_70' title="bbox 878 2679 1636 2723; baseline 0.005 -14"><span class='ocrx_word' id='word_1_456' title='bbox 878 2679 960 2719; x_wconf 75' lang='lat' dir='ltr'>qudd</span> <span class='ocrx_word' id='word_1_457' title='bbox 972 2691 1027 2711; x_wconf 87' lang='lat' dir='ltr'>sua</span> <span class='ocrx_word' id='word_1_458' title='bbox 1037 2681 1193 2722; x_wconf 66' lang='lat' dir='ltr'>stipendia</span> <span class='ocrx_word' id='word_1_459' title='bbox 1204 2682 1427 2723; x_wconf 79' lang='lat' dir='ltr'>implevissent.</span> <span class='ocrx_word' id='word_1_460' title='bbox 1450 2682 1636 2714; x_wconf 85' lang='lat' dir='ltr'>Plutarchus</span> 
     </span>
     <span class='ocr_line' id='line_1_71' title="bbox 877 2722 1635 2766; baseline 0.005 -14"><span class='ocrx_word' id='word_1_461' title='bbox 877 2722 920 2752; x_wconf 83' lang='lat' dir='ltr'>ait</span> <span class='ocrx_word' id='word_1_462' title='bbox 948 2724 1069 2755; x_wconf 90' lang='lat' dir='ltr'>Luculli</span> <span class='ocrx_word' id='word_1_463' title='bbox 1097 2725 1244 2766; x_wconf 66' lang='lat' dir='ltr'>superbia</span> <span class='ocrx_word' id='word_1_464' title='bbox 1281 2730 1313 2756; x_wconf 89' lang='lat' dir='ltr'>et</span> <span class='ocrx_word' id='word_1_465' title='bbox 1341 2725 1470 2756; x_wconf 73' lang='lat' dir='ltr'>avaritia</span> <span class='ocrx_word' id='word_1_466' title='bbox 1500 2726 1635 2757; x_wconf 80' lang='lat' dir='ltr'>offensos</span> 
     </span>
     <span class='ocr_line' id='line_1_72' title="bbox 877 2765 1635 2809; baseline 0.007 -13"><span class='ocrx_word' id='word_1_467' title='bbox 877 2765 973 2798; x_wconf 78' lang='lat' dir='ltr'>fuisse</span> <span class='ocrx_word' id='word_1_468' title='bbox 998 2767 1125 2804; x_wconf 81' lang='lat' dir='ltr'>milites,</span> <span class='ocrx_word' id='word_1_469' title='bbox 1146 2768 1200 2809; x_wconf 83' lang='lat' dir='ltr'>qui</span> <span class='ocrx_word' id='word_1_470' title='bbox 1223 2769 1264 2800; x_wconf 82' lang='lat' dir='ltr'>ad</span> <span class='ocrx_word' id='word_1_471' title='bbox 1279 2768 1489 2803; x_wconf 80' lang='lat' dir='ltr'>defectionem</span> <span class='ocrx_word' id='word_1_472' title='bbox 1517 2769 1536 2801; x_wconf 70' lang='grc' dir='ltr'>εἴ</span> <span class='ocrx_word' id='word_1_473' title='bbox 1553 2768 1635 2801; x_wconf 83' lang='lat' dir='ltr'>Pub.</span> 
     </span>
     <span class='ocr_line' id='line_1_73' title="bbox 877 2807 1260 2845; baseline 0 -1"><span class='ocrx_word' id='word_1_474' title='bbox 877 2807 995 2845; x_wconf 77' lang='lat' dir='ltr'>Clodio</span> <span class='ocrx_word' id='word_1_475' title='bbox 1008 2810 1165 2845; x_wconf 74' lang='lat' dir='ltr'>sollicitati</span> <span class='ocrx_word' id='word_1_476' title='bbox 1179 2816 1260 2845; x_wconf 78' lang='lat' dir='ltr'>sunt.</span> 
     </span>
    </p>
   </div>
  </div>
 </body>
</html>
