1790 3090
77 147 149 190 x続iv'
630 143 680 177 M.
700 137 852 176 TULLII
877 141 1123 177 CICERONIS

73 227 125 263 ac
150 220 329 278 primam
362 221 407 263 in
438 234 550 272 eum,
572 219 821 272 secundam,
844 225 888 262 et
919 220 1089 263 tertiam
1119 219 1355 265 orationem
1386 219 1665 269 Consularem

72 278 237 331 habuit,
258 286 349 320 tum
383 278 427 319 in
459 278 635 328 Senatu,
658 283 750 317 tum
781 277 835 318 ad
855 279 1062 334 populum
1080 295 1091 331 余
1123 277 1354 335 effecitque
1388 285 1436 320 ut
1471 278 1664 335 Respub.

72 350 229 391 magno
250 335 525 391 largitionum
545 340 662 375 metu
680 333 946 376 liberaretur:
980 335 1199 377 Othonem
1216 337 1376 392 populo
1391 335 1664 377 conciliavit:

71 407 171 433 nam
184 392 256 434 ille
264 392 438 434 veniens
451 391 495 432 in
508 391 736 441 theatrum,
745 390 843 432 cum
855 391 1010 447 partim
1022 392 1076 433 ab
1086 392 1304 448 equitibus
1317 407 1482 433 summo
1496 393 1665 448 plausu,

71 449 226 505 partim
245 448 270 490 a
284 449 409 506 plebe
423 447 561 489 sibilis
577 454 620 488 et
636 447 840 488 conviciis
855 447 1138 503 exciperetur,
1151 462 1203 489 ac
1214 448 1320 489 nihil
1332 449 1466 505 prope
1480 449 1666 500 abesset,

70 505 174 561 quin
188 506 327 547 caedes
345 505 557 560 utrimque
575 503 760 545 maxima
775 504 910 553 fieret,
928 504 1080 546 Cicero
1099 503 1279 556 Consul,
1294 506 1416 560 cujus
1430 513 1520 547 erat
1535 505 1664 547 saluti

70 561 228 603 civium
244 561 502 619 prospicere,
519 562 724 617 populum
744 560 786 601 in
805 560 1061 603 concionem
1075 560 1130 602 ad
1147 561 1283 602 eedem
1300 561 1492 603 Bellonae
1509 575 1665 604 convo-

70 619 186 660 cavit
203 635 213 670 余
264 617 508 674 effecitque,
544 625 587 659 et
620 617 970 674 reprehendendo
1005 625 1050 659 et
1083 616 1261 674 paterne
1293 618 1579 669 admonendo,
1613 625 1665 660 ut

68 675 254 717 universi
275 676 329 717 ad
349 676 562 717 theatrum
591 674 747 716 reversi
779 689 934 731 magno
961 675 1113 731 plausu
1139 674 1358 716 Othonem
1392 675 1663 730 exciperent:

67 733 180 788 apud
213 733 417 789 populum
451 730 551 772 verb
584 730 808 773 Rabirium
842 731 1050 783 defendit,
1075 729 1159 783 cui,
1194 731 1430 788 instigante
1467 731 1519 772 C.
1544 731 1662 773 Julio

69 789 254 840 Caesare,
277 790 370 831 dies
389 787 697 845 perduellionis
719 787 745 829 a
767 788 954 830 Labieno
976 789 1118 830 dictus
1139 795 1244 830 erat.

115 846 176 887 At
189 846 421 901 praesertim
429 844 641 897 Catilinae,
651 844 1014 901 perniciosissime
1026 845 1217 887 omnium
1230 845 1282 887 de
1291 845 1460 900 Repub.
1470 844 1663 901 cogitan-

65 902 139 954 tis,
155 902 285 958 fregit
299 901 536 953 audaciam,
552 908 595 943 et
608 902 864 958 compressit
877 902 1077 959 impetus.
1109 900 1219 943 Cum
1233 902 1347 944 enim
1363 902 1436 944 ille
1448 902 1519 943 vix
1533 901 1664 942 ferret

65 959 352 1014 antepositum
361 958 443 1000 sibi
453 958 585 1000 fuisse
593 958 637 999 in
645 958 885 1000 Consulatu
894 959 1081 1015 petendo
1091 959 1358 1010 Ciceronem,
1366 973 1483 1000 arma
1494 972 1569 1015 per
1578 956 1662 999 Ita-

64 1015 281 1057 liamlocis
290 1015 540 1071 opportunis
549 1021 786 1070 paraverat3
801 1015 1198 1072 quo,acpraesertim
1207 1015 1410 1068 Faesulas,
1420 1015 1660 1072 pecuniam,

64 1072 144 1114 sua
159 1079 233 1114 aut
253 1073 487 1113 amicorum
499 1072 584 1113 fide
597 1079 823 1128 sumptam,
841 1072 895 1113 ad
909 1072 960 1113 C.
977 1072 1191 1113 Manlium
1208 1073 1501 1114 centurionem
1520 1077 1661 1127 porta-

63 1130 153 1180 bat,
168 1130 412 1184 multosque
429 1128 513 1170 sibi
530 1128 720 1184 cujusvis
737 1129 905 1184 generis
921 1128 1117 1169 homines
1132 1129 1410 1184 adjungebat,
1426 1128 1583 1184 quibus
1593 1128 1662 1183 ju-

62 1185 262 1227 vantibus
279 1192 353 1225 aut
366 1184 530 1226 Consul
545 1184 589 1224 in
602 1191 855 1240 sequentem
867 1198 1027 1226 annum
1040 1184 1350 1241 designaretur,
1364 1191 1439 1226 aut
1452 1183 1661 1240 Rempub.

62 1243 279 1298 perderet3
301 1241 344 1282 id
362 1242 435 1282 ubi
451 1249 718 1297 compertum
733 1241 886 1282 habuit
903 1240 1072 1292 Cicero,
1089 1241 1236 1283 retulit
1250 1241 1306 1282 ad
1323 1241 1551 1293 Senatum3
1570 1242 1662 1297 pla-

62 1299 251 1355 cuitque,
269 1305 318 1339 ut
335 1299 389 1339 ad
408 1312 596 1354 poenam,
618 1313 715 1354 quae
736 1297 919 1340 ambitus
940 1297 1107 1339 crimini
1128 1299 1366 1340 constituta
1386 1305 1490 1350 erat,
1507 1297 1660 1339 decern

62 1370 268 1397 annorum
281 1354 478 1396 exsilium
490 1355 585 1410 lege
599 1354 689 1395 lata
701 1355 755 1395 ad
768 1355 975 1410 populum
988 1354 1228 1397 adderetur.
1260 1354 1495 1396 Ferebatur
1507 1353 1661 1396 eadem

60 1413 171 1469 lege,
191 1427 245 1453 ne
268 1411 455 1463 biennio,
476 1425 563 1468 quo
585 1411 682 1466 quis
703 1418 869 1467 peteret
899 1410 1212 1468 magistratum,
1239 1411 1504 1467 petiturusve
1525 1417 1657 1463 esset,

61 1469 321 1526 gladiatores
338 1469 473 1520 daret,
490 1468 573 1509 nisi
590 1482 643 1508 ex
655 1474 913 1509 testamento
934 1467 1180 1524 praestituta
1200 1467 1284 1509 die.
1334 1467 1445 1509 Cum
1460 1467 1543 1508 hac
1559 1468 1657 1524 lege

60 1526 151 1582 peti
172 1541 218 1567 se
240 1525 429 1567 Catilina
450 1525 737 1573 arbitraretur,
757 1525 965 1580 adjuncta
995 1524 1077 1565 sibi
1107 1525 1413 1566 sceleratorum
1432 1523 1659 1565 hominum

59 1597 204 1634 manu,
224 1583 461 1624 interficere
478 1581 731 1623 Ciceronem
751 1581 795 1621 in
812 1580 978 1636 Campo
998 1587 1179 1623 conatus
1197 1587 1277 1632 est,
1293 1587 1342 1623 ut
1361 1595 1413 1623 eo
1428 1581 1657 1623 interfecto

59 1640 205 1681 statim
227 1639 390 1681 Consul
422 1638 729 1693 designaretur.
791 1637 893 1690 Sed,
915 1637 1014 1679 cum
1043 1637 1180 1693 pridie
1210 1638 1324 1679 illius
1347 1637 1433 1680 diei
1455 1637 1658 1679 Catilinae

59 1696 242 1738 consilia
263 1695 415 1737 Cicero
436 1695 491 1736 ad
512 1695 719 1736 Senatum
740 1694 982 1747 detulisset,
1002 1695 1165 1736 factum
1185 1701 1252 1736 est
1272 1694 1636 1737 Senatus-consul

59 1759 165 1804 tum,
175 1768 228 1794 ne
248 1759 422 1809 postero
440 1752 508 1793 die
523 1751 699 1793 comitia
723 1751 997 1803 haberentur,
1010 1758 1059 1793 ut
1075 1752 1128 1792 de
1142 1751 1196 1793 iis
1211 1752 1338 1793 rebus
1354 1751 1425 1809 agi
1442 1759 1592 1808 posset
1609 1750 1655 1791 in

60 1809 241 1851 Senatu:
263 1809 408 1865 itaque
422 1808 628 1865 postridie
643 1807 1026 1864 frequentiSenatu
1034 1808 1267 1849 Catilinam
1281 1808 1496 1861 excitavit,
1502 1807 1656 1865 jussit-

58 1882 142 1921 que
163 1867 215 1907 iis
232 1866 285 1908 de
306 1867 432 1907 rebus
450 1865 607 1916 dicere,
624 1880 721 1921 quae
738 1865 792 1906 ad
809 1879 855 1906 se
872 1866 1010 1906 allatae
1025 1872 1181 1908 essent.
1229 1864 1350 1906 Nihil
1370 1865 1657 1906 dissimulavit

59 1923 266 1974 Catilina余
297 1922 492 1979 dixitque
513 1923 597 1963 duo
615 1936 795 1978 corpora
815 1937 908 1963 esse
926 1921 971 1963 in
990 1922 1304 1978 Repub.unum
1321 1921 1463 1964 debile
1484 1921 1652 1963 infirmo

58 1980 216 2036 capite,
237 1980 418 2021 alterum
452 1980 622 2020 firmum
652 1978 744 2020 sine
765 1980 906 2034 capite
924 1995 936 2030 3
966 1979 1084 2031 huic,
1106 1978 1203 2020 cum
1223 1979 1285 2020 ita
1305 1979 1358 2020 de
1380 1993 1426 2020 se
1453 1978 1655 2020 meritum

57 2044 186 2086 esset,
203 2044 334 2092 caput
354 2051 399 2077 se
419 2035 516 2077 vivo
537 2050 625 2077 non
645 2035 905 2077 defuturum.
948 2035 1014 2077 Eo
1035 2035 1207 2076 interim
1223 2036 1309 2086 die,
1322 2035 1368 2076 id
1385 2042 1466 2087 est,
1483 2034 1654 2076 decimo

57 2100 212 2135 octavo
233 2092 468 2149 antequam
488 2092 668 2149 primam
688 2092 927 2134 orationem
941 2092 1095 2133 Cicero
1112 2098 1263 2134 contra
1283 2092 1511 2133 Catilinam
1527 2091 1655 2143 dixit,

56 2151 218 2192 factum
239 2157 304 2191 est
325 2149 792 2200 Senatus-consultum,
806 2155 855 2190 ut
872 2149 1069 2190 viderent
1084 2148 1311 2200 Consules,
1328 2163 1382 2190 ne
1398 2148 1504 2205 quid
1526 2148 1654 2190 detri-

56 2207 190 2248 menti
207 2214 380 2262 caperet
393 2206 584 2262 Respub.
636 2205 788 2262 Itaque
803 2205 957 2248 Cicero
973 2221 1039 2248 res
1057 2212 1254 2247 externas
1272 2205 1326 2253 Q.
1341 2205 1518 2246 Metello
1536 2219 1655 2246 com-

57 2264 187 2315 misit,
206 2264 299 2319 ipse
321 2262 420 2305 verb
442 2261 559 2303 urbis
582 2277 727 2304 curam
747 2262 954 2318 suscepit.
1014 2261 1125 2303 Cum
1146 2268 1290 2304 autem
1305 2261 1436 2303 sciret
1455 2261 1653 2303 homines

57 2321 303 2376 conjuratos
323 2319 368 2360 in
390 2319 601 2376 Campum
621 2319 675 2360 ad
709 2319 886 2360 comitia
919 2319 1091 2371 deduci,
1118 2318 1212 2374 ipse
1233 2318 1461 2360 descendit
1480 2318 1648 2375 ingenti

55 2376 189 2419 lorica
201 2383 357 2426 tectus,
371 2375 614 2417 firmissimo
627 2375 852 2417 hominum
864 2375 1065 2431 praesidio
1081 2375 1280 2432 stipatus.
1312 2374 1483 2425 Caeteri,
1499 2375 1572 2432 qui
1588 2374 1652 2416 vi-

58 2434 220 2476 debant
252 2433 487 2474 Consulem
521 2431 764 2489 periclitari,
786 2433 841 2473 ad
874 2433 967 2488 ejus
998 2432 1292 2475 defensionem
1321 2438 1651 2474 concurrerunt:

57 2490 190 2548 quare
226 2490 425 2532 Catilinae
457 2496 501 2531 et
520 2489 701 2530 Antonii
733 2489 881 2545 copias
909 2495 953 2531 et
986 2495 1190 2531 conatum
1225 2488 1497 2545 compressit,
1527 2488 1648 2543 nullo

55 2549 244 2589 tumultu
278 2547 480 2588 excitato.
539 2546 621 2587 His
661 2546 848 2587 comitiis
882 2544 1035 2587 iterum
1067 2545 1257 2587 Catilina
1288 2546 1503 2601 repulsam
1536 2545 1650 2586 tulit.

57 2605 170 2646 Nam
192 2605 251 2646 D.
267 2603 420 2644 Junius
443 2603 631 2654 Silanus,
652 2610 696 2644 et
717 2603 764 2643 L.
779 2602 966 2644 Licinius
988 2602 1185 2654 Murena,
1202 2602 1413 2643 Consules
1435 2601 1650 2657 designati

58 2669 172 2704 sunt.
230 2660 390 2702 Verum
418 2659 516 2702 cum
536 2660 701 2702 videret
727 2660 918 2701 Catilina
949 2673 1049 2701 suos
1080 2666 1261 2701 conatus
1296 2673 1443 2700 omnes
1474 2659 1650 2700 inutiles

56 2719 206 2770 fuisse,
227 2719 470 2774 conjuratos
489 2724 618 2759 nocte
637 2717 681 2759 in
701 2717 763 2758 M.
780 2716 922 2759 Porcii
944 2716 1094 2759 Leccae
1113 2717 1289 2758 domum
1309 2715 1576 2769 convocavit,
1598 2715 1656 2766 ea

57 2775 273 2829 videlicet,
295 2790 391 2832 quae
423 2781 643 2832 posterum
679 2774 794 2818 diem
829 2774 1049 2819 Nonarum
1081 2773 1292 2818 Novemb.
1313 2776 1549 2818 consecuta
1569 2779 1650 2816 est.
