1790 3090
91 140 177 185 208
711 141 804 176 pao
827 140 1017 180 ARCHIA,
1042 139 1203 175 POETA.

165 213 345 268 honore,
377 221 421 258 et
442 215 467 257 a
486 212 709 272 po'e'tarum
729 217 883 269 salute,
905 216 1147 259 abhorrere.
1205 216 1368 274 Atque,
1383 221 1433 258 ut
1452 215 1497 258 id
1517 217 1721 261 libentius

164 271 349 323 faciatis,
375 273 467 328 jam
502 287 570 318 me
601 273 739 325 vobis,
763 273 949 330 judices,
982 273 1204 325 indicab03
1236 280 1279 316 et
1318 274 1372 315 de
1407 286 1505 315 meo
1531 276 1720 331 quodam

57 350 64 352 ⁷
91 330 147 372 40
166 342 308 370 amore
325 329 488 383 gloriae,
503 328 627 369 nimis
644 329 731 370 acri
747 330 946 382 fortasse,
962 336 1255 372 verumtamen
1270 330 1469 382 honesto,
1485 331 1606 373 vobis
1620 347 1719 374 con-

163 385 330 426 fitebor.
389 385 514 435 Nam,
534 394 729 441 quas-res
749 401 827 427 nos
850 387 894 427 in
911 388 1137 428 consulatu
1156 393 1318 438 nostro,
1334 387 1558 429 vobiscum
1574 388 1717 440 simul,

162 455 238 497 pro
257 441 394 482 salute
415 442 541 497 hujus
573 441 691 485 urbis
712 449 842 498 atque
864 443 1042 499 imperii,
1074 449 1117 484 et
1137 457 1211 498 pro
1238 443 1330 484 vita
1351 444 1522 496 civium,
1553 459 1716 500 proque

161 497 360 538 universa
382 497 552 554 Repub.
573 498 799 555 gessimus,
832 499 977 555 attigit
996 499 1068 540 hic
1083 499 1290 548 versibus,
1321 507 1449 556 atque
1470 500 1714 543 inchoavit:

161 553 316 609 quibus
341 554 514 605 auditis,
548 555 663 611 quod
686 554 788 595 mihi
812 570 967 612 magna
1001 570 1065 596 res
1098 562 1142 597 et
1164 556 1360 611 jucunda
1378 557 1468 598 visa
1489 565 1568 609 est,
1599 558 1715 598 hunc

87 613 141 654 45
161 611 214 652 ad
235 611 543 666 perficiendum
569 613 763 654 hortatus
786 627 894 654 sum.
955 612 1130 653 Nullam
1165 612 1278 654 enim
1300 612 1432 655 virtus
1461 614 1589 656 aliam
1609 628 1717 655 mer-

160 667 311 708 cedem
346 668 536 711 laborum
570 668 939 725 periculorumque
972 669 1203 719 desiderat,
1249 676 1400 725 praeter
1429 671 1541 712 hanc
1574 670 1714 712 laudis

159 730 203 764 et
222 724 391 779 gloriae3
423 724 510 780 qua
526 725 702 781 quidem
721 725 929 778 detracta,
954 725 1141 782 judices,
1173 725 1276 782 quid
1297 732 1377 777 est,
1409 726 1542 782 quod,
1572 726 1617 767 in
1633 727 1717 768 hoc

157 786 247 821 tam
278 781 435 836 exiguo
458 782 554 822 vitae
584 782 793 823 curriculo
823 789 866 824 et
899 790 987 824 tam
1027 783 1157 832 brevi,
1189 782 1320 824 tantis
1356 797 1434 824 nos
1473 783 1518 823 in
1557 783 1713 824 labori-

157 836 238 878 bus
258 843 273 860 Ε
287 838 585 879 exerceamus?
622 838 762 890 Certe,
780 839 816 881 si
834 839 940 880 nihil
957 839 1122 880 animus
1139 839 1405 895 praesentiret
1421 839 1463 880 in
1481 846 1713 895 posterum,

83 896 139 936 50
159 899 202 934 et
254 893 306 944 si,
357 894 511 949 quibus
551 894 819 950 fregionibus
860 896 958 937 vitae
999 896 1183 952 spatium
1223 895 1593 952 circumscriptum
1633 903 1713 946 est,

157 956 172 980 g
194 949 355 990 eisdem
391 965 538 991 omnes
575 951 862 1006 cogitationes
895 952 1143 993 terminaret
1168 968 1293 1004 suas3
1325 968 1405 994 nec
1435 953 1567 995 tantis
1589 967 1634 994 se
1656 953 1714 993 la-

155 1005 330 1053 boribus
371 1006 598 1062 frangeret,
641 1021 720 1048 nec
755 1014 821 1049 tot
852 1008 965 1050 curis
1003 1008 1247 1065 vigiliisque
1287 1016 1526 1064 angeretur,
1570 1024 1710 1065 neque

156 1062 286 1103 toties
320 1063 373 1104 de
394 1062 484 1111 vita
506 1063 602 1120 ipsa
625 1063 862 1105 dimicaret.
920 1064 938 1088 ¹¹
956 1064 1083 1106 Nunc
1118 1065 1278 1106 insidet
1308 1067 1505 1121 quaedam
1536 1065 1580 1105 in
1603 1065 1715 1121 opti-

154 1133 226 1167 mo
261 1133 432 1176 quoque
452 1120 598 1171 virtus,
631 1136 728 1176 quae
764 1127 915 1162 noctes
943 1127 987 1163 et
1021 1121 1114 1163 dies
1145 1121 1335 1162 animum
1370 1121 1516 1178 gloriae
1538 1121 1713 1163 istimu-

79 1175 208 1222 55lis
230 1176 436 1228 concitat,
467 1184 596 1233 atque
635 1178 851 1229 admonet,
885 1192 972 1220 non
1011 1193 1110 1220 cum
1151 1178 1249 1220 vitae
1288 1185 1478 1235 tempore
1518 1193 1614 1220 esse
1649 1178 1714 1219 di-

151 1232 405 1281 mittendam
450 1234 900 1282 commemorationem
930 1235 1116 1277 nominis
1152 1234 1300 1285 nostri,
1351 1236 1429 1277 sed
1463 1250 1561 1277 cum
1596 1234 1712 1276 omni

151 1289 401 1345 posteritate
454 1291 775 1346 adaequandam.
855 1292 925 1332 An
967 1291 1066 1333 vero
1105 1298 1194 1333 tam
1230 1292 1349 1347 parvi
1397 1291 1528 1333 animi
1567 1291 1710 1332 videa-

151 1361 244 1388 mur
264 1361 358 1388 esse
380 1361 544 1398 omnes,
566 1347 637 1404 qui
660 1348 702 1388 in
723 1348 892 1404 Repub,
912 1355 1040 1404 atque
1061 1349 1105 1389 in
1127 1348 1194 1389 his
1215 1349 1311 1389 vitae
1332 1348 1534 1405 periculis
1554 1347 1708 1389 labori-

149 1402 316 1458 busque
351 1418 579 1455 versamur,
611 1411 670 1456 ut,
703 1404 815 1455 cum,
850 1420 982 1461 usque
1005 1405 1059 1446 ad
1095 1412 1331 1446 extremum
1352 1406 1554 1461 spatium,
1585 1404 1709 1445 knul-

75 1465 130 1505 60
149 1459 238 1500 lum
272 1460 545 1516 tranquillum
579 1467 709 1516 atque
741 1461 926 1503 otiosum
967 1461 1165 1517 spiritum
1187 1462 1449 1513 duxerimus,
1479 1461 1707 1502 nobiscum

147 1515 276 1557 simul
297 1517 498 1558 moritura
514 1518 656 1558 omnia.
674 1517 952 1558 arbitremur?
1009 1519 1095 1569 An,
1118 1517 1215 1559 cum
1237 1524 1402 1559 statuas
1419 1524 1463 1559 et
1483 1517 1707 1574 imagines,

146 1587 233 1613 non
263 1573 500 1614 animorum
531 1574 771 1625 simulacra,
804 1575 879 1616 sed
908 1589 1149 1630 corporum,
1181 1574 1375 1616 studiose
1404 1574 1525 1616 multi
1553 1574 1709 1615 summi

144 1629 342 1670 homines
381 1630 647 1686 reliquerint,
678 1631 956 1672 consiliorum
994 1631 1230 1687 relinquere
1270 1646 1321 1673 ac
1359 1631 1563 1672 virtutum
1601 1645 1706 1671 nos-

143 1691 303 1730 trarum
352 1686 538 1743 effigiem
575 1701 662 1728 non
694 1688 830 1728 multo
876 1687 1001 1728 malle
1037 1688 1260 1739 debemus,
1303 1687 1481 1729 summis
1520 1686 1706 1743 ingeniis

70 1749 126 1789 65
144 1756 390 1798 expressam
427 1750 471 1784 et
512 1743 713 1799 politam?
781 1743 876 1800 Ego
911 1743 1012 1786 vero
1049 1744 1206 1795 omnia,
1239 1759 1333 1801 quae
1371 1745 1585 1800 gerebam,
1609 1744 1703 1800 jam

142 1805 246 1847 tum,
278 1799 322 1839 in
353 1801 556 1856 gerendo,
589 1815 787 1857 spargere
809 1815 876 1842 me
908 1815 958 1842 ac
980 1800 1258 1842 disseminare
1279 1800 1516 1842 arbitrabar
1555 1800 1599 1840 in
1641 1815 1707 1841 or-

141 1856 207 1896 bis
238 1863 356 1897 terrae
389 1856 637 1898 memoriam
660 1858 973 1914 sempiternam.
1036 1857 1143 1898 Haec
1174 1856 1276 1899 vero
1296 1857 1384 1899 sive
1408 1857 1434 1899 ’ἒι
1454 1871 1550 1899 meo
1574 1872 1703 1898 sensu

138 1988 153 2005 ⁶
157 1983 414 2036 fatigemus.
520 1981 534 2005 s
547 1985 753 2024 terminis.
862 1988 877 2012 g
890 1987 932 2023 et
950 1984 1149 2024 interiret
1168 1997 1267 2023 eum
1292 1996 1477 2035 corpore.
1589 1981 1606 2004 ¹¹
1619 1982 1706 2023 sed.

195 2040 469 2092 icupiditate.
663 2041 681 2065 Κ
695 2053 925 2092 nunquam
945 2040 1179 2092 tranquill&
1197 2044 1239 2081 et
1258 2040 1384 2080 otios&
1398 2042 1648 2081 vioeerimus.

180 2168 232 2198 4⁶2.
258 2167 317 2198 Pro
332 2169 425 2199 salute
441 2168 528 2209 hujus
541 2169 648 2209 urbis]
695 2168 805 2199 Cicero
820 2168 899 2199 sate·
943 2168 1015 2199 cum
1046 2169 1179 2200 sciamus
1214 2169 1318 2199 omnia
1350 2179 1417 2200 esse
1447 2169 1619 2205 interitura,
1643 2170 1703 2200 hoc
1726 2204 1736 2210 ⁵

138 2213 185 2240 tur
207 2211 319 2241 eodem
336 2211 493 2242 desiderio
520 2212 620 2242 laudis
650 2222 684 2242 se
707 2212 816 2250 teneri,
836 2222 898 2252 quo
943 2223 1072 2253 parvum
1088 2211 1157 2242 vitae
1172 2213 1307 2253 spatium
1334 2212 1464 2243 assiduis
1493 2213 1648 2244 laboribus
1671 2217 1705 2242 et

138 2252 200 2289 alii,
224 2254 277 2295 qui
294 2255 402 2295 poetas
417 2265 520 2285 secum
537 2255 711 2289 habuerunt
725 2266 730 2283 :
756 2254 900 2295 adquue
943 2255 1091 2296 periculis
1106 2261 1280 2286 conterere.

138 2297 329 2327 exhortatum
347 2298 441 2327 fuisse
462 2297 622 2336 Archiam,
649 2303 681 2327 ut
697 2308 787 2337 opus,
810 2298 896 2338 quod
985 2300 1037 2329 61.
1061 2299 1120 2335 Au,
1143 2298 1209 2329 crim
1231 2304 1344 2329 statuas
1372 2305 1400 2329 et
1427 2297 1596 2339 imagines]
1643 2296 1704 2328 Os-

137 2338 177 2367 de
193 2349 225 2368 se
248 2345 374 2381 propter
399 2340 643 2381 conjurationem
664 2341 832 2371 extinctam
849 2340 896 2370 in·
941 2342 1055 2380 tendit,
1072 2341 1097 2371 si
1113 2347 1231 2372 statuas
1247 2342 1388 2372 homines
1401 2342 1549 2376 ambiant,
1564 2351 1633 2381 quae
1650 2351 1703 2376 ve-

136 2381 315 2420 manaverat,
340 2384 514 2423 perficeret.
941 2389 1055 2414 tustate
1079 2384 1287 2420 collabuntur,
1311 2388 1421 2425 optare
1445 2382 1547 2424 potius
1584 2383 1700 2413 debere

179 2426 231 2454 49.
264 2425 386 2455 Animus
428 2427 607 2465 praesentirec
650 2426 682 2455 in
722 2425 895 2466 posterum]
940 2427 1138 2457 consiliorum
1169 2438 1293 2458 suorum
1317 2432 1349 2457 at
1370 2427 1515 2457 virtutum
1537 2425 1701 2467 imagines,

135 2466 253 2504 Docet,
277 2467 374 2508 quud,
398 2469 457 2507 nisi
481 2469 601 2498 animus
625 2467 829 2497 immortalem
862 2478 894 2498 se
939 2479 1009 2509 quae
1025 2480 1081 2509 per
1096 2470 1207 2510 poetas
1223 2471 1262 2500 ad
1281 2476 1464 2511 perpetuam
1480 2468 1614 2499 nominis
1634 2469 1702 2509 glo-

134 2509 269 2539 futurum
288 2511 490 2550 praesentiret,
508 2522 569 2541 non
586 2516 631 2542 tot
646 2521 678 2540 se
695 2510 849 2541 laboribus
864 2515 896 2541 et
939 2511 1013 2541 riam
1030 2513 1254 2552 exprimuntur.

136 2553 217 2582 curis
231 2558 399 2594 torqueret.
983 2556 1034 2584 66.
1060 2555 1200 2596 Spargere
1210 2555 1280 2595 me.]
1317 2554 1509 2594 Metaphora
1521 2558 1646 2594 sumpta
1661 2555 1701 2585 ab

179 2596 232 2626 53.
256 2595 302 2625 De
334 2596 393 2625 υἱῑά
424 2595 486 2635 ipsa
517 2595 695 2635 dimicares]
740 2594 899 2627 Dimicare
943 2597 1095 2637 agricolis,
1120 2598 1173 2638 qui
1188 2598 1306 2628 semina
1321 2602 1481 2637 spargunt,
1505 2602 1539 2626 ut
1552 2603 1679 2628 metant.

136 2638 177 2668 de
194 2638 257 2668 vita
273 2639 404 2675 animus,
421 2640 474 2680 qui
490 2639 670 2669 immortalis
686 2643 745 2674 est,
769 2649 830 2668 non
844 2649 900 2679 po·
987 2641 1039 2670 67.
1062 2640 1126 2670 Sive
1140 2641 1159 2670 ἰι
1170 2651 1229 2670 meo
1243 2640 1355 2680 sensu]
1394 2640 1529 2671 Videtur
1540 2640 1592 2672 hic
1610 2641 1702 2671 dubi-

136 2686 212 2712 test:
237 2681 345 2722 quare,
368 2692 424 2723 per
447 2682 594 2717 animum,
617 2681 718 2722 ipsum
734 2681 892 2712 hominem
935 2687 1000 2713 tare
1027 2682 1138 2714 Cicero
1168 2684 1208 2714 de
1234 2687 1404 2714 animorum
1443 2682 1697 2721 immortalitate;

135 2723 294 2765 intelligit.
935 2725 1052 2767 aitque,
1076 2727 1152 2763 sive,
1184 2726 1288 2757 animo
1311 2737 1366 2756 suo
1388 2725 1551 2762 exstincto,
1574 2725 1699 2767 penitus

178 2768 231 2799 57.
255 2769 326 2798 Tam
338 2768 423 2806 parvi
435 2765 559 2808 animi]
608 2766 700 2798 Parvi
716 2773 763 2798 cst
784 2768 891 2805 animi,
935 2779 997 2800 non
1006 2769 1130 2806 sentiat,
1148 2769 1213 2800 sive
1223 2769 1356 2808 senserit
1365 2774 1438 2810 post
1447 2773 1589 2807 mortem,
1601 2779 1635 2801 se
1650 2779 1697 2804 res
