1858 3095
744 162 835 194 PRO
861 161 1057 195 MILONE.

121 243 176 286 sd
204 243 296 298 ejus
329 254 516 292 causam,
546 253 692 296 parem
722 239 853 281 animi
881 237 1220 294 magnitudinem
1247 236 1397 278 afferre
1421 250 1507 279 non
1533 252 1684 294 posse;

125 307 270 342 tamen
290 299 382 340 hoec
404 297 502 339 novi
526 296 682 354 judicii
712 311 823 338 nova
852 294 987 337 forma
1007 303 1135 338 terret
1164 294 1330 346 oculos,
1361 294 1450 350 qui,
1480 309 1686 350 quocum·
1705 295 1732 335 5

127 371 210 413 que

271 355 538 405 binciderint,
589 362 774 395 veterem
824 352 1180 395 consuetudinem
1235 351 1329 400 fori,
1379 356 1423 392 et
1464 351 1687 408 pristinum

124 427 284 456 morem
298 412 576 468 judiciorum,
597 410 815 467 requirint.
865 409 963 450 Non
984 409 1095 450 enim
1118 408 1277 450 cor-onii
1298 422 1527 449 consessus
1548 414 1689 448 vester

125 469 294 512 cinctus
329 476 408 520 est,
439 476 486 509 ut
518 469 711 519 solebat3
752 481 838 508 non
869 466 1029 506 usitata
1069 463 1309 522 frequenti&
1329 463 1476 519 stipati
1517 478 1687 505 sumus:

125 539 221 567 nam
244 525 314 566 illa.
333 524 544 581 praesidia,
575 539 671 580 quae
708 531 808 580 cpro
829 523 1000 578 templis
1035 523 1230 562 omnibus
1259 520 1448 571 cernitis,
1481 521 1560 562 etsi
1589 533 1689 561 con-

124 588 191 623 tra
210 581 294 622 vim
315 582 529 623 collocata
549 589 662 629 sunt,
685 583 790 635 [uon
819 578 999 621 afferunt
1025 586 1168 619 tamen
1196 576 1351 618 oratori
1380 576 1612 631 aliquid*];
1643 582 1691 616 ut
1712 573 1765 615 10

128 637 174 678 in
198 638 289 679 foro
321 646 365 680 et
384 638 623 694 injudicio,
654 650 913 693 quamquam
932 634 1140 690 praesidiis
1162 632 1415 673 salutaribus
1437 640 1480 672 et
1500 646 1694 673 necessa-

128 694 203 735 riis
233 694 345 751 septi
374 695 576 748 [sumus,]
611 701 755 736 tamen
785 693 863 732 “ne
898 705 984 732 non
1018 690 1165 730 timere
1202 689 1389 744 quidem,
1424 688 1516 729 sine
1551 689 1692 744 aliquo

126 751 294 802 timore,
325 752 554 807 possimus.

615 749 724 797 Quae
764 748 799 789 si
833 746 1032 803 opposita
1068 746 1221 786 Miloni
1258 752 1466 801 putarem,
1497 744 1695 786 cederem

127 815 321 862 tempori,
347 808 543 863 judices:
574 821 669 855 nec,
699 805 810 845 iuter
839 811 1002 844 tantam
1033 802 1119 843 vim
1149 816 1374 852 armorum,
1405 802 1695 843 existimarem

129 863 284 904 oratori
304 864 448 904 locum
469 877 578 904 esse.

639 862 726 903 Sed
758 876 824 902 me
852 866 1016 901 recreat
1047 867 1091 901 et
1118 859 1255 900 reficit
1286 858 1367 899 Cn.
1389 857 1598 914 Pompeii,
1632 872 1695 898 sa·
1717 854 1768 896 15

127 918 384 974 pientissimi
415 926 458 961 et:
485 918 717 975 justissimi
754 917 843 967 viri,
876 916 1127 966 consilium;
1159 916 1232 972 qui
1253 913 1443 970 profecto
1464 929 1545 956 nec
1571 914 1696 970 justi-

127 975 197 1016 tiae
219 990 308 1016 suae
327 983 495 1032 putaret
515 990 624 1025 esse,
654 989 783 1031 quem
813 988 932 1015 reum
960 972 1184 1014 sententiis
1208 971 1406 1028 judicum
1432 971 1695 1021 tradidisset,

131 1032 329 1075 eumdem
377 1032 475 1074 telis
515 1032 701 1073 militum
740 1031 945 1082 ededere3
995 1044 1076 1071 nec
1117 1028 1354 1084 sapientiae,
1394 1027 1698 1069 ‘temeritatem

131 1088 360 1130 eoncitatae
409 1089 698 1130 multitudinis
747 1087 1002 1129 auctoritate
1053 1085 1228 1142 publicu
1275 1099 1449 1125 armare.

1539 1084 1698 1132 Quam-

130 1257 434 1313 ‘’respeoeerint.
473 1263 552 1300 cin.
605 1258 684 1300 dne
692 1254 906 1313 possimus
919 1258 1088 1310 quidem
1105 1257 1262 1297 audere
1277 1256 1369 1296 sine?
1381 1258 1526 1309 aliquo
1538 1257 1697 1297 timore.

443 1322 685 1370 Εειτροηενεῑ.

177 1516 210 1546 5.
234 1513 465 1555 Νουὶ]ιιᾱὶσίὶ.]
510 1514 670 1546 Judicium
691 1514 767 1546 illud
784 1525 899 1546 novum

137 1563 239 1593 vocat,
261 1557 335 1598 quia
351 1558 506 1591 insuetum
520 1558 597 1595 fuit;
623 1562 652 1590 1.
670 1558 743 1599 quia
758 1557 807 1588 lex
821 1568 901 1588 nova

135 1599 200 1630 lata
224 1605 272 1630 est
291 1601 310 1630 εἴ
333 1600 486 1641 Pompeio
510 1606 622 1641 praeter
644 1611 771 1636 morem,
801 1606 836 1631 ut
861 1602 901 1631 de

137 1647 234 1673 morte
259 1641 362 1673 Clodii
388 1648 585 1684 quaereretur,
612 1644 662 1674 cui
684 1640 782 1674 factas
806 1644 901 1674 fuisse

137 1685 265 1716 insidias
287 1685 306 1717 ὲ
324 1685 446 1718 Milone
463 1685 589 1727 Appius
605 1686 754 1718 Claudius
779 1687 902 1717 adoles-

137 1738 211 1758 cens
242 1727 361 1759 dixerat
383 1729 554 1759 centesimo
581 1735 614 1760 et
640 1729 735 1759 altero
759 1729 811 1759 die
833 1733 905 1770 post

139 1771 256 1801 caedem
268 1770 384 1802 Clodii.
399 1775 429 1802 2.
441 1771 514 1812 quia
529 1771 652 1808 tulerat,
662 1777 707 1808 ut,
723 1771 901 1812 priusquzirn

137 1823 232 1844 causa
245 1815 311 1844 haec
327 1819 479 1855 ageretur,
503 1820 597 1844 testes
618 1825 674 1855 per
698 1815 829 1845 triduum
849 1825 902 1844 au-

139 1856 288 1892 direntur,
310 1862 343 1887 et
366 1857 452 1887 dicta
471 1867 576 1887 eorum
593 1856 719 1897 judices
741 1857 903 1897 consigna-

138 1904 225 1930 rent:
249 1906 360 1940 quarto
375 1900 426 1930 die
442 1900 553 1931 adesse
569 1910 675 1930 omnes
699 1901 732 1930 in
746 1906 904 1941 posterum

139 1941 423 1982 diemjuberentur‚
439 1948 482 1979 et,
491 1952 595 1973 coram
605 1948 784 1974 accusatore
794 1953 831 1974 ae
840 1953 904 1978 reo,

138 1983 223 2024 pilae,
252 1984 284 2014 io
310 1985 422 2025 quibus
444 1985 571 2016 nomina
591 1984 734 2026 judicum
757 1985 905 2026 inscripta

140 2031 254 2062 essent,
278 2033 493 2067 aequarentur;
519 2028 635 2058 deinde
658 2039 758 2059 rursus
780 2034 904 2069 postero

139 2068 191 2099 die
208 2067 325 2099 sortitio
345 2070 432 2100 fieret
455 2069 544 2100 unius
560 2076 593 2100 et
607 2073 659 2101 80.
684 2071 737 2111 qui
761 2081 904 2102 numerus

141 2110 212 2142 curu
236 2115 317 2142 sorte
339 2113 514 2152 obtigisset,
536 2112 596 2153 ipsi
624 2112 764 2153 protinus
788 2123 905 2144 sessum

141 2154 241 2187 irent:
266 2159 330 2186 tum
347 2155 387 2185 ad
400 2155 571 2187 dicendum
585 2162 745 2187 accusator
759 2156 836 2186 duas
849 2157 904 2186 lio-

142 2207 202 2233 ras,
225 2207 294 2227 reus
310 2203 381 2232 tres,
405 2198 551 2235 haberet;
574 2208 707 2239 reusque
724 2198 778 2229 illo
793 2199 906 2229 eodem

141 2238 409 2280 diejudicaretur.
455 2240 545 2272 Prius
559 2247 663 2272 autem
676 2241 769 2282 quim
782 2246 907 2272 senten-

142 2282 195 2313 tiae
222 2281 383 2318 ferrentur,
406 2283 517 2324 quinos
541 2294 578 2314 ex
603 2283 730 2324 singulis
749 2284 907 2314 ordinibus

143 2331 315 2361 accusator,
330 2326 461 2356 totidem
476 2337 557 2363 reuS,
573 2326 728 2366 rejiceret:
753 2327 797 2357 ita
808 2332 908 2357 utrm,-

145 2366 400 2410 merusjudicurn
415 2368 647 2410 relinqueretur,
669 2370 722 2411 qui
739 2370 908 2401 sententias

144 2408 270 2446 ferrent,
290 2411 517 2453 quinquaginta
529 2418 564 2442 et
575 2423 669 2443 unus:
694 2412 740 2443 ita
755 2412 908 2443 Asconius

143 2453 177 2491 in
190 2452 377 2487 Milonianae
392 2461 585 2495 argumento.
631 2457 662 2486 3.
679 2455 753 2495 quia
767 2456 911 2496 quaesitor

144 2494 207 2527 suit
221 2507 282 2528 non
303 2503 416 2537 praetor
435 2498 475 2528 de
495 2508 593 2536 more,
614 2499 669 2529 sed
693 2498 729 2529 L.
754 2498 911 2529 Domitius

147 2536 360 2581 AEnobarbus,
388 2540 433 2571 vir
454 2541 635 2578 consularis,
660 2546 780 2572 creatus
803 2540 913 2582 populi

149 2581 313 2622 suffragiis.

191 2622 242 2655 lb,
264 2624 348 2656 Nova
365 2625 496 2668 sermm]
556 2627 648 2658 Nova
673 2627 788 2668 judicii
813 2627 912 2657 forma

146 2665 218 2713 fuit.
245 2667 320 2707 quia
341 2667 510 2710 Pompeius
532 2671 701 2702 exercitum
725 2670 755 2700 in
778 2670 856 2705 foro,
879 2674 913 2701 et

148 2718 182 2739 ιιι
198 2710 340 2742 omnibu·
356 2711 479 2753 templis
493 2719 626 2744 armatos
640 2713 795 2749 homines,
816 2711 914 2744 collo·-

149 2757 285 2783 caverat.

192 2794 226 2826 7.
258 2793 326 2826 Non
353 2798 431 2828 enim
455 2797 589 2840 corona]
649 2798 785 2836 Quando
814 2808 915 2831 causae

746 1314 993 1356 ‘audaciam
1013 1319 1228 1355 commotae
1241 1314 1389 1367 plebis.

944 1514 1125 1554 agebantur,
1142 1514 1328 1551 confluebat,
1344 1519 1380 1545 ut
1393 1509 1570 1555 plurimum,
1593 1521 1707 1553 magna

944 1557 1057 1588 civium
1075 1556 1252 1595 multitudo,
1268 1557 1320 1597 qui
1337 1558 1368 1587 in
1385 1567 1500 1587 morem
1511 1566 1631 1587 coronae
1646 1556 1706 1586 cir-

945 1600 1142 1631 cumstabant
1157 1599 1302 1640 judicum
1329 1600 1486 1636 subsellia,
1509 1604 1574 1629 tum
1590 1604 1624 1628 ut
1638 1608 1707 1628 ora-

944 1648 1038 1678 tores,
1061 1648 1124 1672 tum
1140 1649 1174 1672 ut
1189 1642 1434 1683 exituinjudicii,
1457 1642 1610 1673 audirent.

991 1686 1022 1717 9.
1048 1685 1158 1717 Contra
1171 1685 1257 1726 vim]
1304 1686 1349 1716 Ut
1363 1685 1508 1716 conciliet
1520 1683 1706 1724 Pompeium

947 1728 1006 1758 sibi
1022 1733 1053 1758 et
1066 1728 1192 1764 Miloni,
1208 1729 1262 1764 ait,
1285 1729 1351 1759 liaec
1366 1728 1510 1768 praesidia
1521 1738 1587 1757 esse
1602 1727 1708 1767 dispo·

946 1771 1004 1800 sita
1020 1770 1059 1800 ad
1076 1770 1216 1805 tutelam,
1236 1777 1342 1802 contra
1352 1772 1414 1800 vim
1431 1781 1500 1812 quae
1516 1770 1534 1800 εἴ
1547 1769 1709 1800 Clodianis

946 1813 1017 1843 huic
1028 1812 1148 1853 judicio
1162 1813 1266 1843 inferri
1281 1819 1398 1855 posset.

993 1858 1043 1886 10.
1069 1854 1135 1886 Non
1161 1855 1289 1897 afferunt
1312 1863 1408 1887 tamen
1438 1857 1543 1886 oratori
1571 1855 1712 1895 aliquid]

949 1897 1083 1939 Corrigit
1105 1909 1150 1934 se,
1177 1899 1282 1940 aitque
1305 1910 1368 1930 non
1391 1905 1496 1929 tamen
1518 1898 1650 1934 efficere,
1676 1904 1712 1927 ut

948 1946 1050 1971 orator
1068 1953 1130 1972 non
1146 1942 1264 1978 timeat,
1288 1943 1408 1973 etiamsi
1423 1942 1484 1982 ipsi
1498 1952 1561 1971 non
1577 1940 1710 1970 timendi

947 1994 1041 2015 causa
1055 1984 1104 2015 sit.
1150 1985 1278 2025 [*Atqui
1299 1986 1388 2016 editio
1411 1984 1586 2015 Ernestiana
1606 1984 1711 2022 proba-

947 2026 1034 2056 bilizis
1047 2028 1164 2063 exhibet,
1188 2032 1209 2045 ‘¹
1222 2028 1311 2058 nobis
1323 2028 1456 2059 afferunt
1466 2032 1571 2057 tamen
1583 2025 1713 2056 horroris

947 2068 1116 2110 aliquid.’']

992 2113 1044 2142 12.
1068 2111 1135 2142 Sine
1161 2114 1258 2152 aliquo
1279 2113 1404 2153 timore]
1461 2111 1644 2142 Plutarchus
1671 2112 1712 2142 de

950 2153 1101 2185 Cicerone
1128 2156 1245 2192 scribit,
1273 2156 1377 2186 dicere
1404 2154 1603 2195 incipientem
1633 2164 1713 2184 sern-

949 2206 1005 2236 per
1027 2197 1183 2231 timuisse:
1209 2198 1316 2239 quare.
1343 2197 1413 2229 curn
1436 2197 1505 2238 ipse
1527 2196 1610 2228 Milo
1626 2206 1714 2228 vere-

950 2244 1032 2269 retur
1056 2251 1095 2270 ne
1123 2241 1234 2271 Cicero
1261 2241 1391 2271 militum
1421 2247 1604 2271 armatorum
1636 2250 1714 2280 prte-

950 2281 1052 2313 sentia
1067 2283 1294 2323 percelleretur,
1311 2284 1340 2314 ei
1351 2284 1458 2322 suasit,
1474 2288 1518 2318 ut,
1538 2282 1649 2313 lectica
1659 2284 1714 2313 de-

951 2324 1031 2355 latus
1060 2326 1091 2355 in
1119 2326 1228 2361 forum,
1260 2327 1433 2367 quiesceret
1465 2326 1569 2368 quoad
1591 2324 1714 2365 judices

951 2369 1185 2400 convenissent:
1214 2369 1285 2399 visis
1314 2369 1386 2400 vero
1411 2369 1555 2399 militibus
1576 2369 1714 2403 armatis,

952 2409 1064 2452 quibus
1079 2413 1287 2453 undequaque
1301 2412 1400 2443 sorum
1414 2412 1607 2452 cingebatur,
1630 2416 1716 2441 tanto

954 2456 1067 2486 timore
1091 2461 1250 2495 correptus
1273 2460 1332 2491 est,
1356 2460 1390 2485 ut
1413 2454 1532 2495 trepide
1547 2452 1716 2484 admodum

955 2497 1115 2538 inceperit.
1161 2497 1274 2538 Itaque
1290 2499 1334 2529 sic
1348 2503 1483 2529 attentos
1497 2498 1572 2527 facit
1581 2496 1718 2537 judices,

958 2548 992 2572 ut
1006 2552 1043 2572 ex
1058 2541 1157 2571 causis
1173 2552 1260 2572 suum
1278 2546 1390 2571 metum
1407 2545 1543 2572 excuset.

998 2586 1050 2615 19.
1074 2584 1256 2614 Azaetoritate
1267 2584 1413 2625 publica]
1461 2581 1638 2612 Auctoritas
1661 2591 1717 2621 pe-

956 2626 1010 2657 nes
1036 2626 1221 2667 Pompeium
1246 2633 1324 2663 erat,
1353 2627 1427 2667 quia
1448 2625 1640 2655 consulatum
1664 2634 1719 2665 ge-

955 2670 1064 2707 rebat;
1096 2669 1169 2710 qufi,
1203 2675 1236 2700 ut
1261 2670 1317 2700 sibi
1345 2670 1500 2699 faventem
1534 2667 1720 2707 Pompeium

957 2713 1082 2749 reddat,
1104 2717 1246 2748 testatur,
1267 2712 1354 2743 illum
1370 2710 1455 2743 abuti
1468 2709 1551 2742 nolle
1566 2709 1605 2740 ad
1621 2710 1722 2741 Milo-

958 2765 1030 2787 nem
1043 2755 1292 2798 opprimendum.

1670 158 1750 203 301
