1790 3090
56 127 140 172 182
742 123 833 158 PRO
859 120 1072 156 MURENA.

62 204 118 248 65
137 205 255 247 dium
275 204 404 262 vulgo
425 202 581 246 vocati.
640 200 838 243 Etsi'hoc
858 201 1022 242 factum
1038 200 1064 241 a
1085 197 1272 242 Murena
1288 198 1480 251 omnino,
1506 198 1698 256 judices,

137 277 224 305 non
245 268 326 312 est,
357 262 411 302 ab
433 261 524 316 ejus
543 257 692 300 amicis
713 265 855 300 autem
876 273 992 299 more
1015 265 1058 298 et
1078 257 1207 298 modo
1229 257 1392 298 factum
1415 262 1506 306 est3
1538 262 1696 306 tamen,

138 318 385 361 admonitus
417 332 460 357 re
488 315 601 372 ipsa,
631 315 830 355 recordor
856 321 1065 370 quantum
1087 313 1154 354 hae
1175 314 1453 369 quaestiones,
1483 312 1528 352 in
1549 318 1700 353 senatu

138 375 314 425 habitae,
334 380 590 430 punctorum
610 370 749 422 nobis,
781 370 916 421 Servi,
939 371 1214 412 detraxerint.
1245 370 1373 417 Quod
1395 369 1505 410 enirn
1527 374 1698 423 tempus

141 432 237 482 fuit,
269 437 342 470 aut
374 429 522 470 nostra
542 435 616 470 aut
636 435 804 483 patrum
838 434 1080 467 nostrorum
1117 426 1335 476 memoria,
1368 441 1453 481 quo
1471 426 1579 474 haec,
1612 424 1701 465 sive

70 489 125 530 70
144 487 322 530 ambitio
345 493 424 537 est,
456 486 544 528 sive
565 483 815 534 liberalitas,
846 497 933 523 non
950 482 1091 530 fuerit,
1122 489 1170 523 ut
1187 483 1310 524 locus
1329 489 1371 523 et
1391 483 1435 523 in
1457 482 1572 523 circo
1594 486 1638 521 et
1657 479 1701 520 in

143 546 234 586 foro
253 544 422 584 daretur
443 542 594 584 amicis
618 547 661 582 et
680 539 939 581 tribulibus?
1000 539 1108 579 Haec
1142 538 1339 580 homines
1361 538 1578 579 tenuiores
1598 535 1703 592 [pri-

144 600 276 651 mum,
308 599 489 642 ne·dun1
510 598 583 659 qui
606 612 656 640 ea
678 596 765 638 suis
787 595 1017 638 tribulibus
1034 596 1167 638 veteri
1196 595 1394 638 instituto
1415 594 1705 651 assequeban-

146 657 394 711 tur]****

717 856 875 897 *Deest
895 856 1109 896 nonnihil.

213 1054 417 1097 XV.***
439 1053 690 1111 praefectum
718 1052 884 1094 fabrum
920 1052 1052 1094 semel
1083 1052 1225 1093 locum
1258 1051 1484 1093 tribulibus
1517 1050 1605 1092 suis
1640 1050 1712 1092 de-

155 1111 292 1153 disse:
324 1110 428 1167 quid
462 1117 652 1152 statuent
686 1110 729 1150 in
749 1109 862 1150 viros
897 1108 1136 1165 primariOS‚
1167 1108 1242 1164 qui
1270 1108 1312 1148 in
1355 1108 1470 1150 circo
1501 1114 1616 1149 totas
1647 1113 1713 1148 ta-

153 1168 323 1218 bernas,
355 1166 576 1208 tribulium
621 1165 765 1217 causa,
813 1164 1145 1222 compararunt?

1218 1164 1325 1205 Haec
1356 1164 1499 1206 omnia
1528 1169 1715 1205 sectato-

153 1240 262 1276 rum,
309 1224 665 1279 spectaculorum,
697 1223 973 1278 prandiorum
1012 1221 1116 1263 item
1157 1221 1335 1262 crimina
1374 1220 1400 1261 a
1439 1220 1714 1262 multitudine

111 1280 200 1322 5in
237 1288 354 1321 tuam
395 1280 569 1321 nimiam
602 1279 887 1335 diligentiam,
919 1278 1055 1329 Servi,
1087 1279 1284 1334 conjecta
1327 1285 1446 1329 sunt;
1477 1277 1521 1318 in
1558 1276 1714 1333 quibus

156 1344 301 1379 tamen
335 1337 519 1378 Murena
550 1337 602 1378 ab
636 1335 809 1377 senatus
842 1335 1096 1377 auctoritate
1117 1335 1372 1376 defenditur.

1432 1333 1548 1382 Quid
1570 1333 1715 1375 enim?

157 1402 334 1436 senatus
372 1408 475 1435 num
518 1392 689 1434 obviam
733 1392 901 1448 prodire
951 1391 1111 1433 crimen
1149 1392 1304 1448 putat?
1346 1406 1448 1443 non,
1499 1390 1575 1432 sed
1608 1404 1716 1431 mer-

158 1451 265 1493 cede
286 1467 294 1492 :

347 1450 579 1492 convince:
626 1464 727 1490 num
768 1448 922 1491 sectari
961 1449 1145 1489 multos?
1192 1463 1293 1499 non,
1339 1448 1414 1488 sed
1449 1447 1714 1488 conductos:

159 1509 267 1549 doce
281 1507 541 1548 conductos:
562 1521 648 1547 non
662 1506 804 1546 locum
823 1506 876 1546 ad
898 1505 1181 1561 spectandum
1203 1505 1318 1555 dare,
1336 1510 1410 1545 aut
1422 1504 1476 1544 ad
1490 1502 1718 1559 prandium

88 1561 141 1603 lO
160 1563 368 1604 invitare?
399 1562 590 1611 minime,
622 1562 698 1603 sed
737 1561 878 1617 vulgo,
929 1561 1105 1617 passim.

1180 1560 1297 1609 Quid
1333 1567 1400 1601 est
1430 1563 1592 1613 vulgo?
1623 1558 1719 1600 uni-

158 1634 318 1663 versos,
378 1620 478 1661 Non
494 1619 640 1676 igitur,
673 1618 708 1660 si
731 1618 776 1661 L.
795 1618 942 1671 Natta,
973 1632 1138 1660 summo
1171 1618 1266 1659 loco
1288 1617 1556 1668 adolescens,
1579 1616 1653 1673 qui
1674 1621 1719 1657 et

204 1763 256 1792 66.
279 1761 362 1791 More
374 1767 402 1791 et
430 1761 512 1791 modo
524 1760 646 1802 factum
673 1761 742 1801 est.]
788 1761 916 1791 Fatetur

161 1806 292 1847 quidem
315 1815 463 1835 concessa
482 1804 576 1834 fuisse
600 1805 666 1835 haec
683 1804 863 1845 spectacula
877 1803 915 1833 ab

161 1848 268 1879 amicis
294 1848 458 1884 Murenae3
481 1848 536 1876 sed
558 1846 590 1876 id
606 1857 709 1887 neque
726 1851 919 1888 repugnante

162 1902 258 1926 more,
283 1901 383 1930 neque
397 1890 600 1919 immoderate
619 1890 734 1919 sactum
751 1901 830 1920 esse.

208 1936 259 1964 68.
284 1933 489 1972 Punctorum]
530 1932 649 1963 Puncta
675 1932 822 1972 suffragia
837 1936 919 1967 sunt,

162 1976 234 2007 hinc
246 1976 341 2012 dicta,
365 1975 448 2016 quOd
464 1976 495 2004 in
507 1975 617 2005 tabulis
633 1980 822 2006 notarentur.

207 2021 260 2048 70.
290 2018 383 2048 Locus
397 2019 429 2047 in
443 2018 543 2057 circa]
590 2017 654 2054 Qui
669 2017 738 2047 loca
763 2017 921 2047 habebant

164 2062 196 2092 in
205 2062 299 2096 circo.
322 2071 359 2091 ea
375 2061 564 2100 quandoque
580 2059 687 2090 amicis
701 2059 921 2090 benevolentia

164 2104 391 2138 concedebant,
413 2108 449 2132 ut
463 2103 536 2132 inde
553 2103 641 2132 ludos
657 2108 847 2143 spectarent,
864 2102 919 2142 qui

164 2147 184 2177 ὃ
198 2148 278 2178 circo
289 2146 450 2177 Circenses
467 2145 543 2176 dicii
557 2151 638 2175 sunt.

208 2190 258 2220 Ib.
283 2188 419 2231 Infima]
454 2188 491 2218 In
507 2189 573 2219 soro
589 2187 654 2218 ludi
670 2188 845 2229 gladiatorii
867 2188 923 2218 da-

165 2233 287 2264 bantur.

211 2279 240 2306 1.
266 2272 602 2316 meectumfabriim.]
641 2273 811 2303 Praefectus
821 2273 920 2303 sabro-

165 2329 233 2349 rum
249 2318 421 2353 dicebatur,
446 2317 498 2356 qui
514 2316 608 2346 fabris
621 2316 768 2356 lignariis,
794 2327 924 2357 carpen-

165 2361 261 2396 tariis,
284 2360 427 2396 ferrariis,
450 2359 507 2389 διε.
525 2365 664 2399 praeerat.

209 2406 240 2434 3.
279 2403 432 2441 Tabernas,
461 2402 644 2441 tribulium]
697 2400 846 2431 Tabernae
871 2412 923 2431 ex-

167 2450 289 2477 structae
302 2451 389 2476 erant
400 2445 431 2475 in
451 2445 533 2475 circo
549 2445 693 2480 maximo,
709 2455 772 2483 quo
787 2454 923 2474 commo-

169 2488 239 2519 dius
253 2489 317 2518 ludi
333 2493 563 2528 spectarentur3
580 2497 624 2517 eae
641 2486 730 2527 porr&
743 2486 924 2516 locabantur

168 2531 320 2573 pecuni313
346 2531 534 2570 quandoque
550 2530 643 2559 etiam
659 2529 825 2559 liberaliter
838 2529 855 2558 ’ῖι
867 2530 924 2559 ‹lo-

169 2574 259 2605 minis
276 2574 436 2603 tribulibus
452 2572 513 2602 suis
538 2573 801 2602 concedebantur.
848 2572 921 2602 Plu-

169 2618 292 2648 tarchus
308 2616 370 2646 una
381 2621 472 2647 nocte
493 2615 511 2644 a
526 2614 669 2645 Graccho
693 2615 827 2645 sublatas
854 2626 921 2646 esse

168 2660 282 2691 scribit.

211 2705 243 2732 4.
269 2701 401 2731 Crimina
416 2699 434 2728 ὰ
451 2700 668 2741 multitudine]
714 2699 824 2730 Cicero
848 2700 925 2740 obji-

166 2746 209 2777 cit
219 2744 467 2781 Servio‚credere
480 2743 722 2779 multitudinem,
732 2742 814 2784 quod
827 2744 923 2776 nimia

961 1760 1097 1801 quadarn
1114 1761 1278 1791 accusandi
1290 1759 1462 1801 cupiditate
1474 1761 1540 1791 haec
1556 1759 1658 1789 omnia
1674 1757 1719 1789 le-

960 1803 1093 1839 vissima,
1109 1805 1148 1833 ab
1168 1805 1236 1845 ipso
1252 1804 1394 1839 collecta,
1411 1803 1501 1844 quasi
1523 1807 1569 1833 tot
1580 1802 1719 1837 crimina,

964 1846 996 1876 in
1011 1847 1176 1876 Murenam
1191 1846 1408 1886 conjiciantur.

1007 1890 1038 1918 7.
1061 1889 1182 1919 Senatus
1212 1901 1281 1919 marn
1314 1887 1451 1927 obvium-J
1511 1886 1568 1918 Ait
1597 1887 1721 1923 Cicero,

964 1931 1090 1972 prodire
1106 1931 1243 1970 obviam,
1268 1932 1390 1969 sectari,
1412 1931 1471 1961 &c-
1494 1941 1652 1971 nunquam
1673 1940 1723 1959 se-

963 1979 1069 2004 natum
1085 1975 1238 2015 pertinere
1252 1975 1291 2004 ad
1309 1973 1635 2013 crimenjudicavisse,
1650 1972 1721 2007 nisi,

964 2017 1018 2057 qui
1035 2018 1190 2058 prodeunt
1204 2023 1236 2047 et
1248 2023 1417 2052 sectantur,
1435 2017 1579 2046 mercede
1589 2025 1723 2046 corrum-

964 2065 1087 2099 paritur.

1009 2106 1060 2133 10.
1079 2103 1133 2132 Sed
1161 2103 1258 2144 vulgi),
1279 2102 1411 2142 possint]
1457 2101 1531 2132 Non
1545 2105 1592 2131 est
1606 2100 1722 2132 crimen

962 2144 1037 2175 dare
1068 2145 1168 2175 locum
1192 2147 1231 2176 ad
1256 2147 1472 2186 spectandum,
1496 2144 1626 2175 invitare
1643 2143 1723 2174 mul-

968 2194 1013 2219 tos
1029 2189 1068 2218 ad
1086 2189 1263 2228 prandium,
1285 2188 1370 2218 verbi
1382 2187 1480 2229 gratia
1489 2187 1617 2218 tribules
1630 2196 1718 2221 suos;

968 2232 1023 2261 sed
1053 2232 1170 2262 crimen
1201 2239 1249 2262 est
1277 2231 1436 2261 universos
1465 2230 1614 2268 invitare;
1636 2229 1721 2270 quod

968 2273 1102 2304 Murena
1118 2285 1179 2304 non
1195 2274 1278 2305 fecit.

1012 2321 1063 2347 11.
1100 2318 1131 2347 Si
1152 2317 1188 2347 L.
1203 2317 1327 2358 Natta]
1370 2316 1445 2347 Non
1469 2316 1566 2346 debet
1588 2313 1726 2345 accusari

968 2359 1104 2390 Murena
1129 2360 1273 2395 ambitus,
1297 2360 1322 2390 si
1348 2360 1448 2390 Natta
1473 2359 1628 2400 privignus
1657 2356 1722 2397 ejus

968 2402 1101 2442 aliquem
1115 2402 1215 2433 locum
1230 2403 1279 2432 vel
1305 2401 1480 2433 convivium
1503 2400 1648 2432 centuriis
1666 2401 1723 2430 de-

969 2445 1062 2483 derit,
1086 2446 1169 2486 quod
1193 2456 1256 2476 non
1273 2451 1335 2475 tam
1352 2445 1440 2475 dedit
1455 2449 1488 2474 ut
1511 2444 1654 2474 Murenae
1677 2444 1723 2474 fa-

967 2496 1067 2523 veret,
1090 2489 1184 2529 quarn
1202 2489 1314 2529 utipse
1329 2488 1390 2518 suis
1403 2486 1565 2517 tribulibus
1575 2486 1724 2528 gratiosus

968 2535 1060 2560 esset.

1010 2572 1060 2602 ΙΙ).
1093 2573 1209 2603 Summo
1232 2574 1290 2603 Ioco
1313 2571 1497 2612 adolescens]
1551 2570 1649 2602 Natta
1671 2571 1725 2601 ille

966 2626 1003 2646 ex
1029 2616 1146 2645 familia
1171 2616 1362 2646 Pinariorum
1391 2616 1459 2651 fuit,
1483 2614 1675 2644 nobilissima
1693 2619 1726 2645 et

965 2658 1178 2699 antiquissima
1203 2660 1288 2700 apud
1306 2659 1476 2693 Romanos,
1491 2657 1643 2698 siquidem
1657 2656 1725 2697 jam

968 2701 1104 2732 Evandri
1138 2703 1329 2743 temporibus
1354 2701 1483 2733 celebris
1515 2706 1592 2733 erat.
1641 2700 1726 2741 virg.

968 2744 1100 2776 AEne'i'd-
1113 2746 1143 2777 8.
