1790 3090
31 183 89 224 42
654 177 745 211 PRO
770 179 886 211 LEGE
909 177 1121 210 MANILIA.

114 256 338 299 consulto:
370 257 446 299 sed
479 270 529 298 ea
549 269 624 297 vos
656 253 908 312 conjectura
928 253 1172 311 perspicite,
1204 260 1411 310 quantum
1449 251 1556 294 illud
1586 252 1675 294 bel-

41 315 203 356 751um
224 315 411 356 futurum
432 313 606 369 putetis,
637 313 754 368 quod
783 313 1050 368 conjungant
1070 325 1192 367 reges
1220 310 1524 367 potentissimi,
1554 325 1677 351 reno-

113 378 217 413 vent
237 371 410 428 agitatae
432 369 646 421 nationes,
677 369 919 425 suscipiant
934 368 1112 424 integrae
1133 376 1300 423 gentes,
1331 382 1467 409 novus
1496 366 1679 423 impera-

114 436 182 470 tor
203 436 342 470 vester
361 427 563 483 accipiat,
579 433 720 467 vetere
739 427 773 479 [g
787 426 1014 481 expuls0*]
1029 425 1235 467 exercitu.
1295 425 1411 466 Satis
1428 423 1533 465 mihi
1547 424 1681 464 multa

113 486 244 527 verba
267 485 423 526 fecisse
440 484 601 534 videor,
623 481 754 538 quare
772 483 856 522 hoc
878 481 1037 521 bellum
1055 488 1170 521 esset
1191 495 1344 535 genere
1364 481 1459 537 ipso
1480 495 1681 522 necessa-

115 542 237 594 rium,
260 540 557 598 magnitudine
597 538 896 595 periculosum.
955 536 1111 577 Restat
1150 545 1212 587 ut,
1250 538 1302 578 de
1334 538 1590 592 imperatore
1626 537 1681 577 ad

44 599 98 640 80
116 599 218 640 illud
253 599 414 639 bellum
457 596 692 653 diligendo,
723 610 774 637 ac
813 592 945 636 tantis
980 593 1106 634 rebus
1127 593 1415 650 praeficiendo,
1447 594 1680 636 dicendum

117 671 210 698 esse
231 654 441 697 videatur.

731 768 755 792 ἢ*
772 766 910 808 Aliter
930 764 1069 821 pulso.

232 831 250 858 ἕ
269 828 439 868 dimisso
458 825 613 879 [aliter‚
630 824 943 881 profligato—a
959 821 1215 865 Mithridate
1236 822 1414 865 scilicet.
1443 820 1484 863 J.
1499 821 1570 876 C.]

160 964 215 992 ¹73.
262 961 365 992 Multa
377 962 539 1002 praeterea]
601 959 769 992 Conclusio
785 959 880 1000 partis
965 960 1020 990 76.
1065 958 1163 989 Novus
1183 959 1366 999 imperator]
1415 958 1523 1000 Auget
1551 957 1687 999 denique

119 1011 177 1041 est,
199 1015 254 1045 per
284 1005 503 1046 repetitionem
528 1014 637 1034 eorum
664 1013 733 1044 quae
765 1002 881 1032 bellum
925 1001 1096 1041 periculum
1124 1003 1237 1032 ¹‹inovo
1264 1003 1462 1044 imperatore,
1486 1001 1541 1042 qui
1570 1001 1609 1031 ad
1627 1002 1686 1032 hoc

116 1048 194 1078 illud
225 1057 318 1089 grave
344 1053 377 1078 et
401 1047 610 1088 periculosum
638 1046 794 1076 reddunt:
850 1047 879 1076 1.
925 1044 1041 1075 bellum
1071 1045 1241 1075 mittendus
1257 1051 1326 1083 est3
1350 1045 1405 1086 qui
1431 1055 1545 1075 novum
1570 1045 1688 1074 exerci-

121 1090 206 1132 quod
252 1090 454 1121 Mithridates
500 1095 532 1120 et
575 1089 727 1128 Tigranes
764 1087 881 1117 bellum
926 1092 989 1117 tum
1021 1092 1203 1128 accepturus
1232 1093 1301 1123 est;
1336 1087 1465 1128 expulso
1494 1091 1611 1122 vetere,
1634 1087 1689 1127 qui

117 1133 309 1172 conjunctim
336 1138 466 1173 gerunt:
494 1136 525 1164 2.
547 1131 632 1172 quOd
658 1131 752 1162 Ponti
773 1136 805 1160 et
820 1129 882 1158 Ar·
924 1130 1076 1160 exercitus
1092 1135 1124 1159 et
1135 1130 1175 1159 ad
1193 1131 1365 1170 parendum
1380 1129 1473 1170 longe
1497 1129 1689 1170 promptissi-

119 1176 231 1206 meniae
253 1176 397 1206 nationes
426 1176 550 1216 utrique
586 1175 651 1214 regi
683 1178 811 1214 parent:
851 1174 884 1202 3.
927 1182 994 1201 mus
1009 1178 1066 1208 est,
1090 1177 1122 1202 et
1136 1173 1176 1201 ad
1194 1173 1394 1211 pugnandum
1406 1173 1601 1203 fortissimus.

119 1218 204 1258 quod
229 1219 355 1259 integrae
385 1224 505 1258 gentes,
532 1218 670 1247 nondum
687 1216 706 1246 ῑι
729 1214 883 1246 Romanis
971 1217 1024 1247 79.
1068 1214 1198 1256 Restat]
1241 1215 1396 1246 Transitio
1428 1216 1467 1246 ad
1494 1214 1585 1246 aliam
1601 1214 1688 1246 Con-

118 1262 286 1299 lacessitae‚
311 1261 423 1292 bellum
449 1260 631 1301 suscipiunt,
655 1257 884 1301 quibusjuvari
927 1257 1109 1288 firmationis
1125 1265 1256 1298 partem,
1280 1260 1311 1289 in
1339 1259 1403 1300 qua
1432 1260 1473 1290 de
1503 1259 1688 1300 imperatore

118 1315 207 1347 reges
222 1309 377 1347 poterunt.
928 1301 1098 1332 dicendum
1115 1306 1173 1332 est.

615 1458 824 1491 TERTIUM
847 1457 1193 1490 ARGUMENTUM.

183 1563 261 1604 Cn.
280 1563 511 1615 Pompeius
530 1566 593 1601 est
612 1562 748 1601 bonus
781 1563 1029 1612 imperator,
1060 1560 1165 1610 quia.
1205 1560 1253 1598 in
1293 1571 1338 1599 eo
1358 1563 1464 1599 sunt
1502 1563 1692 1611 quatum·

121 1621 318 1668 virtutes,
340 1632 440 1672 quce
452 1619 607 1658 bonum
627 1620 924 1671 imperatorem
943 1616 1242 1657 coemendam
1254 1632 1267 1656 .·
1298 1617 1479 1657 seientia
1499 1617 1561 1656 rei
1581 1616 1691 1656 mili-

122 1679 246 1726 tao-is,
277 1678 432 1726 virtus,
464 1676 714 1725 auctoritas,
743 1675 949 1729 felicitas,

745 1800 906 1828 PRIMA
942 1799 1083 1828 PARS.

183 1903 265 1944 IX.
326 1902 516 1953 Utinam,
550 1900 755 1952 Quirites,
786 1900 972 1942 virorum
1003 1899 1177 1941 sortium
1216 1906 1347 1955 atque
1396 1899 1690 1941 innocentium

127 1960 298 2016 copiam
314 1965 478 2000 tantam
495 1959 723 2010 haberetis,
754 1964 802 1998 ut
821 1958 916 1999 haec
940 1956 1060 1998 vobis
1078 1957 1326 1997 deliberatio
1348 1956 1538 1996 difficilis
1560 1964 1690 2007 esset,

127 2031 357 2073 quemnam
378 2014 647 2072 potissimum
663 2014 793 2056 tantis
811 2015 937 2055 rebus
952 2029 1002 2054 ac
1015 2020 1136 2055 tanto
1148 2013 1264 2053 bello
1279 2012 1598 2068 praeficiendum
1613 2029 1691 2070 pu·
1731 2048 1736 2051 .

127 2074 292 2114 taretis.
343 2069 1530 2125 NuncverbsssimsitunusC11.Pompeius‚quinonmodo
1545 2084 1691 2111 eorum

55 2138 81 2176 5
127 2130 367 2181 hominum,
381 2129 456 2185 qui
473 2143 589 2169 nunc
611 2135 725 2180 sunt,
744 2127 937 2184 gloriam,
956 2127 1030 2168 sed
1053 2126 1182 2167 etiam
1204 2126 1472 2182 antiquitatis
1496 2128 1693 2168 memori-

129 2202 213 2239 am,
229 2188 385 2228 virtute
408 2185 619 2242 superarit
634 2203 644 2237 3
676 2201 772 2241 quae
786 2199 851 2225 res
870 2192 948 2233 est,
968 2199 1063 2239 quae
1077 2184 1332 2239 cujusquam
1349 2183 1538 2224 animum
1550 2183 1595 2224 in
1607 2182 1692 2224 hac

130 2243 262 2285 caus-51
281 2244 459 2284 dubium
480 2243 648 2283 afacere
663 2242 827 2298 possit?
889 2240 984 2296 Ego
1003 2241 1115 2282 enirn
1137 2241 1201 2281 sic
1223 2239 1438 2291 existimo,
1459 2240 1502 2280 in
1525 2255 1692 2281 summo

129 2301 384 2356 imperatore
402 2306 586 2355 quatuor
607 2299 684 2340 has
721 2314 787 2340 res
806 2298 947 2338 inesse
965 2304 1175 2354 oportere,
1207 2297 1432 2338 scientiam
1453 2296 1512 2337 rei
1532 2297 1692 2338 milita-

129 2357 202 2408 ris,
222 2356 438 2408 virtutem,
460 2356 776 2406 auctoritatem,
797 2354 1063 2395 felicitatem.
1125 2353 1233 2400 Quis
1254 2353 1383 2409 igitur
1409 2353 1494 2394 hoc
1517 2354 1690 2394 homine

59 2419 111 2460 10
129 2413 334 2454 scientior
346 2427 533 2468 unquam
550 2419 624 2453 aut
644 2411 738 2463 fuit,
759 2418 833 2452 aut
852 2425 946 2451 esse
964 2410 1139 2451 debuit?
1171 2409 1260 2465 qui,
1282 2409 1304 2450 ὲ
1327 2410 1456 2451 bludo
1471 2416 1600 2466 atque
1615 2426 1693 2466 pu-

127 2470 260 2512 eritiae
277 2469 524 2526 disciplina,
541 2469 655 2510 bello
669 2468 873 2520 maximo,
893 2474 1021 2523 atque
1038 2466 1254 2508 acerrimis
1267 2467 1478 2519 hostibus,
1492 2470 1545 2508 ad
1559 2467 1692 2523 patris

525 2590 541 2607 ²²
556 2585 737 2625 reddere.
1108 2582 1124 2606 b
1139 2581 1291 2623 schola.

169 2701 221 2728 10.
248 2697 276 2728 Ε
291 2698 385 2739 luda]
432 2697 493 2728 Per
512 2697 621 2727 ludum
637 2697 756 2727 scholas
772 2695 887 2727 intelli·
932 2696 1017 2727 foro:
1045 2696 1084 2726 de
1109 2695 1196 2736 cujus
1220 2694 1400 2736 eloquentia
1428 2694 1538 2727 Cicero
1554 2694 1692 2736 loquitur

126 2742 183 2782 git,
209 2752 286 2783 quas
309 2740 465 2772 communi
493 2740 617 2770 nomine
634 2741 737 2770 ludum
751 2739 886 2770 Romani
930 2739 962 2769 in
979 2739 1031 2771 lib.
1048 2740 1087 2768 de
1102 2739 1191 2769 claris
1205 2738 1398 2769 Oratoribus.

124 2785 242 2822 uixere,
281 2789 313 2814 et
343 2785 407 2815 Iudi
435 2785 598 2824 magistros,
621 2784 675 2824 qui
702 2793 754 2814 eas
792 2783 886 2813 doce·
974 2784 1025 2813 11.
1047 2783 1094 2812 Ad
1111 2783 1206 2822 patris
1219 2781 1396 2822 eremitam]
1453 2781 1567 2822 Magni
1594 2780 1690 2811 Pom-

122 2828 210 2859 bant.
270 2828 381 2859 Statim
422 2827 440 2857 ιῖ
481 2826 593 2858 scholis
618 2836 726 2859 causas
757 2825 820 2867 egit
851 2825 883 2855 in
928 2825 991 2866 peii
1020 2830 1109 2867 pater
1147 2824 1206 2858 Cn.
1246 2824 1417 2867 Pompeius
1455 2824 1566 2856 Strabo
1601 2834 1688 2856 exer-
