1858 3095
732 159 784 193 IN
812 157 1027 194 PISONEM.

103 233 364 278 immortales
394 233 437 277 in
467 242 637 277 nostros
667 234 826 278 milites
847 238 995 293 expiav
1001 243 1147 287 erunt;
1179 236 1252 293 qui
1273 235 1371 278 cum
1392 249 1476 277 uno
1492 248 1653 298 genere
1673 236 1732 277 30

101 292 237 333 morbi
259 293 558 355 affligerentur,
576 307 714 349 neque
733 308 777 335 se
799 307 987 334 recreare
1007 294 1231 357 quisquam
1253 299 1414 355 posset,
1428 307 1502 349 qui
1523 294 1654 334 semel

99 347 344 399 incidisset3
366 348 594 390 dubitabat
613 364 753 401 nemo,
770 349 872 406 quin
893 349 1040 391 violati
1057 350 1262 406 hospites,
1270 349 1398 405 legati
1421 349 1576 400 necati,
1586 363 1656 390 so-

102 403 157 445 cii
177 405 337 446 nefario
358 405 470 446 bello
485 405 686 456 lacessiti,
701 406 799 447 fana
815 421 838 446 v
844 415 981 454 exata,
995 407 1106 447 hanc
1119 413 1281 448 tantam
1295 406 1512 447 efficerent
1523 405 1654 447 vasti-

101 467 246 502 tatem.
289 460 544 516 Cognoscis,
564 477 616 502 ex
633 462 841 517 particula
856 477 953 518 parv
958 478 996 513 a,
1012 464 1144 504 sceler
1149 477 1217 503 um
1231 470 1274 502 et
1288 461 1554 503 crudelitatis
1568 469 1654 503 tuae

100 530 235 572 genus
252 531 509 558 llnlvel‘stlm.

570 518 686 566 Quid
707 518 906 568 avaritiae,
930 535 1024 575 quae
1046 518 1294 559 criminibus
1316 517 1494 558 infinitis
1513 517 1653 587 impli-
1671 517 1727 559 35

100 579 198 614 cata
210 580 289 624 est,
303 588 511 614 summam
527 589 640 615 nuuc
655 575 887 638 expliceni'
909 575 1143 637 generatim
1161 589 1224 621 ea,
1239 589 1334 629 quae
1347 573 1532 614 maxime
1551 581 1653 616 nota

99 636 212 680 sunt,
226 629 383 671 dicam.
417 630 533 671 Non·
536 646 587 672 ue
602 631 844 672 sestertium
855 631 1016 672 centies
1032 638 1075 671 et
1088 637 1297 685 octogies,
1307 630 1438 685 quod
1448 630 1569 692 quasi
1583 645 1653 672 va-

99 685 199 726 sarii
216 686 403 736 nomine,
419 686 463 727 in
480 687 723 728 venditione
743 687 825 727 mei
843 686 996 742 capitis
1013 686 1316 741 adscripseras,
1334 700 1384 726 ex
1408 700 1555 726 aerario
1570 686 1651 727 tibi

99 743 365 795 attributum,
378 742 615 785 Romaein⁰
623 749 786 803 quaestu
802 742 1032 798 reliquisti?
1082 742 1269 804 Non-ne,
1284 756 1382 782 cum
1400 742 1475 783 CC
1491 742 1654 784 talenta

99 798 176 839 tibi
199 800 235 839 A
270 775 482 841 ollo'niatae
504 799 653 839 Romae
675 798 912 849 dedissent,
929 813 979 839 ne
1000 798 1204 855 pecunias
1221 798 1406 840 creditas
1423 799 1650 848 solverent,
1668 798 1725 839 40

97 853 208 895 ultro

266 855 457 905 ufidium,
473 855 662 917 equitem
693 855 950 905 Romanum,
971 855 1188 896 hominem
1209 854 1539 903 oinatissimum‚
1561 871 1653 897 cie-

96 909 292 959 ditorem‚
295 911 658 952 debitoribussuis
670 911 894 952 addixisti.
882 913 898 938 '²
914 911 1086 952 Non-ne
1090 911 1652 980 ,hibernacumlegatoprae-

96 965 297 1022 sectoque
313 974 388 1008 tuo
408 968 676 1017 tradidisses,
697 982 747 1009 ev
751 967 886 1009 ertisti
906 967 1082 1009 miseras
1104 967 1294 1009 funditus
1322 967 1534 1019 civitates,
1555 983 1654 1025 quae

96 1035 182 1064 non
203 1023 341 1065 solum
361 1024 486 1066 bonis
506 1031 607 1066 sunt
620 1025 853 1075 exhaustae,
870 1025 945 1065 sed
960 1025 1088 1065 etiam
1102 1023 1285 1065 nefarias
1306 1023 1534 1065 libidinum
1550 1039 1656 1066 con-

96 1080 292 1122 tumelias
321 1080 691 1166 turpitudinesque
722 1080 971 1121 subierunt?

95 1136 230 1177 menti
253 1136 517 1178 aestimandi?
549 1152 623 1194 qui
643 1137 883 1179 honorarii?
914 1137 948 1177 si
965 1137 1140 1192 quidem
1159 1144 1317 1200 potest,
1334 1136 1375 1177 vi
1389 1144 1431 1177 et
1451 1144 1568 1179 metu
1582 1152 1653 1179 ex-

96 1198 268 1243 tortum,
297 1193 569 1234 honorarium
607 1193 844 1243 nominari;

876 1195 991 1249 quod
1013 1208 1110 1234 cum
1142 1193 1330 1249 plerique
1363 1208 1527 1244 omnes,
1562 1200 1655 1236 tum

97 1249 374 1290 acerbissime
396 1249 553 1299 Boeoti,
586 1257 630 1290 et
663 1226 874 1305 Byzantii,
911 1249 1244 1300 Cherionenses,
1277 1256 1320 1290 et
1348 1249 1655 1292 Thessalonica

97 1305 246 1346 sensit.

305 1305 427 1346 Unus
450 1313 496 1346 tu
518 1282 733 1368 dominus,
751 1320 858 1345 unus
881 1307 1128 1356 aestimator,
1142 1320 1252 1346 unus
1268 1306 1475 1357 venditor,
1492 1306 1587 1347 tota
1607 1307 1653 1347 in

95 1361 331 1416 provincia,
349 1376 422 1417 per
441 1362 685 1412 triennium,
700 1361 899 1403 frumenti
922 1362 1060 1403 omnis
1077 1361 1212 1402 suisti.

1262 1362 1375 1410 Quid
1390 1377 1469 1418 ego
1490 1362 1654 1405 drerum
1670 1363 1726 1404 50

97 1417 346 1473 capitalium
359 1419 635 1471 quaestiones,
650 1433 742 1460 re01
747 1433 817 1459 um
830 1418 1076 1482 pactiones,
1081 1418 1412 1474 redemptiones,
1427 1419 1655 1461 acerbissi-

97 1488 188 1514 mas
202 1474 512 1526 damnationes,
522 1474 896 1517 libidinosissimas
911 1474 1203 1527 libeiationes,
1218 1475 1357 1531 profei
1361 1476 1452 1516 am?
1473 1475 1654 1525 tantum,

96 1529 240 1573 locum
255 1531 442 1588 aliquem
464 1547 561 1574 cum
582 1532 684 1573 mihi
704 1538 855 1574 notum
875 1546 970 1574 esse
990 1531 1187 1582 senseris,
1205 1537 1348 1574 tecum
1364 1531 1472 1589 ipse,
1489 1531 1655 1586 licebit,

417 1675 611 1730 {foenora

140 1844 192 1873 5³2.
219 1843 327 1875 Virtuti
347 1844 493 1886 hospites-J
538 1845 656 1882 Plator,
679 1851 713 1876 ut
735 1844 854 1887 superi-

98 1896 133 1916 us
149 1886 264 1917 dictum
278 1893 337 1923 est,
343 1889 382 1918 ab
393 1899 431 1918 eo
445 1889 626 1920 interfectus
638 1895 701 1927 est3
712 1890 742 1919 in
754 1899 855 1930 eoque

93 1927 146 1968 jus
160 1929 316 1970 hospitii
301 1940 320 1960 a
336 1929 449 1961 Pisone
464 1931 610 1962 violatum
628 1938 692 1969 est;
717 1933 856 1972 hospites

96 1975 200 2045 {autem
216 1972 329 2002 violare
345 1984 496 2004 summum
519 1975 603 2015 apud
621 1958 740 2006 vetdres
756 1975 854 2006 scelus

112 2013 156 2043 uit

142 2059 194 2087 37.
218 2057 382 2088 Sestertium
403 2060 505 2089 centies
529 2065 555 2089 et
580 2059 723 2100 octogies]
770 2060 856 2096 Qua-

98 2099 261 2141 dringenta
290 2101 428 2141 quinqua
432 2101 517 2142 ginta
554 2102 650 2132 millia
681 2112 856 2140 aureorum,

97 2153 227 2192 qnorum
242 2143 373 2184 quilibet
388 2145 470 2175 valet
491 2145 652 2185 sexaginta
675 2145 738 2174 duo
761 2145 857 2174 dena-

97 2186 168 2217 rios.

141 2228 192 2260 Ib.
220 2225 334 2259 Vasarii
358 2229 499 2270 nomina]
545 2230 592 2259 Ea
622 2230 725 2259 onmia
750 2231 859 2260 rasnrii

98 2271 224 2301 nomine
248 2272 444 2306 dicebantur,
471 2282 541 2313 quae
573 2272 799 2313 magistratibus
825 2272 858 2302 in

98 2314 290 2354 provinciam
304 2315 449 2351 ituris,ad
462 2326 566 2345 eornm
579 2326 650 2346 usus
659 2315 858 2351 domesticos,

99 2367 137 2387 ex
152 2358 258 2387 aerario
273 2358 538 2389 concedebantur.

141 2401 195 2431 38.
235 2399 270 2430 ln
289 2401 450 2431 venditione
477 2403 532 2431 mei
559 2401 688 2441 capitis]
732 2400 859 2431 Pactio-

98 2451 170 2472 nem
186 2443 301 2473 fecerat
317 2453 387 2473 cuin
405 2442 519 2474 Pisone
533 2443 675 2480 Clodius,
688 2448 732 2479 ut,
746 2443 772 2474 si
789 2453 859 2484 per·

101 2485 190 2515 deret
205 2485 404 2521 Ciceronem,
419 2496 553 2526 pecunia
566 2485 610 2515 illi
634 2497 672 2516 ex
695 2486 802 2517 aerario
826 2487 858 2516 in

101 2533 255 2568 sumptum
272 2527 424 2559 exercitiis
441 2529 668 2559 attribueretur.

144 2571 198 2600 39.
222 2570 274 2600 CC
297 2571 436 2612 talenta]
498 2571 689 2603 Gallicorum
719 2581 861 2602 nummo-

101 2622 167 2642 rum
183 2612 278 2642 millia
292 2619 418 2644 centuni
434 2614 544 2654 viginti
560 2614 707 2646 efficiunt.

103 2656 225 2738 11'40..
229 2655 254 2684 A
255 2655 442 2696 pollentium]
499 2656 672 2698 Apollonia
710 2657 780 2688 urbs
817 2662 865 2687 est

171 2696 238 2727 rici.

147 2742 201 2771 42.
223 2739 399 2789 Acidis-ista]
445 2740 563 2773 Addici
582 2742 704 2784 proprie
719 2742 804 2773 bona
816 2741 865 2773 di-

104 2787 227 2819 cuntur,
251 2794 321 2815 curn
349 2788 464 2829 praetor
488 2791 541 2819 aut
571 2788 712 2818 secundo
739 2786 865 2818 decreto

899 1673 916 1697 ἃ
917 1675 1091 1728 judicia
1111 1675 1330 1728 capitalia.

896 1845 1047 1876 bonorum
1085 1845 1310 1886 possessionem
1349 1844 1485 1886 largitur,
1515 1845 1573 1876 lioc
1599 1848 1661 1881 est,

898 1889 1061 1929 possidere
1080 1888 1187 1929 jubet:
1222 1895 1277 1918 aut
1302 1898 1372 1919 cum
1398 1887 1464 1928 ejus
1488 1888 1580 1924 bona,
1603 1888 1660 1929 qui

893 1931 1070 1972 judicatum
1086 1932 1188 1962 facere
1202 1942 1266 1961 non
1288 1936 1403 1972 potest,
1425 1931 1549 1972 petitori
1572 1932 1660 1961 attri-

899 1975 978 2004 buit.
1021 1973 1066 2004 At
1089 1973 1162 2004 Piso
1177 1985 1240 2004 non
1256 1974 1458 2005 creditoribus
1474 1975 1555 2004 bona
1570 1973 1660 2004 debi-

898 2022 1009 2052 torum,
1021 2017 1076 2046 sed
1093 2017 1278 2047 creditorum
1295 2017 1375 2046 bona
1390 2017 1594 2052 debitoribus,
1606 2017 1662 2046 ad-

900 2060 989 2098 dixit,
1006 2059 1078 2100 quia
1094 2059 1206 2089 milites
1222 2059 1254 2089 in
1270 2059 1397 2089 domurn
1413 2058 1540 2094 Fufidii,
1556 2060 1596 2088 ad
1613 2058 1662 2088 hi-

899 2103 1006 2138 berna,
1024 2102 1133 2131 inissi
1121 2108 1202 2132 s.unt

943 2146 996 2174 46.
1022 2143 1190 2174 Honoravit.
1195 2144 1209 2185 ]

902 2186 1059 2228 intelligit,
1074 2188 1158 2227 quod
1176 2185 1270 2227 gratis
1285 2192 1316 2217 et
1332 2187 1458 2217 honoris
1473 2196 1566 2216 causa
1583 2197 1662 2227 prae-

900 2229 1016 2259 toribus
1032 2229 1255 2268 provinciarum
1271 2229 1413 2259 dabatur.

945 2274 998 2302 48.
1024 2271 1142 2312 Baeoti.]
1171 2272 1272 2302 Boeoti
1289 2272 1362 2301 olim
1383 2272 1423 2301 ob
1444 2271 1660 2312 stupiditatem

903 2325 990 2346 suain
1017 2314 1096 2345 male
1124 2315 1310 2346 audiebant·
1304 2337 1312 2352 ,
1341 2326 1359 2344 a
1382 2314 1507 2344 Boeotia
1533 2314 1661 2355 regione

904 2358 936 2388 in
948 2357 1061 2387 finibus
1072 2357 1203 2388 Graeciae
1214 2358 1303 2393 dicti,
1313 2362 1345 2386 et
1361 2358 1426 2388 liaec
1441 2357 1459 2386 a
1471 2357 1564 2395 bove,
1573 2356 1663 2398 cujus

904 2401 1000 2431 ductu
1017 2401 1076 2430 huc
1093 2400 1233 2431 Cadmus
1249 2400 1402 2441 pervenit.

947 2443 996 2473 lb.
1022 2442 1167 2483 Byzantii.
1172 2444 1186 2484 ]
1210 2442 1359 2485 Byzantii
1370 2443 1388 2472 5,
1398 2442 1557 2484 Byzantio
1566 2443 1665 2474 Thra-

903 2486 958 2517 ciae
973 2485 1099 2516 civitate
1116 2486 1159 2517 sic
1173 2486 1268 2523 dicti;
1290 2496 1360 2527 quae
1376 2485 1664 2527 Constantinopolis

905 2540 924 2559 a
938 2528 1144 2559 Constantino
1159 2528 1268 2570 postea]
1282 2534 1462 2569 nuncupata
1476 2534 1533 2559 est.

949 2571 999 2602 lb.
1023 2571 1235 2603 Cherronenses.
1240 2573 1256 2613 ]
1305 2571 1516 2602 Cherionesus
1541 2571 1608 2601 haec
1633 2569 1665 2600 in

906 2613 1038 2644 Thracia
1071 2614 1130 2644 suit
1160 2615 1200 2645 ad
1230 2619 1361 2656 pontum
1392 2613 1557 2648 Euxinum,
1586 2612 1667 2643 inter

908 2656 1108 2698 Apolloniam
1124 2661 1157 2688 et
1169 2657 1239 2698 'lhj
1233 2656 1371 2687 riadem.

949 2702 1002 2730 51.
1027 2698 1153 2730 Rem-um
1165 2701 1320 2740 pactiones.
1324 2699 1337 2738 ]
1368 2697 1586 2729 Conveniebat
1597 2708 1668 2730 cum

908 2742 967 2774 reis
977 2743 1019 2774 de
1032 2743 1181 2784 pecunia,
1189 2742 1253 2785 qua
1265 2753 1297 2773 se
1308 2740 1521 2773 redimerent
1507 2751 1527 2772 a
1534 2740 1668 2782 judicio.

1249 2143 1457 2174 Honorarium
1471 2143 1660 2174 frumentum

1287 2839 1315 2867 Y

1645 156 1727 202 291

1046 1080 1132 1129 Qui
1162 1081 1316 1122 modus
1347 1080 1427 1120 tibi
1460 1080 1540 1121 fuit
1569 1081 1653 1122 fru-
1669 1078 1725 1122 45
