1790 3090
74 155 161 200 410

761 153 1025 190 PHILIPPICA
1048 156 1096 188 11.

156 219 256 274 eum
273 235 320 272 tu
340 225 583 271 occideres?
616 227 704 270 Fac
719 229 935 285 potuisse3
965 229 1084 286 quod
1099 234 1166 271 est
1179 228 1310 283 aliud,
1327 228 1378 272 P.
1400 228 1450 272 O.
1464 228 1722 273 beneficium

155 290 386 338 latronum,
415 285 500 327 nisi
519 291 568 326 ut
589 300 918 328 commemorare
939 287 1123 344 possint,
1141 286 1194 329 iis
1214 302 1260 329 se
1281 287 1414 329 vitam
1430 287 1618 339 dedisse,
1633 289 1725 351 qui-

157 346 241 387 bus
272 357 356 385 non
386 341 650 383 ademerint?

728 343 853 390 Quod
885 344 922 384 si
953 350 1068 385 esset
1107 345 1380 397 beneficium,
1421 358 1642 400 nunquam
1683 344 1727 395 xi,

161 401 236 458 qui
256 401 371 441 illum
390 398 706 450 interfecerunt,
736 400 761 439 a
792 415 875 455 quo
912 407 1031 442 erant
1061 401 1231 453 servati,
1263 405 1389 457 (quos
1420 408 1467 442 tu
1498 415 1590 457 lpse
1619 399 1731 441 viros

164 513 302 561 Quale
331 519 475 554 autem
515 512 772 553 beneficium
810 519 890 562 est,

89 456 144 499 35
163 456 423 499 clarissimos
465 455 680 511 appellare
723 456 855 508 soles)
896 464 1060 499 tantam
1099 465 1242 499 essent
1280 458 1458 513 gloriam
1500 456 1734 498 consecuti.

921 513 1038 570 quod
1078 520 1119 555 te
1154 514 1412 556 abstinueris
1447 514 1609 555 nefario
1642 527 1735 554 sce—

163 569 276 611 lere?
309 568 396 625 qua
415 569 459 609 in
476 583 533 618 re,
554 583 641 610 non
661 576 749 610 tam
772 569 1013 624 jucundum
1033 570 1166 612 videri
1188 570 1293 612 mihi
1315 571 1479 620 debuit,
1500 585 1586 612 non
1606 569 1737 610 inter-

163 626 328 667 fectum
348 624 374 666 a
393 631 450 677 te,
483 624 614 681 quam
633 625 848 678 miserum,
879 626 922 667 id
944 633 985 668 te
1006 627 1181 682 impune
1211 628 1349 668 facere
1380 628 1588 684 potuisse.
1648 625 1735 667 Sed

164 683 223 723 sit
241 682 512 733 beneficium,
545 682 893 739 quandoquidem
920 684 1057 740 majus
1091 684 1231 740 accipi
1253 683 1279 724 a
1296 685 1460 726 latrone
1480 685 1639 725 nullum
1661 696 1737 739 po-

90 739 147 781 40
165 739 270 781 tuit:
302 739 347 780 in
374 753 458 802 quo
491 745 614 794 potes
649 754 716 780 me
754 739 895 781 dicere
923 740 1163 797 ingratum?
1223 742 1293 781 An
1328 741 1380 782 de
1401 741 1575 783 interitu
1595 740 1735 795 reipu-

165 796 288 838 blicae
319 810 437 851 queri
467 810 553 835 non
585 795 731 847 debui,
761 810 814 837 ne
846 796 890 837 in
921 803 962 837 te
993 797 1184 853 ingratus
1214 797 1405 839 viderer?

1484 798 1544 838 At
1577 796 1622 838 in
1660 795 1737 836 ill-5.

166 852 356 908 querela,
389 851 563 906 (miser-21
584 852 758 906 quidem
778 859 821 893 et
840 854 1055 905 luctuosa,
1088 855 1163 896 sed
1180 854 1299 906 mihi,
1322 869 1397 910 pro
1418 854 1504 896 hoc
1526 853 1673 910 gradu,
1693 851 1739 893 in

167 923 254 964 quo
274 922 341 949 me
363 914 536 948 senatus
557 909 825 964 populusque
845 908 1066 951 Romanus
1089 911 1329 962 collocavit,
1350 911 1611 962 necessaria)
1634 908 1740 966 quid

167 971 234 1006 est
263 964 428 1005 dictum
460 962 485 1003 ὲ
519 978 587 1004 me
621 978 718 1004 cum
759 965 1049 1006 contumelia?

92 1022 147 1064 45
166 1035 254 1062 non
275 1019 439 1061 amice?

1089 967 1194 1022 quid
1224 981 1311 1007 non
1342 967 1585 1009 moderate?

1634 965 1739 1023 quid

501 1018 558 1060 Et
579 1019 753 1075 quidem
783 1021 905 1076 cujus
937 1022 1231 1077 temperantiae
1251 1023 1348 1074 fuit,
1378 1024 1431 1064 de
1461 1024 1526 1064 M.
1548 1022 1738 1064 Antonio

165 1084 431 1134 querentem,
463 1076 674 1117 abstinere
709 1077 969 1119 maledicto?
999 1079 1233 1133 praesertim
1254 1080 1353 1120 cum
1373 1085 1419 1120 tu
1441 1079 1640 1135 reliquias
1661 1079 1741 1120 rei-

164 1134 350 1190 publieae
385 1133 705 1189 dissipavisses3
738 1133 836 1175 cum
864 1134 980 1175 domi
1008 1142 1092 1176 tuae
1123 1135 1368 1191 turpissimo
1389 1144 1580 1177 mercatu
1601 1135 1745 1176 omnia

166 1197 313 1233 essent
333 1190 516 1240 venalia3
549 1205 647 1231 cum
668 1190 787 1246 leges
809 1205 896 1243 eas,
917 1206 1011 1248 quae
1033 1206 1252 1249 nunquam
1281 1193 1563 1249 promulgatae
1583 1198 1743 1244 essent,

165 1255 210 1288 et
241 1248 294 1289 de
326 1254 367 1289 te
399 1254 442 1288 et
471 1245 498 1287 ἒῑ
528 1252 570 1287 te
602 1248 711 1288 latas
745 1248 1022 1299 confiterere3
1067 1248 1165 1290 cum
1195 1249 1388 1305 auspicia
1418 1264 1566 1306 augur,
1614 1248 1742 1290 inter-

89 1305 146 1347 50
166 1304 407 1346 cessionem
428 1304 593 1353 consul,
629 1303 906 1355 sustulisses3
938 1307 1036 1346 cum
1058 1320 1176 1347 esses
1205 1304 1442 1347 foedissime
1470 1311 1654 1362 stlpatus
1682 1319 1747 1346 ar-

164 1361 319 1412 matis3
369 1360 466 1402 cum
506 1374 653 1402 omnes
694 1360 958 1416 impuritates
995 1362 1154 1417 pudica
1184 1362 1228 1403 in
1264 1362 1392 1404 domo
1426 1363 1620 1418 quotidie
1652 1377 1742 1403 sus--

163 1417 345 1474 ciperes‚
395 1417 495 1459 vino
545 1416 775 1474 lustrisque
825 1418 1087 1460 &confectus

1148 1419 1209 1461 At
1248 1434 1345 1476 ego,
1386 1426 1605 1476 tamquam
1639 1419 1743 1460 mihi

788 1567 804 1592 g
811 1567 1101 1617 consumptus.

203 1732 258 1762 34.
281 1731 373 1772 Aquo
387 1737 471 1762 erant
484 1732 617 1774 servati]
671 1731 770 1763 Bruto
783 1737 814 1763 et
827 1732 934 1764 Cassio

162 1774 314 1814 exceptis,
339 1775 392 1815 qui
416 1785 574 1816 nunquam
599 1776 782 1816 acquievere
809 1776 934 1812 Caesari,

161 1827 269 1847 ornnes
298 1817 410 1858 reliqui
434 1818 500 1858 ejus
524 1818 736 1849 interfectores
760 1819 879 1848 fuerant
894 1820 933 1850 ab

161 1869 201 1889 eo
217 1860 341 1890 servati.
385 1860 454 1891 Hos
470 1861 543 1891 vide
561 1861 645 1902 apud
661 1861 854 1903 Appianum,
878 1862 931 1893 lib.

156 1905 194 1934 32.
209 1902 291 1933 Bell.
308 1902 400 1934 Civil.

204 1947 258 1976 38.
284 1946 380 1980 Quam
403 1945 562 1985 miserum]
611 1947 692 1977 Sane
721 1946 863 1977 miserum
888 1952 935 1977 est

162 1987 359 2025 Ciceronem,
382 1988 462 2018 bene
487 1990 527 2019 de
543 1989 701 2029 republica
716 1990 869 2025 meritum,
893 1991 932 2019 ab

160 2029 302 2061 Antonio
332 2031 539 2072 perditissimo
560 2032 627 2062 cive
654 2031 780 2073 impune
803 2032 934 2063 interfici

158 2073 312 2115 potuisse.

205 2119 257 2147 40.
284 2116 331 2147 De
355 2118 478 2147 interitu
503 2117 630 2158 reipub]
689 2116 933 2158 Rempublicam

159 2160 292 2199 perdere
321 2159 420 2190 voluit
448 2159 616 2196 Antonius,
650 2160 722 2200 quia
746 2171 808 2190 non
834 2160 933 2191 solum

159 2207 338 2242 usurpatam
366 2202 385 2232 a
415 2202 536 2233 Caesare
571 2213 719 2232 summam
746 2208 933 2244 potestatem

160 2244 219 2273 sibi
232 2245 400 2281 vindicare,
418 2245 473 2275 sed
491 2246 574 2286 ipsas
590 2246 666 2275 latas
679 2245 697 2275 a
710 2245 831 2277 Caesare
847 2246 933 2287 leges

160 2293 300 2318 evertere
331 2288 444 2326 voluit3
484 2289 523 2319 de
549 2288 660 2330 quibus
694 2288 727 2318 in
755 2289 933 2330 Philippica

159 2330 260 2369 prima
276 2331 392 2360 (lictum
406 2337 463 2361 est.

204 2376 257 2403 49.
281 2373 340 2403 Pro
356 2374 405 2404 hoc
417 2374 544 2415 gradu]
593 2375 724 2405 Senator
739 2379 803 2404 erat
814 2379 845 2405 et
860 2385 934 2405 con-

159 2414 267 2445 sularis
283 2415 412 2452 Cicer-03
436 2427 498 2457 quo
521 2418 645 2447 honoris
668 2418 765 2458 gradu
781 2418 881 2448 nullus
897 2419 933 2449 il-

158 2456 283 2488 lustrior
299 2459 329 2488 in
346 2459 506 2499 republica
522 2460 588 2490 fuit.

203 2503 257 2531 46.
295 2501 446 2541 Reliquias
470 2503 599 2543 reipub]
659 2502 763 2533 Vocat
789 2503 932 2544 reliquias

158 2543 339 2584 reipublicae
384 2544 550 2585 pecuniam
585 2545 754 2585 publicam,
785 2556 854 2585 quae
899 2547 932 2576 in

161 2586 241 2627 Opis
258 2587 325 2617 aede
341 2588 530 2623 servabatur,
554 2598 685 2629 quaeque
710 2599 746 2617 ex
761 2587 933 2629 largitioni-

158 2629 217 2659 bus
240 2629 370 2660 Caesaris
385 2635 554 2671 supererat,
578 2632 633 2661 sed
651 2640 743 2671 quam
758 2631 816 2661 sibi
831 2631 932 2661 Anto-

156 2672 227 2702 nius
242 2673 428 2712 vindicavit3
454 2672 504 2703 vel
528 2675 622 2704 etiarn
639 2680 742 2714 potest
756 2673 931 2715 intelligere

158 2713 268 2745 Cicero
296 2721 427 2756 quatuor
454 2715 551 2747 millia
573 2716 701 2753 talenta,
724 2727 793 2758 quae
817 2717 835 2747 εἰ
859 2718 933 2749 Cal-

154 2758 269 2797 purnia
285 2759 417 2790 Caesaris
432 2770 526 2791 uxore
542 2759 674 2800 accepit.

199 2802 254 2834 47.
301 2800 480 2843 Turpissimo
523 2802 678 2843 mercatu]
744 2802 931 2846 Turpissime

977 1733 1163 1775 provincias,
1207 1732 1428 1771 immunitates,
1473 1738 1507 1765 et
1541 1732 1752 1774 magistratus,

978 1779 1136 1808 vendebat
1147 1777 1324 1815 Antonius3
1347 1778 1387 1808 de
1403 1777 1515 1818 quibus
1528 1777 1618 1807 infra.

1020 1823 1072 1851 48.
1119 1820 1315 1861 Promulgatae
1334 1821 1451 1861 essent]
1494 1819 1673 1860 Antequam
1698 1819 1748 1849 lex

976 1862 1114 1898 serretur,
1139 1864 1370 1903 proponebatur
1393 1873 1448 1903 per
1463 1863 1672 1893 trinundinum
1689 1873 1748 1900 po—

976 1906 1062 1946 pulo.
1107 1916 1178 1935 cuni
1216 1906 1262 1936 his
1299 1905 1419 1936 verbis.-
1466 1905 1576 1942 Velitis,
1609 1905 1752 1943 jubeatis,

978 1948 1118 1984 Quirites,
1140 1954 1175 1978 ut
1198 1948 1239 1978 lex
1261 1949 1326 1987 illa,
1349 1948 1408 1978 ἃς.
1462 1948 1504 1978 Et
1518 1953 1592 1978 tunc
1607 1947 1657 1977 lex
1679 1958 1750 1988 pro-

977 1991 1106 2031 mulgari
1124 1991 1296 2022 dicebatur.
1352 1991 1403 2021 De
1418 1990 1537 2030 legibus
1553 1991 1592 2020 ab
1607 1989 1747 2020 Antonio

977 2033 1046 2063 latis
1062 2033 1179 2064 dictum
1191 2038 1239 2063 est
1254 2032 1402 2074 superiori
1417 2033 1506 2066 Orat.
1523 2043 1629 2074 parag.
1646 2032 1688 2062 iv.

1019 2078 1072 2106 49.
1118 2076 1164 2106 De
1186 2076 1239 2117 te.]
1286 2076 1395 2107 Voluit
1409 2076 1565 2107 Antonius
1588 2086 1645 2116 pro
1665 2075 1746 2105 arbi*

977 2119 1034 2149 trio
1050 2129 1105 2149 suo
1119 2119 1309 2160 provinciam
1325 2119 1466 2149 retinere.
1505 2131 1508 2135 ·

1020 2161 1070 2192 Ib.
1091 2162 1229 2201 Auspicia
1244 2162 1369 2202 augur]
1406 2161 1559 2202 Auspicia
1572 2171 1669 2201 augur
1680 2160 1749 2191 An-

977 2205 1078 2235 tonius
1105 2205 1238 2241 sustulit,
1260 2205 1333 2235 licet
1361 2215 1437 2246 pop.
1463 2204 1558 2238 Rom.
1586 2204 1662 2235 nihil
1689 2204 1749 2234 nisi

978 2247 1135 2287 auspicato
1148 2248 1274 2278 faceret.

1020 2290 1069 2321 Ib.
1114 2290 1371 2331 Intercessionem]
1419 2289 1501 2320 Cum
1535 2290 1594 2320 fuit
1629 2289 1749 2325 consul,

978 2333 1168 2364 tribunitiam
1204 2334 1455 2364 intercessionem
1496 2333 1629 2369 sustulit,
1673 2342 1743 2372 quae

978 2387 1100 2417 semper
1115 2383 1262 2416 usurpata
1278 2381 1325 2407 est
1338 2376 1369 2406 in
1384 2375 1552 2417 republica.

1021 2421 1075 2451 51.
1121 2419 1225 2450 Omnes
1234 2420 1443 2460 impuritates]
1487 2418 1654 2459 Impuritas
1670 2417 1746 2448 nihil

978 2466 1024 2492 est
1040 2462 1137 2498 aliud,
1155 2463 1246 2502 quarn
1262 2463 1425 2492 libidinum
1439 2462 1688 2502 intemperantia.

1020 2504 1069 2536 Ib.
1114 2505 1231 2535 Pudicd
1258 2507 1291 2535 in
1312 2505 1419 2545 doma]
1466 2504 1504 2534 Id
1528 2504 1605 2535 dicit
1619 2508 1746 2544 propter

975 2547 1119 2587 majores,
1143 2548 1196 2588 qui
1213 2548 1331 2578 summa
1345 2547 1462 2578 virtutis
1477 2547 1570 2578 laude
1595 2547 1628 2576 in
1652 2557 1746 2588 repu-

975 2589 1057 2620 blica
1073 2591 1248 2622 floruerant.

1019 2634 1071 2664 52.
1097 2632 1293 2673 Lustrisque]
1338 2632 1449 2663 Lustra
1472 2631 1596 2673 proprie
1614 2636 1684 2663 sunt
1698 2632 1745 2663 fe-

974 2685 1075 2706 rarum
1100 2677 1131 2705 in
1158 2676 1242 2707 silvis
1270 2675 1459 2712 habitacula,
1484 2685 1553 2717 quae
1583 2676 1624 2705 ad
1653 2675 1746 2717 lupa-

974 2719 1061 2749 naria
1085 2719 1317 2756 transferuntur,
1342 2724 1375 2750 et
1401 2719 1471 2749 loca
1496 2717 1620 2749 sordida
1640 2723 1672 2748 et
1694 2729 1746 2749 oc-

973 2761 1069 2798 culta,
1091 2762 1144 2793 ubi
1171 2762 1250 2802 gulae
1275 2767 1307 2793 et
1329 2762 1456 2795 luxuriae
1478 2761 1637 2794 libidinosi
1652 2766 1684 2793 et
1697 2762 1746 2794 in·

973 2803 1071 2839 fames
1087 2805 1163 2837 dant
1178 2815 1314 2848 operam.
1589 2825 1591 2827 -
