1858 3095
663 201 714 233 IN
738 201 997 234 CATILINAM
1024 202 1068 233 11.

85 272 177 316 sine
197 272 516 316 bcontroversia
535 272 743 316 vicimus:
775 287 863 314 non
886 274 980 328 jam
1011 275 1121 314 iuter
1141 273 1273 315 latera
1293 279 1442 315 nostra
1460 274 1551 317 sica
1571 274 1648 317 illa

85 331 344 373 versabitur:
377 345 462 372 non
484 330 527 370 in
550 329 732 386 Campo,
756 344 842 371 non
874 329 916 369 iu
939 330 1044 380 foro,
1068 345 1153 371 non
1185 331 1229 371 in
1264 331 1398 380 curia,
1419 345 1505 372 non
1527 331 1645 372 deni-

85 402 168 443 que
184 388 294 429 intra
306 387 570 429 domesticos
585 387 783 443 parietes,
796 386 1162 442 pertimescemus,
1196 388 1308 429 Loco
1320 387 1391 428 ille
1405 394 1547 429 motus
1561 395 1640 438 est,
1664 384 1714 426 10

85 444 183 485 cum
207 452 274 486 est
294 459 346 485 ex
369 443 483 484 Urbe
506 444 710 499 depulsus
731 460 741 494 3
773 444 911 499 palzim
927 444 1017 498 jam
1041 458 1138 484 cum
1160 444 1298 495 hoste,
1321 445 1439 485 nullo
1461 443 1642 499 impedi-

84 509 195 549 ente,
217 501 552 554 bellumjustum
575 515 783 557 geremus.

845 499 948 540 Sinis
971 500 1102 541 dubio
1125 500 1386 556 perdidimus
1408 501 1638 551 hommem,

83 555 395 619 magnificcque
419 556 614 608 vicimus,
638 557 733 598 cum
757 557 877 597 illum
899 571 950 597 ex
973 557 1156 597 occultis
1179 557 1344 598 insidiis
1377 556 1420 596 in
1445 563 1640 612 apertum

83 613 354 654 latrocinium
385 614 663 669 conjecimus.

725 613 852 663 Quod
874 612 972 654 vero
1003 627 1089 654 non
1121 620 1345 654 cruentum
1375 627 1639 661 mucronem,

84 677 132 711 ut
145 669 293 720 voluit,
309 670 605 726 extulit,quod
622 670 727 711 vivis
751 669 875 711 nobis
893 683 1092 724 egressus
1111 676 1190 718 est,
1212 670 1328 724 quud
1350 668 1385 710 ei
1409 669 1565 709 ferrum
1584 669 1637 711 de
1661 666 1711 708 15

81 725 278 767 manibus
301 727 572 777 extorsimus,
594 727 710 783 quod
732 726 970 767 incolumes
993 725 1124 776 cives,
1143 726 1259 780 quod
1281 732 1466 766 stantem
1487 725 1639 766 urbem

81 781 265 838 reliquit,
298 790 460 839 quanto
499 784 674 825 tandem
710 782 832 823 illum
869 796 1050 823 moerore
1090 782 1296 822 afflictum
1329 796 1424 822 esse
1465 788 1508 823 et
1541 779 1840 838 pro-‘ffiffiffi'fflff

81 838 276 894 fligatum
312 840 506 895 putatis?
563 840 688 881 Jacet
722 839 793 880 ille
829 854 943 879 nunc
978 844 1231 894 prostratus,
1260 838 1477 888 Quirites;
1508 845 1552 879 et
1590 852 1637 879 se

79 895 322 950 perculsum
342 903 470 952 atque
491 897 708 952 abjectum
730 910 824 937 esse
848 895 1002 946 sentit3
1035 902 1079 936 et
1107 902 1328 950 retorquet
1358 895 1508 936 oculos
1539 908 1638 951 pro·

81 951 197 992 fecto
218 951 333 1005 saepe
355 954 409 994 ad
430 953 541 994 hanc
561 954 724 1000 urbem,
747 967 875 1008 quam
896 966 948 993 ex
977 951 1066 992 suis
1088 951 1286 992 saucibus
1321 958 1508 1006 ereptam
1542 966 1636 993 esse
1654 951 1710 993 20

82 1008 225 1064 luget:
257 1024 355 1065 quae
390 1010 566 1066 quidem
597 1009 731 1051 laetari
764 1009 868 1050 mihi
899 1008 1081 1060 videtur,
1114 1009 1230 1064 quod
1269 1015 1433 1050 tantam
1468 1014 1637 1064 pestem

81 1074 330 1115 evomuerit,
353 1066 554 1129 fortisque
576 1066 820 1123 projecerit.

143 1121 201 1162 ΙΙ.
223 1123 297 1173 At,
314 1122 351 1164 si
372 1138 468 1179 quis
490 1131 555 1165 est
573 1125 686 1173 talis,
705 1124 853 1179 quales
875 1136 969 1163 esse
983 1135 1131 1162 omnes
1147 1121 1386 1177 oportebat,
1403 1121 1474 1177 qui
1493 1121 1577 1163 hoc
1594 1121 1639 1163 in

84 1178 196 1234 ipso,
217 1177 260 1218 in
281 1194 367 1234 quo
389 1180 578 1221 exsultat
599 1188 642 1222 et
664 1180 898 1235 triumphat
915 1179 1050 1219 oratio
1070 1193 1179 1229 mea,
1197 1193 1262 1219 me
1279 1178 1553 1220 vehementer
1568 1193 1640 1220 ac-

83 1241 220 1286 cuset,
243 1236 357 1291 quod
386 1243 474 1277 tam
502 1237 732 1293 capitalem
762 1236 933 1277 hostem
961 1250 1046 1276 non
1075 1235 1471 1290 comprehenderim
1493 1235 1638 1292 potius

114 1290 212 1332 uam
234 1291 448 1333 emiserim
464 1309 474 1343 ;
507 1308 593 1334 non
610 1300 677 1334 est
693 1294 776 1334 ista
795 1307 890 1333 mea
907 1293 1049 1348 culpa,
1068 1291 1272 1342 Quirites,
1291 1291 1367 1332 sed
1385 1298 1638 1347 temporum.

82 1306 395 1404 interemptum
418 1363 513 1390 esse
532 1349 578 1390 L.
593 1350 840 1399 Catilinam,
859 1355 902 1389 et
923 1347 1174 1403 gravissimo
1191 1347 1402 1403 supplicio
1420 1348 1639 1398 affectum,

75 1404 336 1460 jampridem
347 1406 593 1460 oportebat:
616 1406 748 1461 idque
764 1405 789 1445 Ξι
801 1419 869 1445 me
884 1410 927 1444 et
940 1418 1033 1444 mos
1048 1405 1270 1459 majorum,
1281 1410 1324 1444 et
1337 1404 1463 1458 hujus
1475 1404 1643 1460 imperii

84 1459 303 1514 severitas,
320 1467 364 1504 et
384 1461 578 1519 Respub.
596 1461 856 1518 postulabat.

890 1459 976 1504 Sed
991 1458 1121 1516 quam
1138 1460 1298 1502 multos
1316 1458 1449 1502 fuisse
1466 1460 1642 1516 putatis,

778 1611 795 1634 b
804 1612 944 1652 dubio.

129 1762 163 1792 8.
185 1761 251 1792 Sica
266 1762 348 1803 illm]
380 1763 513 1800 Deliae,
527 1763 677 1805 superiori
693 1762 845 1798 oratione,

85 1805 212 1846 Paragr.
229 1805 275 1835 iii.
290 1812 356 1836 not.
373 1807 412 1837 ad
429 1807 482 1838 lin.
499 1810 552 1837 40.

129 1851 160 1880 9.
184 1847 222 1878 In
249 1850 382 1891 Campo]
429 1849 466 1880 In
494 1850 649 1890 Campum
681 1849 843 1887 Martium,

87 1891 298 1922 consularibus
328 1893 472 1927 comitiis,
497 1894 583 1923 venit
618 1892 712 1922 lorica
745 1897 844 1923 tectus

87 1935 211 1970 Cicero,
228 1935 302 1975 quia
314 1935 372 1965 sibi
388 1937 406 1966 a
423 1935 557 1966 Catilina
575 1937 712 1967 timebat.

129 1977 180 2008 Ib.
202 1977 344 2019 Inform]
368 1978 505 2009 Catilina
521 1986 686 2017 tumente,
697 1988 761 2008 non
777 1977 841 2007 tuto

88 2020 223 2051 exerceri
233 2020 358 2060 judicia
373 2028 404 2052 et
419 2022 605 2062 quaestiones
622 2026 799 2061 potuerunt.

131 2063 182 2093 Ib.
200 2062 237 2093 In
250 2063 363 2104 carica]
388 2064 478 2100 Cum,
492 2065 561 2105 ipso
575 2065 732 2100 veniente,
745 2074 843 2094 vacua

88 2105 234 2136 subsellia
258 2107 341 2136 facta
368 2113 451 2144 sunt,
474 2118 630 2148 nemoque
655 2107 684 2138 ei
706 2107 841 2137 assidere

88 2148 194 2179 voluit.

134 2194 184 2222 10.
208 2190 293 2222 Intra
314 2192 473 2222 domesticos
490 2192 638 2232 parietes.]
683 2190 770 2221 Intra
786 2191 844 2220 do-

89 2235 234 2264 mesticos
264 2235 396 2275 parietes
417 2234 515 2264 voluit
536 2235 695 2265 consulem
718 2233 844 2264 Cicero-

88 2287 160 2307 nem
190 2277 363 2308 interficere.
391 2277 423 2306 in
454 2277 579 2314 lectulo,
609 2276 771 2318 praemissis
802 2276 842 2307 ad

88 2320 207 2350 caedeur
225 2321 346 2350 duobus
362 2319 488 2351 sicariis.

132 2362 182 2393 Ib.
207 2363 283 2394 Loco
296 2363 415 2402 motus]
442 2363 633 2403 Metaphora
649 2362 667 2393 a
682 2362 778 2399 bello,
790 2361 843 2391 ubi

88 2406 186 2436 hostis
201 2405 269 2436 loco
287 2413 386 2436 motus
402 2406 524 2436 facilius
540 2412 713 2445 superatur.

133 2451 185 2479 12.
208 2449 324 2479 Bellum
350 2449 498 2490 justum]
558 2448 684 2480 Bellum
726 2447 846 2487 justum

89 2501 160 2522 curn
176 2493 264 2523 hoste
280 2498 313 2523 et
335 2493 442 2534 patriae
464 2491 622 2533 proditore
639 2491 776 2523 Catilina
792 2501 846 2531 ge-

90 2539 183 2567 retur.

222 2577 268 2608 Ex

134 2579 186 2611 13.
312 2578 434 2608 occultis
479 2578 621 2618 insidiis]
681 2576 843 2609 Nocturno

91 2624 231 2661 ternpore
245 2621 286 2651 de
299 2620 355 2651 sua
370 2621 545 2662 proditione
559 2621 672 2660 agebat
685 2631 755 2651 cum
771 2630 845 2651 con-

90 2661 212 2702 juratis,
231 2673 361 2704 quorum
389 2664 520 2694 consilia
545 2663 655 2694 Cicero
683 2663 716 2693 in
745 2663 846 2693 lucem

95 2705 234 2746 protulit.

139 2749 192 2778 14.
214 2747 282 2778 Non
302 2756 457 2781 cruentum
485 2750 675 2789 mucronem]
721 2748 848 2778 Iudicat

96 2802 129 2821 se
155 2801 218 2820 uon
240 2790 435 2825 interfectum
459 2794 553 2827 fuisse
580 2793 599 2825 a
625 2790 792 2830 Cataliu³513
815 2794 849 2822 ut

97 2833 234 2866 habebat
247 2833 280 2866 in
295 2836 409 2867 animo.

931 1759 983 1789 15.
1012 1759 1089 1790 Vivis
1102 1758 1206 1799 nobis-J
1245 1757 1415 1789 Dixeratin
1427 1758 1527 1789 Laecae
1538 1757 1644 1795 domo,

889 1812 922 1833 se
947 1813 1010 1833 non
1039 1801 1124 1843 prius
1155 1803 1194 1832 ad
1226 1802 1393 1834 exercitum
1422 1802 1646 1844 profecturum,

887 1846 981 1886 quam
998 1845 1181 1877 Ciceronem
1197 1845 1414 1876 interfecisset.

933 1891 983 1919 16.
1010 1889 1093 1923 Quini
1114 1894 1235 1919 stantem
1256 1888 1383 1929 urbem]
1430 1887 1548 1919 Urbem
1564 1887 1645 1918 ferro

886 1937 919 1962 et
933 1932 1057 1961 flamma
1075 1932 1205 1970 perdere
1221 1936 1377 1961 statuerat.

930 1977 981 2005 19.
995 1974 1196 2015 Perculsum]
1223 1974 1397 2005 Percellere
1408 1978 1455 2004 est
1468 1973 1507 2003 ad
1518 1973 1645 2003 humum

887 2017 1034 2058 dejicere.

931 2064 983 2090 20.
1006 2058 1248 2102 Suisfhucibus]
1296 2058 1487 2100 Metaphora
1501 2057 1520 2088 εὶ
1535 2057 1646 2088 belluis

884 2103 1083 2133 immanibus.

929 2148 981 2176 22).
1007 2144 1202 2184 Evomuerz‘t.]
1247 2143 1437 2183 Metaphora
1457 2143 1496 2173 ab
1511 2142 1647 2183 aegrotis,

886 2188 941 2228 qui
957 2187 1040 2228 saepe
1057 2188 1174 2217 vomitu
1188 2191 1373 2216 recreantur.

931 2234 962 2261 1.
986 2231 1091 2265 Quales
1116 2239 1170 2260 esse
1193 2238 1285 2258 omnes
1310 2227 1481 2268 oportebat]
1525 2227 1645 2258 Omnes

888 2273 1138 2304 interficiendum
1167 2281 1236 2302 esse
1266 2270 1434 2302 Catilinam
1473 2270 1647 2307 debebant,

883 2317 1042 2358 judicare.

931 2362 963 2390 2.
987 2358 1159 2397 Triumphat
1173 2355 1290 2395 oratio]
1338 2355 1528 2396 Metaphora
1550 2354 1569 2385 εἴ
1592 2354 1647 2386 tri-

889 2403 1025 2443 umphis,
1048 2401 1081 2431 in
1106 2400 1217 2442 quibus
1241 2408 1348 2429 omnes
1376 2398 1529 2435 loetantur,
1555 2398 1646 2429 hoste

890 2446 1027 2476 devicto.

935 2489 966 2519 6.
999 2487 1098 2527 Hujus
1119 2486 1233 2524 imperii
1253 2483 1416 2523 severitas]
1466 2482 1568 2513 Tanta
1591 2493 1648 2514 au-

856 2547 861 2550 ·
888 2537 950 2562 tem
980 2531 1040 2561 suit
1069 2529 1216 2560 severitas
1246 2527 1415 2558 consularis
1443 2525 1579 2566 imperii,
1611 2530 1647 2555 ut

887 2585 925 2605 co
949 2575 1017 2614 ipso
1040 2573 1104 2609 die,
1120 2582 1182 2613 quo
1198 2571 1357 2601 decretum
1372 2569 1473 2599 fuerat
1494 2569 1513 2598 εἶ
1536 2574 1647 2598 senatu

889 2622 924 2648 ut
952 2616 1095 2647 viderent
1119 2613 1264 2645 consules
1291 2623 1330 2643 ne
1361 2612 1437 2653 quid
1468 2609 1646 2641 detrimenti

888 2664 1016 2700 caperet
1041 2657 1183 2697 Respub.
1209 2655 1388 2696 interempti
1414 2654 1475 2685 sint
1487 2652 1523 2683 C.
1547 2651 1648 2682 Grac-

890 2704 978 2738 chus,
993 2702 1043 2732 M.
1061 2700 1201 2736 Fulvius,
1221 2699 1258 2730 L.
1286 2697 1479 2731 Saturninus,
1503 2694 1648 2725 seditiosi

892 2755 987 2777 cives·

935 2790 966 2818 7.
991 2786 1044 2820 Sed
1073 2785 1160 2827 quizm
1188 2783 1322 2823 multos]
1366 2779 1464 2811 Multi
1492 2790 1555 2811 non
1585 2789 1654 2810 cre-

895 2831 1010 2863 debant
1048 2827 1205 2864 Ciceroni,
1232 2825 1304 2859 cum
1340 2825 1383 2856 de
1419 2822 1474 2856 illa
1508 2822 1655 2868 conjura-

1284 2881 1315 2910 1<

1666 202 1725 247 99
