1838 3017
714 118 780 161 ‘DE
802 119 1028 153 ameum.
1570 122 1666 173 505-

85 195 187 245 fecti
209 195 357 248 simus,
378 208 463 254 quo
486 208 587 251 erga
606 203 776 238 nosmet
803 197 940 253 ipsos3
977 197 1168 248 alteram,
1186 202 1238 238 ut
1256 200 1401 237 nostra
1424 196 1471 236 in
1487 198 1655 240 amicos

85 253 386 296 benevolentia
420 252 587 294 illorum
627 268 728 310 erga
757 268 837 296 nos
872 253 1183 295 benevolenti-az
1218 253 1375 310 pariter
1415 252 1652 316 aequaliter-

87 325 170 366 que
191 310 472 367 respondeat3
504 310 685 362 tertiam,
716 318 777 362 ut,
809 311 956 366 quanti
997 311 1176 366 quisque
1210 325 1254 352 se
1278 310 1369 367 ipse
1391 309 1510 361 facit,
1542 312 1651 352 tanti

86 368 163 408 fiat
194 368 247 408 ab
280 366 445 409 amicis.
506 366 667 407 Harum
699 367 825 408 trium
860 367 1164 409 sententiarum
1186 368 1289 408 nulli
1315 382 1487 423 prorsus
1507 381 1652 408 assen-

86 423 187 474 tior;
217 438 299 466 nec
329 423 444 466 enim
473 423 547 464 iila
577 424 713 479 prima
744 438 840 465 vera
882 431 960 473 est,
1006 431 1067 476 ut,
1113 423 1476 480 quemadmodum
1521 423 1566 464 iu
1603 439 1651 477 se

85 479 282 536 quisque,
317 480 380 522 sic
412 480 456 521 iu
484 480 668 522 amicum
701 481 758 522 sit
790 480 1017 523 animatus.
1077 480 1220 530 Quam
1241 481 1375 522 multa
1397 479 1524 532 enim,
1557 495 1654 537 quae

84 535 231 579 nostra
271 536 402 578 causa
443 551 662 592 nunquam
703 538 953 589 faceremus,
998 537 1176 579 facimus
1219 536 1352 578 causa
1387 537 1653 579 amicorum?

83 592 248 655 precari
269 594 323 635 ab
345 593 538 650 indigno,
558 593 816 649 supplicare3
851 603 942 636 tum
967 593 1160 635 acerbius
1193 593 1236 634 in
1271 593 1457 649 aliquem
1493 594 1651 648 invehi,

83 650 372 706 insectarique
405 650 717 702 vehementius3
748 665 844 706 quae
873 651 916 691 in
943 650 1098 692 nostris
1118 650 1245 691 rebus
1267 663 1352 690 non
1375 650 1478 691 satis
1498 650 1653 694 hones*

82 705 144 757 te,
177 706 220 748 in
252 707 488 749 amicorum
515 708 624 748 fiunt
644 706 969 748 honestissime:
1001 706 1227 762 multaeque
1250 720 1315 747 res
1338 712 1451 756 suut,
1483 706 1527 747 in
1557 706 1652 763 qui-

84 762 166 805 bus
187 764 241 806 de
262 765 352 806 suis
372 763 610 805 commodis
639 763 716 803 viri
742 763 844 804 boni
866 763 1000 804 multa
1020 763 1263 814 detrahunt,
1295 763 1547 819 detrahique
1578 779 1653 820 pa-

83 819 261 871 tiuntur,
301 827 348 861 ut
384 820 436 862 iis
477 818 602 861 amici
629 818 786 875 potius,
818 818 948 875 quam
979 819 1075 875 ipsi,
1107 820 1312 860 fruantur.
1379 820 1528 861 Altera
1558 834 1652 861 sen-

83 876 220 923 tentia
250 883 331 928 est,
356 891 455 932 quae
476 875 627 917 definit
645 875 879 917 amicitiam
901 876 1072 932 paribus
1091 875 1244 917 officiis
1266 890 1317 916 ac
1338 876 1650 920 voluntatibus.

85 931 184 982 Hoc
204 932 379 989 quidem
400 940 468 975 est
487 933 614 973 nimis
649 931 804 988 exigue
827 942 870 974 et
891 932 1058 974 exiliter
1079 933 1133 974 ad
1153 933 1343 974 calculos
1365 947 1516 975 vocare
1547 933 1652 975 ami-

83 990 244 1042 citiam,
274 997 323 1031 ut
353 1004 428 1046 par
458 989 515 1031 sit
544 989 652 1030 ratio
683 996 959 1045 acceptorum
985 997 1028 1031 et
1047 990 1259 1031 datorum.
1319 989 1462 1042 Ditior
1482 990 1587 1031 mihi
1610 998 1655 1033 et

84 1046 327 1088 affluentior
357 1046 526 1088 videtur
555 1060 650 1087 esse
681 1060 780 1087 vera
810 1046 1024 1097 amicitia3
1075 1061 1155 1088 nec
1186 1047 1410 1088 observare
1441 1047 1652 1100 restricte,

83 1117 136 1148 ne
166 1104 263 1159 plus
294 1103 447 1144 reddat
476 1101 607 1158 quarn
637 1103 876 1158 acceperit3
908 1118 1045 1159 neque
1077 1103 1192 1144 enim
1222 1103 1455 1144 verendum
1486 1111 1567 1156 est,
1598 1119 1652 1146 ne

84 1160 189 1216 quid
210 1160 398 1210 excidat,
420 1167 494 1200 aut
512 1174 565 1200 ue
597 1159 702 1215 quid
735 1159 778 1200 in
811 1166 963 1200 terram
999 1160 1173 1211 defluat,
1206 1167 1281 1201 aut
1314 1175 1367 1201 ne
1400 1161 1496 1216 plus
1526 1177 1652 1218 aequo

84 1217 188 1273 quid
227 1217 272 1258 in
307 1216 538 1258 amicitiam
574 1223 842 1272 congeratur.
919 1216 1087 1258 Tertius
1118 1219 1217 1258 vero
1248 1217 1317 1257 ille
1348 1217 1446 1258 finis
1477 1217 1652 1260 deterri-

83 1287 194 1324 mus,
216 1280 280 1325 ut,
301 1273 451 1330 quanti
472 1272 656 1329 quisque
678 1288 723 1314 se
745 1273 837 1329 ipse
857 1273 1001 1324 faciat,
1032 1273 1140 1314 tanti
1160 1273 1237 1314 fiat
1258 1274 1311 1315 ab
1332 1273 1505 1315 amicis:
1537 1290 1650 1331 saepe

83 1329 198 1372 enim
218 1329 263 1371 in
279 1330 539 1386 quibusdam
559 1336 632 1370 aut
652 1330 818 1371 animus
839 1330 1048 1385 abjectior
1068 1337 1148 1379 est,
1173 1337 1246 1371 aut
1266 1345 1364 1387 spes
1385 1331 1653 1387 amplifican-

84 1387 151 1429 dae
172 1388 352 1428 fortunae
373 1385 559 1428 fractior.
619 1386 719 1428 Non
749 1394 816 1427 est
844 1386 975 1443 igitur
1005 1387 1145 1436 amici,
1177 1388 1304 1429 talem
1335 1401 1430 1429 esse
1461 1389 1506 1428 in
1540 1403 1655 1441 eum,

85 1443 225 1500 qualis
246 1444 318 1485 ille
339 1443 383 1484 in
404 1458 449 1484 se
472 1450 564 1495 est;
596 1444 671 1485 sed
692 1442 834 1499 potius
855 1443 973 1496 eniti,
1005 1451 1049 1487 et
1069 1443 1250 1493 efficere,
1280 1450 1329 1485 ut
1354 1444 1482 1486 amici
1505 1445 1654 1501 jacen-

83 1507 172 1542 tem
202 1499 392 1542 animum
427 1500 600 1551 excitet,
631 1500 893 1556 inducatque
925 1515 1046 1556 spem
1077 1500 1472 1557 cogitationemque
1504 1502 1653 1544 melio-

83 1571 187 1599 rem.
247 1557 371 1598 Alius
392 1556 523 1613 igitur
543 1557 640 1597 finis
660 1571 767 1598 verae
788 1557 987 1598 amicitiae
1007 1557 1334 1598 constituendus
1356 1566 1435 1607 est,
1461 1558 1498 1600 si
1519 1557 1651 1614 prius,

84 1613 189 1670 quid
226 1612 410 1655 maxime
445 1613 753 1669 reprehendere
785 1613 929 1670 Scipio
963 1614 1115 1655 solitus
1149 1614 1219 1665 sit,
1251 1614 1440 1656 edixero.
1507 1614 1654 1671 Nega·-

82 1671 161 1715 bat
189 1671 318 1712 ullam
349 1684 502 1711 vocem
532 1670 813 1711 inimiciorem
845 1670 1047 1712 amicitiae
1078 1672 1269 1726 potuisse
1301 1670 1490 1727 reperiri,
1525 1674 1654 1728 quarn

84 1728 192 1783 ejus,
221 1727 296 1783 qui
317 1726 514 1778 dixisset,
537 1726 597 1767 ita
617 1741 756 1768 amare
780 1734 990 1783 oportere,
1011 1734 1059 1768 ut
1079 1727 1116 1768 si
1144 1727 1377 1783 aliquando
1410 1735 1524 1769 esset
1556 1743 1655 1771 osu-

83 1798 176 1833 rus:
208 1798 289 1825 nec
308 1782 409 1824 vero
429 1798 476 1825 se
499 1783 654 1824 adduci
675 1798 818 1839 posse,
839 1791 887 1825 ut
906 1783 992 1825 hoc
1015 1785 1396 1840 (quemadmodum
1416 1790 1655 1841 putaretur)

84 1839 112 1883 ὲ
143 1840 298 1882 Biante
331 1854 426 1881 esse
459 1839 624 1882 dictum
645 1841 850 1892 crederet,
882 1841 954 1897 qui
975 1841 1145 1896 sapiens
1166 1841 1339 1883 habitus
1361 1849 1476 1883 esset
1496 1857 1605 1884 unus
1627 1842 1652 1885 ὲ

84 1904 276 1954 septem3
306 1896 384 1939 sed
403 1896 558 1952 impuri
579 1897 817 1953 cujusdam,
837 1905 913 1938 aut
932 1897 1165 1949 ambitiosi,
1197 1904 1271 1939 aut
1291 1898 1435 1940 omnia
1455 1899 1509 1940 ad
1530 1914 1655 1942 suam

84 1953 323 2010 potentiam
365 1953 620 2003 revocantis,
664 1968 759 1994 esse
790 1954 1061 1995 sententiam.
1139 1954 1338 2002 Quonam
1380 1955 1493 1997 enim
1523 1957 1654 1998 modo

85 2010 313 2066 quisquam
333 2009 496 2050 amicus
517 2024 611 2050 esse
629 2009 802 2065 poterit,
823 2010 893 2051 cui
910 2024 955 2051 se
972 2010 1375 2066 putabitinimicum
1392 2026 1486 2054 esse
1500 2014 1653 2068 posse?

85 2066 334 2116 Quinetiam
373 2080 551 2107 necesse
598 2065 678 2107 erit
718 2080 871 2123 cupere
914 2073 958 2108 et
988 2074 1149 2122 optare,
1179 2073 1227 2108 ut
1257 2069 1383 2124 quam
1414 2068 1652 2125 saepissime

83 2130 240 2180 peccet
258 2123 437 2174 amicus,
458 2136 544 2178 quo
566 2123 705 2179 plures
727 2123 801 2164 det
825 2123 906 2164 sibi
937 2130 1155 2179 tamquam
1185 2138 1313 2166 ansas
1344 2124 1399 2177 ad
1428 2126 1654 2182 reprehen2

85 2180 298 2222 dendum:
343 2193 509 2220 rursum
554 2186 696 2220 autern
740 2179 858 2222 recte
902 2179 1027 2221 factis
1067 2181 1388 2237 commodisque
1420 2182 1657 2226 amicorum

84 2251 263 2278 necesse
295 2236 374 2277 erit
404 2236 521 2292 angi,
555 2236 714 2287 dolere,
745 2236 960 2279 invidere:
992 2236 1122 2293 quare
1153 2237 1238 2279 hoc
1269 2238 1442 2294 quidem
1463 2254 1653 2296 praecep-

83 2301 191 2345 tum,
213 2293 522 2349 cujuscumque
540 2300 620 2343 est,
642 2293 696 2333 ad
716 2293 951 2334 tollendam
966 2293 1199 2335 amicitiam
1215 2295 1342 2336 valet.
1374 2295 1486 2336 Illud
1503 2297 1652 2352 potius

83 2349 418 2407 praecipiendum
439 2349 532 2400 suit,
554 2356 602 2390 ut
628 2363 721 2390 eam
747 2350 1016 2405 diligentiam
1040 2350 1358 2393 adhiberemus
1374 2353 1419 2393 in
1449 2352 1653 2395 amicitiis

85 2407 398 2463 comparandis,
437 2412 485 2447 ut
522 2407 751 2462 nequando
788 2422 928 2448 amare
960 2407 1244 2464 inciperemus
1276 2423 1387 2461 eum,
1418 2424 1547 2465 quem
1578 2410 1655 2452 ali-

85 2464 257 2521 q‘u'ando
278 2464 424 2506 odisse
445 2478 683 2520 possemus,
702 2463 962 2516 Quinetiam,
998 2464 1035 2506 si
1051 2463 1191 2507 minus
1207 2465 1351 2507 felices
1371 2466 1414 2507 in
1431 2466 1651 2522 diligendo

84 2520 330 2569 fuissemus,
364 2520 586 2562 ferendum
618 2520 660 2561 id
698 2521 844 2577 Scipio
872 2521 1031 2578 potius,
1053 2521 1186 2578 quam
1205 2521 1525 2564 inimicitiarum
1546 2530 1657 2573 tem-t

84 2591 165 2635 pus
184 2577 476 2634 cogitandum,
496 2577 689 2634 putabat.
1224 2596 1226 2598 v

142 2632 291 2681 XVII.
320 2634 401 2676 His
435 2634 566 2690 igitur
600 2634 755 2676 finibus
787 2634 995 2677 utendum
1016 2635 1212 2688 arbitror,
1231 2642 1295 2688 ut,
1316 2635 1415 2677 cum
1435 2634 1654 2678 emendati

84 2703 226 2735 mores
253 2690 488 2746 amicorum
506 2691 609 2745 sint,
628 2698 721 2735 tum
740 2691 798 2734 sit
817 2691 928 2735 inter
946 2706 1022 2736 eos
1047 2693 1239 2737 omnium
1267 2706 1422 2743 rerum,
1450 2692 1661 2736 consilio-
