1858 3095
665 173 921 209 PHILIPPICA
950 176 976 210 Ι.

34 252 121 294 unii
162 266 228 293 me
264 258 405 301 nocte,
436 251 630 306 cupiens,
663 251 841 292 retinere
874 265 959 292 non
993 250 1144 306 potnit.

1206 248 1381 292 Veritus
1412 262 1522 298 snm,
1553 266 1607 294 ne

34 324 154 350 meus
176 310 422 367 repentinus
443 309 495 349 ad
514 323 633 349 meos
651 309 917 350 necessarios
934 308 1143 349 adventus
1161 306 1422 364 suspicionis
1439 307 1605 364 aliquid

37 366 219 416 afferret,
252 366 287 407 si
311 380 447 407 essem
469 374 771 407 commoratus.
804 364 912 405 Cum
934 373 1077 406 autem
1099 379 1166 406 me
1187 379 1238 406 ex
1262 363 1411 406 Sicilia
1432 364 1484 405 ad
1502 365 1607 406 Leu-

37 432 269 479 copetram,
291 423 406 478 quod
429 430 496 463 est
517 422 849 477 promontorium
869 422 957 475 agri
975 421 1178 478 Rhegini,
1200 422 1315 462 venti
1334 421 1604 470 detulissent,

37 479 90 520 ab
124 494 175 521 eo
207 480 303 521 loco
336 479 583 529 conscendi,
618 486 664 520 ut
699 474 1075 528 btransmi'tterem3
1108 493 1188 519 nec
1217 478 1276 518 ita
1303 478 1482 518 multum
1510 492 1605 534 pro·
1628 473 1679 515 lO

36 544 201 587 vectus,
231 535 417 592 rejectus
439 536 599 576 Austro
621 550 716 576 sum
737 536 779 576 in
801 550 897 576 eum
920 535 1060 590 ipsum
1081 535 1240 584 locum,
1262 535 1372 574 unde
1396 548 1605 576 conscen-

36 592 194 633 deram.
255 591 451 647 Cumque
474 593 731 648 intempesta
751 606 835 632 uox
859 599 987 641 esset,
1010 590 1350 645 mansissemque
1369 589 1410 630 iu
1429 591 1534 631 villa
1553 591 1603 633 P.

36 648 197 690 Valerii
219 649 389 690 comitis
411 656 454 690 et
474 649 692 690 familiaris
715 649 814 699 mei,
834 647 1128 703 postridieque
1145 647 1258 702 apud
1273 646 1482 697 eumdem,
1501 662 1603 688 ven-

34 712 125 746 tum
146 714 394 761 expectans,
428 720 653 755 manerem,
687 704 923 758 municipes
955 702 1143 757 Rhegini
1175 703 1416 758 complures
1448 704 1502 744 ad
1534 717 1602 744 me

34 770 254 810 venerunt,
285 777 336 804 ex
357 762 424 803 his
445 761 620 818 quidam
643 761 782 801 Rom-21
803 766 1016 809 recentes3
1047 758 1071 799 ᾖ
1096 759 1253 815 quibus
1280 759 1461 815 primum
1491 759 1603 801 acci·
1626 755 1677 797 15

34 819 107 874 pio
129 818 193 859 M.
215 818 393 860 Antonii
414 818 686 867 concionem;
718 831 813 872 quae
834 816 893 856 ita
915 815 1017 857 mihi
1039 815 1213 871 placuit,
1235 825 1297 867 ut,
1319 815 1371 857 esi
1393 816 1521 867 lectu,
1548 817 1602 858 de

35 875 273 916 reversione
294 874 475 930 primum
496 873 699 929 coeperim
722 873 924 929 cogitare.

33 938 123 972 tum
147 931 269 972 Bruti
289 930 462 972 affertur
484 937 528 971 et
559 929 720 981 Cassii3
752 931 866 985 quod
897 929 1072 984 quidem
1098 929 1200 969 mihi
1234 928 1450 984 (tortasse,

986 872 1080 913 Nec
1103 871 1162 912 ita
1183 873 1315 913 multo
1339 871 1452 929 post,
1485 873 1604 914 edic-

1482 929 1600 986 quod

35 1001 108 1029 eos
126 988 255 1029 etiam
271 988 368 1043 plns
382 986 626 1043 reipublicae
642 986 776 1042 quam
793 985 1090 1027 familiaritatis
1105 985 1243 1041 gratia
1256 985 1411 1042 diligo)
1428 987 1605 1042 plenum

34 1044 248 1100 aequitatis
284 1044 520 1085 videbatur.
581 1043 815 1084 Addebant
844 1041 1062 1099 praeterea,
1093 1044 1162 1093 (fit
1192 1042 1306 1083 enim
1337 1043 1600 1099 plerumque,
1620 1040 1678 1081 20

36 1108 86 1142 ut
125 1101 168 1152 ii,
202 1101 275 1157 qui
307 1101 407 1142 boni
444 1100 550 1156 quid
585 1100 732 1141 volunt
767 1099 929 1150 afferre,
969 1099 1177 1154 affingant
1206 1099 1382 1155 aliquid,
1423 1114 1509 1155 quo
1541 1100 1602 1141 sa-

37 1157 153 1198 ciant
193 1158 252 1209 id,
293 1158 408 1213 quod
443 1157 657 1207 nuntiant,
699 1156 858 1207 laetius)
898 1171 987 1197 rem
1025 1162 1356 1207 conventuram3
1396 1155 1602 1197 Calendis

37 1213 272 1255 Sextilibus
324 1223 519 1256 senatum
567 1214 834 1268 frequentem
881 1213 997 1263 fore3

1061 1212 1311 1263 Antonium,
1367 1213 1605 1268 repudiatis.

35 1271 159 1312 malis
197 1269 458 1323 suasoribus,
498 1270 687 1312 remissis
725 1269 876 1311 Galliis
922 1268 1166 1326 provinciis,
1215 1270 1269 1310 ad
1303 1269 1606 1311 auctoritatem

679 1471 957 1526 '’trajicerem.

81 1700 112 1732 8.
138 1698 215 1731 Leuc

215 1701 367 1743 metram]
411 1701 608 1743 Leucopetra
636 1700 736 1732 Italiae
767 1701 798 1731 in

37 1742 189 1774 Calabria}
217 1744 327 1775 finibus
354 1745 596 1785 promontorium
631 1750 688 1780 est,
714 1745 798 1785 quod

38 1786 151 1816 montis
166 1785 325 1828 Apennini
341 1787 407 1817 finis
423 1798 489 1818 esse
513 1788 638 1823 dicitur,
662 1794 694 1817 ut
719 1788 802 1817 Stra-

40 1829 91 1865 bo,
115 1828 168 1860 lib.
193 1833 224 1861 6.
255 1831 340 1871 quod
363 1831 382 1860 a
404 1830 506 1861 colore.
530 1830 746 1870 Leucopetram,
770 1830 802 1860 id

37 1877 95 1908 est,
118 1874 339 1910 saxumalbum,
363 1873 534 1914 appellant.

84 1917 114 1946 9.
149 1915 307 1958 Rhegini]
368 1916 522 1957 Rhegium
546 1921 715 1947 extremum
738 1916 802 1957 agri

36 1957 154 1988 Bruttii
168 1960 320 2000 oppidum
336 1964 396 1997 θεῖς
421 1970 502 1990 nunc
516 1959 638 2000 Reggin.

86 2004 138 2033 11.
163 2002 297 2042 Austro]
343 2003 456 2032 Auster
470 2008 579 2032 ventus
595 2008 642 2032 est
656 2002 802 2033 meridio-

41 2043 132 2079 nalis,
156 2044 322 2075 contrarius
336 2044 374 2075 iis
389 2045 443 2086 qui
457 2044 473 2075 ἐ
486 2044 591 2075 Sicilia
606 2045 637 2074 in
649 2044 802 2075 Graeciam

45 2087 205 2128 navigant.

87 2134 139 2161 1²2.
182 2129 354 2170 Intempesta
382 2129 463 2170 ηομ]
520 2129 590 2160 Nox
617 2129 805 2169 intempesta

42 2173 154 2204 dicitur
170 2173 200 2203 in
216 2173 278 2214 qua
294 2173 410 2203 nullum
423 2179 470 2203 est
485 2173 599 2213 agendi
615 2177 745 2213 tempus.

88 2218 139 2247 13.
168 2216 272 2246 Valerii
291 2214 425 2255 comitis]
472 2214 612 2245 Valerius
635 2215 694 2244 fuit
711 2215 804 2255 juris-

43 2258 212 2295 consultus,
229 2260 269 2289 ad
285 2269 378 2300 quem
392 2258 496 2288 scribit
509 2258 576 2289 Cic.
590 2258 644 2288 lib.
662 2260 690 2288 1.
707 2259 746 2288 ad
759 2258 805 2288 fa-

44 2301 198 2339 miliares3
221 2303 275 2343 qui
292 2312 362 2332 cum
377 2311 415 2332 eo
432 2300 586 2341 profectus
599 2306 676 2332 erat.

88 2346 140 2375 14.
164 2344 353 2385 Municipes]
413 2343 593 2384 Municipes
623 2348 694 2373 sunt
722 2343 805 2374 cives

44 2386 183 2418 Romani
204 2398 241 2418 ex
265 2386 451 2427 municipiis,
475 2397 529 2417 suo
547 2386 618 2427 jure
641 2391 673 2416 et
688 2386 805 2427 legibus

47 2430 108 2461 suis
131 2436 266 2467 utentes,
292 2429 426 2461 muneris
451 2428 570 2459 tantum
597 2439 666 2460 cum
690 2428 807 2470 populo

47 2473 193 2504 Romano
219 2473 373 2505 honorarii
399 2472 585 2514 participe53
612 2472 630 2502 i
653 2482 713 2512 quo
743 2482 809 2502 mu-

48 2527 122 2547 nere
145 2517 337 2558 capessendo
360 2515 510 2557 appellati
534 2515 688 2551 videntur,
718 2514 809 2544 nullis

48 2560 293 2597 necessitatibus,
308 2569 409 2601 neque
425 2558 488 2588 ulla
500 2557 607 2599 populi
622 2557 714 2588 Rom.
729 2557 811 2598 lege,

50 2601 202 2633 adstricti.

95 2646 146 2676 15.
170 2644 329 2686 nocentes]
366 2643 408 2675 Id
425 2649 482 2680 est,
498 2644 552 2686 qui
564 2642 736 2685 nuperrime
747 2641 814 2672 Ro-

53 2687 102 2718 rna'i
118 2693 277 2720 venerant.

97 2731 151 2762 16.
186 2730 306 2761 Antonii
329 2730 515 2771 concionem]
564 2729 717 2760 Antonius
741 2737 816 2758 con-

53 2774 175 2806 cionem
192 2773 300 2804 liabuit
313 2774 346 2804 in
358 2779 467 2804 senatu
479 2784 535 2815 pro
546 2773 640 2804 Sexto
653 2771 818 2812 Pompeio,

51 2817 111 2849 Cn.
128 2817 272 2859 Pompeii
289 2816 399 2859 Magni
420 2817 499 2854 filio,
524 2817 580 2857 qui
598 2821 672 2847 tunc
691 2815 723 2846 in
748 2813 822 2844 His-

844 1702 937 1742 pania
959 1700 1073 1732 bellum
1094 1703 1202 1731 contra
1224 1698 1357 1732 caesaris
1379 1701 1499 1742 legatos
1521 1711 1608 1743 gere-

845 1746 907 1775 bat.
966 1744 1058 1775 Hunc
1088 1743 1119 1773 in
1144 1744 1274 1783 patriam
1303 1745 1514 1775 revocandum
1539 1756 1609 1775 esse

845 1787 975 1823 censuit,
999 1793 1042 1823 et,
1068 1796 1124 1826 pro
1146 1786 1240 1826 patris
1263 1787 1364 1823 bonis,
1388 1798 1457 1828 quae
1482 1789 1513 1818 in
1537 1789 1607 1818 aede

847 1830 927 1871 Opis
943 1831 974 1860 in
990 1829 1148 1870 publicum
1161 1830 1288 1860 redacta
1303 1836 1402 1869 erant,
1425 1830 1556 1871 vigesies
1576 1837 1609 1861 et

845 1873 1062 1914 quinquagies,
1084 1872 1189 1902 decies
1206 1872 1288 1902 mille
1310 1873 1474 1904 drachmas
1488 1873 1608 1904 Atticas

846 1917 974 1951 restitui,
998 1921 1031 1946 et
1045 1915 1222 1956 praesidium
1246 1915 1336 1945 maris
1359 1917 1388 1946 ci
1410 1916 1528 1946 institui
1552 1917 1609 1946 de·

847 1959 921 1990 bere
943 1959 1074 1990 censuit.
1120 1957 1170 1987 Ita
1199 1957 1291 1998 vulgo
1320 1969 1427 1989 omnes
1451 1959 1612 1996 Ciceronis

845 2002 1028 2043 interpretes
1062 2001 1214 2038 referunt;
1245 2001 1317 2036 sed,
1342 2002 1405 2042 quii
1427 2002 1613 2032 auctoritate

846 2045 927 2078 fulti,
964 2055 1027 2074 non
1058 2049 1198 2084 apparet.
1243 2043 1359 2073 Saltem
1388 2044 1535 2074 credibile
1562 2050 1611 2074 est

848 2087 945 2117 multa
960 2086 1039 2117 bene
1053 2087 1093 2116 de
1110 2085 1272 2125 republica
1287 2086 1412 2123 dixisse,
1436 2097 1505 2127 quae
1521 2097 1626 2128 sperne>

849 2129 960 2171 quietis
973 2128 1081 2159 afferre
1096 2129 1292 2158 videbantur.

891 2175 942 2203 17.
989 2171 1126 2201 Edictum
1142 2170 1232 2200 Bruti
1245 2177 1271 2200 et
1288 2170 1404 2212 Cassii]
1449 2171 1564 2202 Brutus
1579 2177 1615 2203 et

848 2214 983 2250 Cassius,
1008 2219 1154 2254 praetorcs
1169 2213 1289 2252 urbani,
1313 2214 1450 2244 edictum
1464 2215 1616 2251 tulerunt,

849 2269 888 2288 ne
915 2257 966 2288 cui
993 2257 1072 2287 intra
1100 2256 1282 2297 vigesimum
1312 2267 1425 2287 annum
1451 2257 1614 2298 provincia.

849 2300 1019 2331 obveniret.

893 2346 945 2374 22.
968 2342 1040 2372 Rem
1062 2342 1293 2382 conventuram]
1345 2341 1384 2373 Id
1409 2347 1466 2379 est,
1488 2353 1612 2383 rempu-

850 2386 962 2417 blicam
977 2386 1143 2416 redituram
1158 2385 1196 2414 ad
1209 2396 1329 2426 pacem,
1340 2385 1519 2426 compositis
1533 2386 1617 2416 inter

852 2440 884 2460 se
901 2429 1032 2460 Caesaris
1046 2428 1293 2458 interfectoribuq
1307 2434 1338 2459 et
1354 2427 1504 2459 Antonio.

897 2474 950 2502 ⁶24.
974 2471 1065 2501 Malis
1075 2471 1262 2510 suasoribus.]
1290 2471 1383 2500 Multi
1398 2471 1454 2500 viri
1466 2471 1616 2506 audaces,

853 2521 885 2546 et
900 2515 998 2556 parati
1013 2515 1052 2544 ad
1070 2515 1217 2553 praedarn,
1239 2514 1412 2544 Antonium
1433 2514 1467 2544 in
1490 2524 1617 2554 rempu-

855 2557 967 2588 blicam
991 2562 1024 2588 et
1045 2556 1126 2587 cives
1148 2557 1383 2594 accendebant3
1405 2557 1513 2596 quales
1528 2556 1617 2586 fuere

857 2601 980 2640 Capho,
1003 2601 1096 2634 Saxa,
1119 2599 1282 2638 Mustella,
1303 2599 1468 2630 Tamisius.

901 2643 952 2674 Ib.
985 2641 1116 2673 Remissis
1129 2641 1261 2681 Galliis]
1317 2641 1356 2672 In
1372 2641 1530 2671 sortitione
1545 2651 1621 2681 pro-

857 2686 1040 2722 vinciarum,
1061 2685 1222 2726 Cisalpina
1248 2684 1292 2716 D.
1309 2684 1420 2719 Bruto,
1441 2683 1623 2724 Transalpi-

859 2739 900 2759 na
918 2727 1048 2764 Planco,
1072 2733 1229 2758 evenerat.
1252 2726 1443 2767 Cisalpinam
1467 2726 1624 2756 Macedo—

862 2772 923 2801 niae
945 2770 1027 2808 loco,
1049 2781 1119 2811 quae
1142 2771 1172 2801 ei
1196 2769 1359 2809 obtigerat,
1382 2768 1401 2798 ai
1422 2774 1531 2800 senatu
1554 2769 1625 2799 An-

865 2813 968 2846 tonius
990 2813 1181 2856 postulabat,
1205 2818 1237 2843 ut
1260 2811 1353 2843 refert
1365 2811 1547 2854 Appianus,
1569 2811 1628 2845 lib.

1600 166 1679 214 '391
