1858 3095
707 168 799 204 Pno
830 170 1022 205 MILONE.
1637 175 1719 217 315

95 250 280 293 dictator
299 248 474 292 Lanuvii
496 247 628 297 Milo;
659 248 802 292 Roma
823 249 966 291 subito
995 249 1085 305 ipse
1108 248 1322 305 profectus
1345 247 1482 305 pridie
1505 255 1584 297 est,
1604 256 1652 290 ut

95 316 194 350 ante
213 322 337 350 suum
353 307 528 348 fundum
550 307 686 363 (quod
707 322 749 348 re
767 307 1032 348 intellectum
1049 308 1132 358 est)
1152 306 1304 347 Miloni
1326 305 1504 346 insidias
1521 305 1652 346 collo-

98 374 239 415 caret;
270 373 397 421 atque
416 364 474 405 ita
491 365 709 420 profectus
737 371 815 414 est,
838 371 886 404 ut
906 363 1158 405 concionem
1180 364 1481 413 turbulentam,
1504 362 1546 403 in
1567 361 1654 418 quii
1672 366 1726 406 35

99 424 191 479 ejus
212 423 327 463 furor
345 421 634 462 cdesideratus
655 433 734 473 est,
755 436 851 478 quae
873 421 942 462 illo
966 421 1059 476 ipso
1083 421 1151 462 die
1180 420 1327 461 habita
1347 427 1426 468 est,
1447 419 1658 475 relinque-

98 486 188 530 ret3
218 493 360 535 quam,
382 477 463 518 nisi
491 478 606 519 obire
629 478 829 520 facinoris
861 479 1003 519 locum
1030 486 1283 534 tempusque
1303 476 1521 525 voluisset,
1553 490 1658 517 nun-

101 549 230 591 quam
251 534 507 591 reliquisset.
544 535 651 577 Milo
673 543 830 587 autem,
848 535 944 576 cum
967 535 1009 575 in
1031 542 1181 576 senatu
1200 533 1353 574 fuisset
1369 547 1419 573 eo
1434 533 1501 574 die
1517 532 1659 589 quoad

100 599 273 633 senatus
295 591 498 632 dimissus
519 600 598 642 est,
619 593 793 634 domum
815 593 930 633 venit
948 608 956 632 z
990 591 1157 631 calceos
1181 597 1224 631 et
1244 589 1498 630 vestimenta
1524 596 1655 630 muta-

102 648 188 690 vit:
220 648 451 705 paulisper,
473 649 575 689 dum
606 664 651 690 se
683 664 790 690 uxor
820 653 886 699 (ut
910 649 975 697 fit)
997 653 1228 701 comparat,
1251 653 1539 687 commoratus
1570 649 1733 689 est240

100 705 255 747 deinde
286 706 504 761 profectus
535 712 600 748 est
619 706 689 747 did
720 704 939 760 temporis,
962 705 1061 744 cum
1085 704 1175 759 jam
1197 702 1390 752 Clodius,
1420 702 1455 743 si
1487 702 1663 758 quidem

104 776 155 804 eo
177 763 247 804 die
269 762 451 804 Romam
472 770 672 804 venturus
693 769 797 811 erat,
819 760 952 802 redire
971 760 1196 815 potuisset.
1230 758 1416 800 Obviam
1436 759 1486 800 fit
1505 758 1543 799 ei
1562 758 1663 800 Clo-

105 819 210 860 dius'
234 819 476 875 expeditus,
505 819 548 858 in
571 833 697 874 equo,
718 817 835 858 null-(i
856 816 1005 868 rhed-21,
1025 816 1154 857 nullis
1184 815 1514 872 impedimentis,
1537 815 1664 856 nullis

105 875 269 917 Graecis
302 875 547 925 comitibus,
567 883 616 917 ut
650 875 842 926 solebat3
874 872 965 914 sine
995 887 1141 924 uxore,
1163 873 1278 929 quod
1311 887 1527 928 nunquam
1550 871 1662 914 fere:

104 929 202 973 cum
237 931 309 973 hic
343 931 582 981 insidiator,
621 931 695 988 qui
728 931 808 972 iter
852 931 957 972 illud
1008 931 1063 971 ad
1101 933 1263 971 caedem
1303 929 1546 971 faciendam
1594 944 1665 985 ap·
1682 933 1737 975 45

105 988 316 1044 parasset,
347 1003 445 1030 cum
481 1003 611 1030 uxore
649 989 870 1030 veheretur
920 987 964 1027 in
1014 987 1162 1038 rheda,
1211 987 1467 1042 paenulatUS,
1508 1000 1664 1042 magno

108 1052 152 1086 et
201 1045 406 1102 impedito
447 1052 491 1087 et
539 1045 734 1086 muliebri
785 1060 837 1087 ac
893 1044 1075 1085 delicato
1125 1044 1375 1084 ancillarum
1422 1057 1668 1099 puerorum-

106 1117 189 1158 que
229 1102 450 1144 comitatu.
511 1101 581 1143 Fit
627 1102 797 1143 obviam
834 1101 988 1142 Clodio
1042 1108 1138 1142 ante
1187 1100 1365 1141 fundum
1416 1101 1523 1155 ejus,
1562 1099 1668 1140 hora

107 1157 193 1200 sere
235 1159 479 1212 undecima,
520 1166 593 1201 aut
632 1173 718 1200 non
757 1159 891 1201 multo
925 1159 1075 1200 secus:
1108 1157 1251 1199 statim
1291 1157 1532 1213 complures
1573 1171 1671 1198 curn

394 1345 685 1384 cneces.‹›‘cn·z'us
703 1348 809 1384 erat.

110 1519 224 1559 Dialis,
235 1520 348 1551 flamen
356 1518 523 1559 Martialis,
533 1522 716 1559 Quirinalis,
727 1523 872 1555 Junonis.

111 1562 207 1593 Porro
232 1563 360 1594 Flamen
384 1563 486 1596 dictus
507 1572 567 1605 est,
583 1567 683 1607 inquit
699 1565 839 1602 Vossius,
855 1566 873 1595 εἰ

102 1605 254 1648 flammeo,
267 1607 326 1636 hoc
341 1611 400 1642 est,
415 1609 592 1639 velamento
608 1609 719 1650 capitis
733 1620 795 1650 quo
807 1614 875 1639 ute-

114 1649 212 1681 batur.
272 1648 452 1681 Flammeum
490 1658 595 1682 autem
623 1658 766 1683 vocatum
789 1658 836 1683 est
857 1651 876 1682 ῖι

111 1691 256 1723 flammeo
279 1692 392 1723 colore.
439 1694 556 1725 Putant
579 1694 630 1725 alii
654 1695 873 1736 quamplurimi

1097 1339 1114 1365 ‘¹
1128 1355 1172 1383 eo
1194 1346 1388 1395 tempore.

961 1520 1010 1552 Ib.
1035 1519 1129 1552 Nulla
1143 1520 1263 1562 rhedct]
1300 1521 1417 1553 Rlieda
1433 1519 1567 1552 vehiculi
1582 1531 1678 1562 genus

919 1570 977 1595 est.

962 1608 1011 1638 lb.
1036 1607 1137 1638 Nullis
1150 1608 1384 1649 impedimentis]
1445 1607 1678 1649 Impedimenta

919 1653 1046 1682 sarcinae
1059 1656 1142 1687 sunt,
1157 1662 1227 1691 quae
1242 1653 1282 1682 ad
1300 1652 1382 1682 viam
1399 1651 1582 1682 necessariae
1597 1656 1679 1682 sunt.

959 1694 1009 1725 Ib.
1034 1693 1134 1724 Nullis
1164 1694 1273 1725 Graecis
1299 1695 1472 1736 comitibus]
1541 1694 1679 1725 Comites

113 1734 198 1776 qudd
215 1735 315 1766 dictus
331 1735 506 1774 sitflamen‚
520 1737 758 1779 quasifilamen,
781 1738 873 1778 asilo,
916 1737 961 1768 illi
983 1737 1085 1768 Graeci
1106 1736 1154 1767 vel
1180 1743 1252 1767 sunt
1275 1737 1394 1774 musici,
1416 1737 1466 1767 vel
1489 1737 1681 1778 philosophi,

115 1777 200 1818 quod
217 1779 266 1809 vel
282 1778 365 1820 pileo
377 1781 546 1812 sacerdotis
562 1787 627 1812 erat
642 1792 807 1816 annexum,
824 1781 875 1811 vel
918 1792 1007 1822 quos,
1022 1779 1246 1821 utplurimum,
1257 1781 1385 1810 ditiores
1401 1780 1536 1810 Romani
1554 1780 1682 1810 alebant

117 1820 213 1862 quod,
230 1828 305 1852 aestu
322 1830 463 1862 urgente,
490 1824 555 1854 solo
577 1825 629 1855 filo
651 1830 749 1866 caput
769 1824 875 1865 cinge·
919 1824 1002 1864 apud
1020 1834 1051 1854 se
1063 1823 1246 1854 eruditionis
1260 1823 1367 1863 causa,
1380 1829 1413 1854 ut
1425 1823 1536 1855 Cicero
1549 1823 1638 1854 Orat.
1648 1823 1682 1852 in

115 1864 190 1902 bat;
212 1865 256 1896 ita
271 1864 460 1903 Priscianus,
475 1867 528 1898 lib.
545 1871 576 1898 4.

159 1909 212 1940 53.
238 1907 402 1949 metatam]
459 1910 497 1940 In
535 1910 711 1952 municipiis
748 1910 880 1941 dictator

118 1950 292 1990 dicebatur,
315 1952 369 1992 qui
391 1963 475 1984 nunc
500 1953 646 1995 magister
673 1953 804 1984 civitatis
833 1954 880 1984 di-

118 1993 208 2024 citur.

163 2038 217 2067 34.
240 2036 502 2080 Suumfundum]
537 2039 665 2070 Fundus
680 2039 795 2081 injure
812 2049 882 2081 pro-

121 2078 275 2120 prie-ager
289 2090 359 2110 cum
376 2082 510 2113 aedificio
527 2083 651 2114 dicitur.

166 2122 215 2153 Ib.
250 2123 334 2158 Quod
362 2135 394 2154 re
425 2125 600 2156 intellectum
635 2125 701 2166 est.]
746 2125 785 2156 Id
825 2130 883 2161 est,

122 2171 235 2196 eventu
252 2176 378 2208 pugnae,
394 2178 464 2207 quae
479 2167 528 2198 liic
544 2169 708 2199 commissa
725 2174 781 2198 est.

166 2210 220 2241 35.
247 2209 412 2240 Contionem
429 2212 654 2252 turbulentam]
694 2211 814 2242 Eodem
829 2210 880 2241 die

123 2263 187 2293 quo
204 2252 334 2283 Clodius
357 2254 475 2285 occisus
491 2260 548 2290 est,
562 2254 599 2286 C.
616 2254 780 2285 Sallustius
795 2259 827 2285 et
839 2254 882 2290 Q.

125 2295 306 2337 Pompeius.
334 2297 447 2327 tribuni
473 2297 584 2338 plebis,
611 2302 643 2328 et
668 2297 798 2328 Milonis
824 2297 884 2326 ini-

125 2338 210 2377 mici,
225 2338 399 2370 concionati
422 2346 504 2375 sunt,
520 2341 622 2382 inquit
637 2341 802 2379 Asconius,
827 2340 883 2370 scd

125 2381 319 2422 potissimum
331 2382 374 2419 Q.
385 2382 566 2425 Pompeius,
579 2384 633 2425 qui
648 2384 783 2414 omnium
799 2383 883 2414 sedi-

126 2424 306 2456 tiosissimus
320 2425 390 2456 suit.

171 2469 225 2500 39.
249 2468 364 2500 Calceos
375 2477 403 2500 et
418 2470 610 2510 vestimenta]
645 2470 808 2501 Senatores
824 2469 888 2500 cal-

126 2510 191 2541 ceis
203 2512 371 2542 utebantur
385 2513 511 2543 auratis.
554 2513 683 2543 Paenula
697 2518 800 2543 autem
817 2524 886 2543 ves-

131 2553 293 2584 timentum
315 2554 504 2587 itiuerarium
524 2557 584 2587 suit
608 2561 715 2588 contra
738 2556 832 2598 frigus
856 2560 888 2586 et

129 2595 276 2636 pluviam.

174 2642 227 2670 40.
253 2644 448 2673 Commoratus
461 2644 532 2684 est.]
584 2641 673 2672 Niliil
689 2641 890 2678 tumultuose,

133 2681 209 2712 nihil
233 2682 415 2716 festinanter
437 2686 518 2717 Milo
542 2685 628 2722 fecit,
644 2687 698 2716 sed
723 2691 837 2727 pacato
861 2690 893 2715 et

133 2725 299 2766 tranquillo
315 2728 428 2759 animo.

133 2770 231 2842 nassS.
251 2767 434 2815 Eapeditm]
486 2771 527 2805 Id
543 2776 602 2815 est,
614 2775 739 2815 paratus
754 2772 794 2804 ad
811 2781 890 2814 pug-

922 1867 1070 1898 Pisonem
1081 1867 1210 1897 notavit.

966 1912 1020 1940 44.
1042 1909 1111 1940 Sine*
1125 1909 1234 1948 umora]
1283 1909 1430 1941 Clodium
1452 1909 1592 1940 Fulviam
1609 1920 1683 1940 uxo-

924 1965 988 1984 rem
1018 1953 1138 1988 habuit,
1164 1964 1233 1993 quae
1262 1954 1372 1993 postea
1401 1953 1508 1994 nupsit
1531 1953 1683 1988 Antonio,

925 2007 1058 2037 quasque
1072 2003 1166 2036 caput
1176 1996 1335 2026 Ciceronis
1348 1997 1501 2027 demortui
1516 1996 1615 2036 sputis
1627 1995 1683 2026 foe-

927 2039 1024 2074 davit,
1040 2044 1072 2068 et
1085 2039 1223 2078 linguam
1238 2049 1294 2070 acu
1311 2040 1489 2079 perforavit.

969 2082 1023 2112 45.
1047 2081 1120 2111 cum
1133 2082 1178 2112 hic
1191 2083 1374 2122 insidiator-,J
1402 2082 1555 2112 Milonem
1568 2080 1683 2112 ironice

927 2125 1140 2155 insidiatorem
1166 2130 1267 2159 vocat,
1295 2125 1368 2165 quia
1397 2124 1472 2154 nihil
1500 2124 1531 2154 iu
1559 2135 1597 2154 eo
1625 2130 1684 2163 est,

927 2168 1010 2209 quod
1027 2166 1121 2198 caedis
1135 2167 1343 2208 suspicionem
1359 2178 1482 2198 movere
1498 2167 1607 2207 possit.

971 2213 1021 2241 46.
1047 2210 1120 2240 Cum
1143 2210 1255 2250 rixare]
1311 2211 1392 2241 Milo
1414 2210 1574 2249 Faustam,
1591 2209 1685 2252 Syllae

926 2253 1084 2284 dictatoris
1097 2253 1202 2289 filiam,
1220 2264 1344 2284 uxorem
1361 2254 1479 2284 habuit.

970 2298 1025 2328 47.
1046 2296 1261 2337 Ancillarum.]
1306 2297 1447 2328 Ancillas
1478 2306 1583 2327 secum
1613 2306 1688 2327 uxor

929 2340 1074 2370 ducebat.

970 2383 1020 2413 ΙΙ).
1044 2382 1235 2424 Puerorum]
1282 2382 1343 2414 Per
1358 2394 1469 2424 pueros
1484 2382 1689 2424 intelligitju-

928 2437 1029 2457 mores
1040 2436 1154 2456 servos.

975 2471 1028 2499 48.
1053 2468 1226 2509 Comitum]
1255 2469 1433 2500 Delicatum
1451 2469 1592 2510 appellat
1606 2471 1688 2499 lmnc

930 2513 1123 2548 comitatum,
1138 2513 1213 2554 quia
1230 2519 1292 2543 turn
1309 2513 1439 2549 ancillae,
1458 2519 1521 2543 tum
1538 2513 1582 2543 illi
1603 2512 1690 2553 pueri

931 2557 970 2587 ad
985 2561 1141 2586 certamen
1157 2561 1245 2586 erant
1259 2556 1370 2597 inepti.

974 2599 1025 2630 Ib.
1049 2598 1188 2629 Fundum
1210 2599 1297 2640 ejus]
1344 2599 1470 2630 Fundus
1499 2598 1551 2628 ille
1574 2597 1633 2628 suit
1658 2597 1691 2628 in

934 2641 1069 2673 Albano.

977 2684 1026 2715 Ib.
1052 2684 1135 2715 Ηονᾶ
1149 2684 1219 2727 sere?
1243 2685 1422 2725 undecima]
1466 2683 1604 2715 Romani
1634 2685 1693 2714 ho-

936 2738 984 2759 ras
1013 2728 1183 2759 duodecim
1211 2729 1250 2758 ab
1280 2728 1397 2758 oriente
1428 2728 1467 2758 ad
1499 2727 1696 2758 occidentem

935 2770 1032 2802 solem
1057 2771 1274 2807 numerabant,
1298 2781 1369 2811 quae
1393 2771 1523 2812 proinde
1549 2769 1598 2801 vel
1628 2770 1698 2800 lon-

937 2813 1036 2856 giores
1052 2814 1102 2846 vel
1122 2815 1279 2847 breviores
1294 2813 1379 2846 suere
1403 2813 1575 2847 secundum
1598 2813 1699 2854 longi-
