<?xml version="1.0" encoding="UTF-8"?>
<!DOCTYPE html PUBLIC "-//W3C//DTD XHTML 1.0 Transitional//EN"
    "http://www.w3.org/TR/xhtml1/DTD/xhtml1-transitional.dtd">
<html xmlns="http://www.w3.org/1999/xhtml" xml:lang="en" lang="en">
 <head>
  <title>
</title>
<meta http-equiv="Content-Type" content="text/html;charset=utf-8" />
  <meta name='ocr-system' content='tesseract 3.04.00' />
  <meta name='ocr-capabilities' content='ocr_page ocr_carea ocr_par ocr_line ocrx_word'/>
</head>
<body>
  <div class='ocr_page' id='page_1' title='image "./selectaeoratione00ciceuoft_0472.png"; bbox 0 0 1790 3090; ppageno 0'>
   <div class='ocr_carea' id='block_1_1' title="bbox 79 165 166 213">
    <p class='ocr_par' dir='ltr' id='par_1_1' title="bbox 79 165 166 213">
     <span class='ocr_line' id='line_1_1' title="bbox 79 165 166 213; baseline 0.057 -6"><span class='ocrx_word' id='word_1_1' title='bbox 79 165 166 213; x_wconf 82' lang='lat'>430</span> 
     </span>
    </p>
   </div>
   <div class='ocr_carea' id='block_1_2' title="bbox 779 160 1117 196">
    <p class='ocr_par' dir='ltr' id='par_1_2' title="bbox 779 160 1117 196">
     <span class='ocr_line' id='line_1_2' title="bbox 779 160 1117 196; baseline -0.006 -2"><span class='ocrx_word' id='word_1_2' title='bbox 779 160 886 194; x_wconf 86' lang='lat' dir='ltr'>PHII</span> <span class='ocrx_word' id='word_1_3' title='bbox 887 160 1023 196; x_wconf 86' lang='lat' dir='ltr'>IPPIC</span> <span class='ocrx_word' id='word_1_4' title='bbox 1019 161 1042 193; x_wconf 62' lang='lat' dir='ltr'><strong>A</strong></span> <span class='ocrx_word' id='word_1_5' title='bbox 1065 161 1117 196; x_wconf 86' lang='lat'>11.</span> 
     </span>
    </p>
   </div>
   <div class='ocr_carea' id='block_1_3' title="bbox 153 229 1716 465">
    <p class='ocr_par' dir='ltr' id='par_1_3' title="bbox 153 229 1716 458">
     <span class='ocr_line' id='line_1_3' title="bbox 159 229 1714 294; baseline -0.001 -18"><span class='ocrx_word' id='word_1_6' title='bbox 159 233 211 276; x_wconf 83' lang='lat' dir='ltr'>C.</span> <span class='ocrx_word' id='word_1_7' title='bbox 223 231 431 275; x_wconf 81' lang='lat' dir='ltr'>Marcello</span> <span class='ocrx_word' id='word_1_8' title='bbox 445 230 713 288; x_wconf 75' lang='lat' dir='ltr'>consulibus,</span> <span class='ocrx_word' id='word_1_9' title='bbox 727 230 932 275; x_wconf 82' lang='lat' dir='ltr'>Calendis</span> <span class='ocrx_word' id='word_1_10' title='bbox 942 232 967 273; x_wconf 89' lang='lat' dir='ltr'>J</span> <span class='ocrx_word' id='word_1_11' title='bbox 970 246 1111 273; x_wconf 83' lang='lat' dir='ltr'>anuar</span> <span class='ocrx_word' id='word_1_12' title='bbox 1127 229 1343 273; x_wconf 85' lang='lat' dir='ltr'>labantem</span> <span class='ocrx_word' id='word_1_13' title='bbox 1357 236 1399 272; x_wconf 84' lang='lat' dir='ltr'>et</span> <span class='ocrx_word' id='word_1_14' title='bbox 1411 230 1542 294; x_wconf 74' lang='lat' dir='ltr'>prope</span> <span class='ocrx_word' id='word_1_15' title='bbox 1558 232 1714 275; x_wconf 87' lang='lat' dir='ltr'>caden-</span> 
     </span>
     <span class='ocr_line' id='line_1_4' title="bbox 156 286 1711 352; baseline -0.003 -18"><span class='ocrx_word' id='word_1_16' title='bbox 156 297 244 334; x_wconf 86' lang='lat' dir='ltr'>tem</span> <span class='ocrx_word' id='word_1_17' title='bbox 262 290 567 347; x_wconf 83' lang='lat' dir='ltr'>rempublicam</span> <span class='ocrx_word' id='word_1_18' title='bbox 583 286 733 331; x_wconf 81' lang='lat' dir='ltr'>fulcire</span> <span class='ocrx_word' id='word_1_19' title='bbox 745 290 975 346; x_wconf 83' lang='lat' dir='ltr'>cuperetis,</span> <span class='ocrx_word' id='word_1_20' title='bbox 990 288 1159 345; x_wconf 85' lang='lat' dir='ltr'>ipsique</span> <span class='ocrx_word' id='word_1_21' title='bbox 1175 286 1226 330; x_wconf 87' lang='lat' dir='ltr'>C.</span> <span class='ocrx_word' id='word_1_22' title='bbox 1236 288 1409 339; x_wconf 77' lang='lat' dir='ltr'>Caesari,</span> <span class='ocrx_word' id='word_1_23' title='bbox 1427 302 1462 329; x_wconf 86' lang='lat' dir='ltr'>s1</span> <span class='ocrx_word' id='word_1_24' title='bbox 1475 287 1582 329; x_wconf 85' lang='lat' dir='ltr'>sana</span> <span class='ocrx_word' id='word_1_25' title='bbox 1599 303 1711 352; x_wconf 80' lang='lat' dir='ltr'>men-</span> 
     </span>
     <span class='ocr_line' id='line_1_5' title="bbox 154 344 1713 408; baseline -0.002 -18"><span class='ocrx_word' id='word_1_26' title='bbox 154 355 197 390; x_wconf 86' lang='lat' dir='ltr'>te</span> <span class='ocrx_word' id='word_1_27' title='bbox 229 355 358 398; x_wconf 85' lang='lat' dir='ltr'>esset,</span> <span class='ocrx_word' id='word_1_28' title='bbox 390 347 612 388; x_wconf 84' lang='lat' dir='ltr'>consulere</span> <span class='ocrx_word' id='word_1_29' title='bbox 633 346 822 397; x_wconf 85' lang='lat' dir='ltr'>velletis3</span> <span class='ocrx_word' id='word_1_30' title='bbox 855 353 945 388; x_wconf 87' lang='lat' dir='ltr'>tum</span> <span class='ocrx_word' id='word_1_31' title='bbox 975 346 1057 386; x_wconf 87' lang='lat' dir='ltr'>iste</span> <span class='ocrx_word' id='word_1_32' title='bbox 1079 344 1298 386; x_wconf 86' lang='lat' dir='ltr'>venditum</span> <span class='ocrx_word' id='word_1_33' title='bbox 1321 352 1483 401; x_wconf 78' lang='lat' dir='ltr'>atquea</span> <span class='ocrx_word' id='word_1_34' title='bbox 1497 344 1713 408; x_wconf 85' lang='lat' dir='ltr'>mancipa-</span> 
     </span>
     <span class='ocr_line' id='line_1_6' title="bbox 153 379 1716 465; baseline -0.002 -20"><span class='ocrx_word' id='word_1_35' title='bbox 153 411 246 445; x_wconf 86' lang='lat' dir='ltr'>tum</span> <span class='ocrx_word' id='word_1_36' title='bbox 262 379 526 445; x_wconf 75' lang='lat' dir='ltr'>tribimatum</span> <span class='ocrx_word' id='word_1_37' title='bbox 545 402 738 444; x_wconf 82' lang='lat' dir='ltr'>consiliis</span> <span class='ocrx_word' id='word_1_38' title='bbox 752 403 903 443; x_wconf 87' lang='lat' dir='ltr'>vestris</span> <span class='ocrx_word' id='word_1_39' title='bbox 918 402 1144 465; x_wconf 82' lang='lat' dir='ltr'>opposuit3</span> <span class='ocrx_word' id='word_1_40' title='bbox 1167 403 1436 465; x_wconf 84' lang='lat' dir='ltr'>cervicesque</span> <span class='ocrx_word' id='word_1_41' title='bbox 1451 416 1548 442; x_wconf 84' lang='lat' dir='ltr'>suas</span> <span class='ocrx_word' id='word_1_42' title='bbox 1562 417 1599 443; x_wconf 80' lang='lat' dir='ltr'>ei</span> <span class='ocrx_word' id='word_1_43' title='bbox 1614 402 1716 443; x_wconf 89' lang='lat' dir='ltr'>sub-</span> 
     </span>
    </p>
   </div>
   <div class='ocr_carea' id='block_1_4' title="bbox 83 458 1601 516">
    <p class='ocr_par' dir='ltr' id='par_1_4' title="bbox 83 458 1601 516">
     <span class='ocr_line' id='line_1_7' title="bbox 83 458 1601 516; baseline -0.002 -15"><span class='ocrx_word' id='word_1_44' title='bbox 83 458 455 516; x_wconf 71' lang='lat' dir='ltr'>10jecitbsecuri,</span> <span class='ocrx_word' id='word_1_45' title='bbox 487 459 574 515; x_wconf 77' lang='lat' dir='ltr'>qua</span> <span class='ocrx_word' id='word_1_46' title='bbox 609 459 730 499; x_wconf 84' lang='lat' dir='ltr'>multi</span> <span class='ocrx_word' id='word_1_47' title='bbox 759 459 994 500; x_wconf 86' lang='lat' dir='ltr'>minoribus</span> <span class='ocrx_word' id='word_1_48' title='bbox 1027 473 1070 498; x_wconf 80' lang='lat' dir='ltr'>in</span> <span class='ocrx_word' id='word_1_49' title='bbox 1093 459 1280 514; x_wconf 81' lang='lat' dir='ltr'>peccatis</span> <span class='ocrx_word' id='word_1_50' title='bbox 1309 458 1601 500; x_wconf 88' lang='lat' dir='ltr'>cocciderunt.</span> 
     </span>
    </p>
   </div>
   <div class='ocr_carea' id='block_1_5' title="bbox 1662 458 1714 499">
    <p class='ocr_par' dir='ltr' id='par_1_5' title="bbox 1662 458 1714 499">
     <span class='ocr_line' id='line_1_8' title="bbox 1662 458 1714 499; baseline -0.019 0"><span class='ocrx_word' id='word_1_51' title='bbox 1662 458 1714 499; x_wconf 87' lang='lat' dir='ltr'>In</span> 
     </span>
    </p>
   </div>
   <div class='ocr_carea' id='block_1_6' title="bbox 150 514 1712 627">
    <p class='ocr_par' dir='ltr' id='par_1_6' title="bbox 150 514 1712 627">
     <span class='ocr_line' id='line_1_9' title="bbox 152 514 1708 570; baseline -0.002 -12"><span class='ocrx_word' id='word_1_52' title='bbox 152 525 194 558; x_wconf 85' lang='lat' dir='ltr'>te</span> <span class='ocrx_word' id='word_1_53' title='bbox 216 522 374 567; x_wconf 84' lang='lat' dir='ltr'>autem,</span> <span class='ocrx_word' id='word_1_54' title='bbox 401 515 463 557; x_wconf 91' lang='lat' dir='ltr'>M.</span> <span class='ocrx_word' id='word_1_55' title='bbox 486 515 665 566; x_wconf 86' lang='lat' dir='ltr'>Antoni,</span> <span class='ocrx_word' id='word_1_56' title='bbox 694 515 736 555; x_wconf 93' lang='lat' dir='ltr'>id</span> <span class='ocrx_word' id='word_1_57' title='bbox 767 515 958 556; x_wconf 85' lang='lat' dir='ltr'>decrevit</span> <span class='ocrx_word' id='word_1_58' title='bbox 978 521 1166 566; x_wconf 88' lang='lat' dir='ltr'>senatus,</span> <span class='ocrx_word' id='word_1_59' title='bbox 1189 522 1232 555; x_wconf 87' lang='lat' dir='ltr'>et</span> <span class='ocrx_word' id='word_1_60' title='bbox 1251 515 1425 570; x_wconf 88' lang='lat' dir='ltr'>quidem</span> <span class='ocrx_word' id='word_1_61' title='bbox 1462 514 1708 566; x_wconf 88' lang='lat' dir='ltr'>incolumis,</span> 
     </span>
     <span class='ocr_line' id='line_1_10' title="bbox 150 571 1712 627; baseline -0.001 -13"><span class='ocrx_word' id='word_1_62' title='bbox 150 573 344 614; x_wconf 89' lang='lat' dir='ltr'>nondum</span> <span class='ocrx_word' id='word_1_63' title='bbox 366 579 431 614; x_wconf 87' lang='lat' dir='ltr'>tot</span> <span class='ocrx_word' id='word_1_64' title='bbox 451 571 688 613; x_wconf 86' lang='lat' dir='ltr'>luminibus</span> <span class='ocrx_word' id='word_1_65' title='bbox 710 571 951 620; x_wconf 84' lang='lat' dir='ltr'>exstinctis,</span> <span class='ocrx_word' id='word_1_66' title='bbox 973 571 1120 627; x_wconf 89' lang='lat' dir='ltr'>quod</span> <span class='ocrx_word' id='word_1_67' title='bbox 1111 586 1154 611; x_wconf 86' lang='lat'>111</span> <span class='ocrx_word' id='word_1_68' title='bbox 1171 571 1339 612; x_wconf 86' lang='lat' dir='ltr'>hostem</span> <span class='ocrx_word' id='word_1_69' title='bbox 1357 578 1551 627; x_wconf 80' lang='lat' dir='ltr'>togatum</span> <span class='ocrx_word' id='word_1_70' title='bbox 1569 571 1712 613; x_wconf 89' lang='lat' dir='ltr'>decer-</span> 
     </span>
    </p>
   </div>
   <div class='ocr_carea' id='block_1_7' title="bbox 150 605 1710 738">
    <p class='ocr_par' dir='ltr' id='par_1_7' title="bbox 150 605 1710 738">
     <span class='ocr_line' id='line_1_11' title="bbox 150 605 1710 684; baseline -0.001 -14"><span class='ocrx_word' id='word_1_71' title='bbox 150 629 195 670; x_wconf 89' lang='lat' dir='ltr'>ni</span> <span class='ocrx_word' id='word_1_72' title='bbox 228 636 294 671; x_wconf 89' lang='lat' dir='ltr'>est</span> <span class='ocrx_word' id='word_1_73' title='bbox 322 628 497 670; x_wconf 89' lang='lat' dir='ltr'>solitum</span> <span class='ocrx_word' id='word_1_74' title='bbox 526 643 641 669; x_wconf 90' lang='lat' dir='ltr'>more</span> <span class='ocrx_word' id='word_1_75' title='bbox 663 629 884 684; x_wconf 83' lang='lat' dir='ltr'>majorum.</span> <span class='ocrx_word' id='word_1_76' title='bbox 939 605 1001 669; x_wconf 82' lang='lat' dir='ltr'>&#39;Et</span> <span class='ocrx_word' id='word_1_77' title='bbox 1023 635 1084 679; x_wconf 83' lang='lat' dir='ltr'>tu,</span> <span class='ocrx_word' id='word_1_78' title='bbox 1106 627 1219 682; x_wconf 90' lang='lat' dir='ltr'>apud</span> <span class='ocrx_word' id='word_1_79' title='bbox 1243 627 1393 668; x_wconf 87' lang='lat' dir='ltr'>Patres</span> <span class='ocrx_word' id='word_1_80' title='bbox 1416 627 1710 684; x_wconf 85' lang='lat' dir='ltr'>Conscript0s‚</span> 
     </span>
     <span class='ocr_line' id='line_1_12' title="bbox 151 684 1710 738; baseline -0.001 -12"><span class='ocrx_word' id='word_1_81' title='bbox 151 693 300 727; x_wconf 84' lang='lat' dir='ltr'>contra</span> <span class='ocrx_word' id='word_1_82' title='bbox 318 700 386 727; x_wconf 89' lang='lat' dir='ltr'>me</span> <span class='ocrx_word' id='word_1_83' title='bbox 405 686 544 726; x_wconf 85' lang='lat' dir='ltr'>dicere</span> <span class='ocrx_word' id='word_1_84' title='bbox 561 700 690 726; x_wconf 85' lang='lat' dir='ltr'>ausus</span> <span class='ocrx_word' id='word_1_85' title='bbox 713 700 774 736; x_wconf 86' lang='lat' dir='ltr'>es,</span> <span class='ocrx_word' id='word_1_86' title='bbox 791 684 886 726; x_wconf 70' lang='lat' dir='ltr'>cum</span> <span class='ocrx_word' id='word_1_87' title='bbox 904 685 956 725; x_wconf 80' lang='lat' dir='ltr'>ab</span> <span class='ocrx_word' id='word_1_88' title='bbox 975 684 1058 726; x_wconf 90' lang='lat' dir='ltr'>hoc</span> <span class='ocrx_word' id='word_1_89' title='bbox 1083 684 1230 725; x_wconf 91' lang='lat' dir='ltr'>ordine</span> <span class='ocrx_word' id='word_1_90' title='bbox 1251 699 1332 738; x_wconf 80' lang='lat' dir='ltr'>ego</span> <span class='ocrx_word' id='word_1_91' title='bbox 1355 691 1629 725; x_wconf 82' lang='lat' dir='ltr'>conservator</span> <span class='ocrx_word' id='word_1_92' title='bbox 1646 699 1710 725; x_wconf 90' lang='lat' dir='ltr'>es-</span> 
     </span>
    </p>
   </div>
   <div class='ocr_carea' id='block_1_8' title="bbox 79 740 1711 917">
    <p class='ocr_par' dir='ltr' id='par_1_8' title="bbox 51 740 1711 910">
     <span class='ocr_line' id='line_1_13' title="bbox 79 740 1710 797; baseline -0.001 -13"><span class='ocrx_word' id='word_1_93' title='bbox 79 749 131 789; x_wconf 84' lang='grc'>15</span> <span class='ocrx_word' id='word_1_94' title='bbox 151 757 254 792; x_wconf 84' lang='lat' dir='ltr'>sem,</span> <span class='ocrx_word' id='word_1_95' title='bbox 279 750 326 783; x_wconf 88' lang='lat' dir='ltr'>tu</span> <span class='ocrx_word' id='word_1_96' title='bbox 346 742 500 793; x_wconf 87' lang='lat' dir='ltr'>hostis,</span> <span class='ocrx_word' id='word_1_97' title='bbox 522 741 770 797; x_wconf 80' lang='lat' dir='ltr'>reipublicae</span> <span class='ocrx_word' id='word_1_98' title='bbox 784 740 1040 797; x_wconf 76' lang='lat' dir='ltr'>judicatus?</span> <span class='ocrx_word' id='word_1_99' title='bbox 1100 741 1116 764; x_wconf 76' lang='lat'>‘¹</span> <span class='ocrx_word' id='word_1_100' title='bbox 1134 740 1496 782; x_wconf 86' lang='lat' dir='ltr'>Commemoratio</span> <span class='ocrx_word' id='word_1_101' title='bbox 1516 740 1627 782; x_wconf 90' lang='lat' dir='ltr'>illius</span> <span class='ocrx_word' id='word_1_102' title='bbox 1648 740 1710 782; x_wconf 89' lang='lat' dir='ltr'>tui</span> 
     </span>
     <span class='ocr_line' id='line_1_14' title="bbox 125 797 1711 860; baseline -0.001 -20.089"><span class='ocrx_word' id='word_1_103' title='bbox 125 799 323 856; x_wconf 59' lang='lat' dir='ltr'>,sceleris</span> <span class='ocrx_word' id='word_1_104' title='bbox 344 798 588 839; x_wconf 87' lang='lat' dir='ltr'>intermissa</span> <span class='ocrx_word' id='word_1_105' title='bbox 619 806 698 849; x_wconf 86' lang='lat' dir='ltr'>est,</span> <span class='ocrx_word' id='word_1_106' title='bbox 733 813 820 839; x_wconf 86' lang='lat' dir='ltr'>non</span> <span class='ocrx_word' id='word_1_107' title='bbox 854 797 1058 838; x_wconf 89' lang='lat' dir='ltr'>memoria</span> <span class='ocrx_word' id='word_1_108' title='bbox 1089 797 1255 839; x_wconf 86' lang='lat' dir='ltr'>deleta:</span> <span class='ocrx_word' id='word_1_109' title='bbox 1289 798 1391 838; x_wconf 88' lang='lat' dir='ltr'>dum</span> <span class='ocrx_word' id='word_1_110' title='bbox 1419 811 1554 860; x_wconf 85' lang='lat' dir='ltr'>genus</span> <span class='ocrx_word' id='word_1_111' title='bbox 1576 797 1711 838; x_wconf 90' lang='lat' dir='ltr'>homi-</span> 
     </span>
     <span class='ocr_line' id='line_1_15' title="bbox 149 853 1708 917; baseline -0.001 -21"><span class='ocrx_word' id='word_1_112' title='bbox 149 870 265 906; x_wconf 90' lang='lat' dir='ltr'>num,</span> <span class='ocrx_word' id='word_1_113' title='bbox 303 855 405 897; x_wconf 93' lang='lat' dir='ltr'>dum</span> <span class='ocrx_word' id='word_1_114' title='bbox 432 854 588 917; x_wconf 87' lang='lat' dir='ltr'>populi</span> <span class='ocrx_word' id='word_1_115' title='bbox 610 854 794 896; x_wconf 85' lang='lat' dir='ltr'>Romani</span> <span class='ocrx_word' id='word_1_116' title='bbox 821 868 978 895; x_wconf 89' lang='lat' dir='ltr'>nomen</span> <span class='ocrx_word' id='word_1_117' title='bbox 1006 854 1206 905; x_wconf 83' lang='lat' dir='ltr'>exstabit,</span> <span class='ocrx_word' id='word_1_118' title='bbox 1235 859 1281 910; x_wconf 92' lang='lat' dir='ltr'>(q</span> <span class='ocrx_word' id='word_1_119' title='bbox 1286 854 1371 895; x_wconf 89' lang='lat' dir='ltr'>uod</span> <span class='ocrx_word' id='word_1_120' title='bbox 1404 853 1578 909; x_wconf 88' lang='lat' dir='ltr'>quidem</span> <span class='ocrx_word' id='word_1_121' title='bbox 1613 853 1708 906; x_wconf 86' lang='lat' dir='ltr'>erit,</span> 
     </span>
    </p>
   </div>
   <div class='ocr_carea' id='block_1_9' title="bbox 147 910 626 1009">
    <p class='ocr_par' dir='ltr' id='par_1_9' title="bbox 147 910 626 1009">
     <span class='ocr_line' id='line_1_16' title="bbox 147 910 626 967; baseline -0.004 -15"><span class='ocrx_word' id='word_1_122' title='bbox 147 912 184 952; x_wconf 88' lang='lat' dir='ltr'>si</span> <span class='ocrx_word' id='word_1_123' title='bbox 231 926 306 967; x_wconf 88' lang='lat' dir='ltr'>per</span> <span class='ocrx_word' id='word_1_124' title='bbox 351 918 394 951; x_wconf 85' lang='lat' dir='ltr'>te</span> <span class='ocrx_word' id='word_1_125' title='bbox 444 910 626 962; x_wconf 84' lang='lat' dir='ltr'>licuerit,</span> 
     </span>
     <span class='ocr_line' id='line_1_17' title="bbox 147 966 566 1009; baseline -0.003 -1"><span class='ocrx_word' id='word_1_126' title='bbox 147 967 212 1009; x_wconf 89' lang='lat' dir='ltr'>sio</span> <span class='ocrx_word' id='word_1_127' title='bbox 263 966 566 1008; x_wconf 84' lang='lat' dir='ltr'>nominabitur.</span> 
     </span>
    </p>
   </div>
   <div class='ocr_carea' id='block_1_10' title="bbox 628 870 1708 1022">
    <p class='ocr_par' dir='ltr' id='par_1_10' title="bbox 628 870 1708 1022">
     <span class='ocr_line' id='line_1_18' title="bbox 674 870 1707 981; baseline 0.003 -31"><span class='ocrx_word' id='word_1_128' title='bbox 674 911 1012 981; x_wconf 89' lang='lat' dir='ltr'>sempiternum)</span> <span class='ocrx_word' id='word_1_129' title='bbox 1041 917 1115 951; x_wconf 83' lang='lat' dir='ltr'>tua</span> <span class='ocrx_word' id='word_1_130' title='bbox 1156 911 1229 951; x_wconf 83' lang='lat' dir='ltr'>illa</span> <span class='ocrx_word' id='word_1_131' title='bbox 1255 870 1467 967; x_wconf 83' lang='lat' dir='ltr'>pestifera</span> <span class='ocrx_word' id='word_1_132' title='bbox 1505 910 1707 953; x_wconf 82' lang='lat' dir='ltr'>interces-</span> 
     </span>
     <span class='ocr_line' id='line_1_19' title="bbox 628 965 1708 1022; baseline 0.001 -15"><span class='ocrx_word' id='word_1_133' title='bbox 628 965 745 1014; x_wconf 86' lang='lat' dir='ltr'>Quid</span> <span class='ocrx_word' id='word_1_134' title='bbox 785 965 940 1021; x_wconf 72' lang='lat' dir='ltr'>cupide</span> <span class='ocrx_word' id='word_1_135' title='bbox 993 982 1019 1006; x_wconf 84' lang='lat' dir='ltr'>a</span> <span class='ocrx_word' id='word_1_136' title='bbox 1069 974 1234 1017; x_wconf 85' lang='lat' dir='ltr'>senatu,</span> <span class='ocrx_word' id='word_1_137' title='bbox 1281 967 1385 1022; x_wconf 92' lang='lat' dir='ltr'>quid</span> <span class='ocrx_word' id='word_1_138' title='bbox 1425 966 1583 1008; x_wconf 70' lang='lat' dir='ltr'>temere</span> <span class='ocrx_word' id='word_1_139' title='bbox 1632 968 1708 1008; x_wconf 87' lang='lat' dir='ltr'>fie-</span> 
     </span>
    </p>
   </div>
   <div class='ocr_carea' id='block_1_11' title="bbox 70 1022 1706 1149">
    <p class='ocr_par' dir='ltr' id='par_1_11' title="bbox 70 1022 1706 1136">
     <span class='ocr_line' id='line_1_20' title="bbox 70 1022 1705 1074; baseline 0 -9"><span class='ocrx_word' id='word_1_140' title='bbox 70 1030 127 1072; x_wconf 81' lang='lat'>20</span> <span class='ocrx_word' id='word_1_141' title='bbox 146 1024 232 1074; x_wconf 85' lang='lat' dir='ltr'>bat,</span> <span class='ocrx_word' id='word_1_142' title='bbox 261 1023 357 1065; x_wconf 87' lang='lat' dir='ltr'>cum</span> <span class='ocrx_word' id='word_1_143' title='bbox 384 1031 445 1073; x_wconf 89' lang='lat' dir='ltr'>tu,</span> <span class='ocrx_word' id='word_1_144' title='bbox 467 1038 575 1064; x_wconf 89' lang='lat' dir='ltr'>unus</span> <span class='ocrx_word' id='word_1_145' title='bbox 601 1023 870 1074; x_wconf 83' lang='lat' dir='ltr'>adolescens,</span> <span class='ocrx_word' id='word_1_146' title='bbox 907 1022 1153 1063; x_wconf 83' lang='lat' dir='ltr'>universum</span> <span class='ocrx_word' id='word_1_147' title='bbox 1187 1023 1379 1063; x_wconf 89' lang='lat' dir='ltr'>ordinem</span> <span class='ocrx_word' id='word_1_148' title='bbox 1400 1023 1628 1065; x_wconf 79' lang='lat' dir='ltr'>deceinere</span> <span class='ocrx_word' id='word_1_149' title='bbox 1651 1024 1705 1065; x_wconf 86' lang='lat' dir='ltr'>de</span> 
     </span>
     <span class='ocr_line' id='line_1_21' title="bbox 145 1078 1706 1149; baseline -0.001 -27"><span class='ocrx_word' id='word_1_150' title='bbox 145 1081 283 1122; x_wconf 84' lang='lat' dir='ltr'>salute</span> <span class='ocrx_word' id='word_1_151' title='bbox 316 1080 561 1136; x_wconf 85' lang='lat' dir='ltr'>reipublicae</span> <span class='ocrx_word' id='word_1_152' title='bbox 593 1079 880 1149; x_wconf 82' lang='lat' dir='ltr'>prohibuisti?</span> <span class='ocrx_word' id='word_1_153' title='bbox 905 1094 1052 1142; x_wconf 86' lang='lat' dir='ltr'>neque</span> <span class='ocrx_word' id='word_1_154' title='bbox 1079 1078 1123 1119; x_wconf 91' lang='lat' dir='ltr'>id</span> <span class='ocrx_word' id='word_1_155' title='bbox 1151 1079 1298 1128; x_wconf 90' lang='lat' dir='ltr'>semel,</span> <span class='ocrx_word' id='word_1_156' title='bbox 1322 1079 1398 1119; x_wconf 90' lang='lat' dir='ltr'>sed</span> <span class='ocrx_word' id='word_1_157' title='bbox 1420 1079 1602 1135; x_wconf 74' lang='lat' dir='ltr'>saepius:</span> <span class='ocrx_word' id='word_1_158' title='bbox 1634 1094 1706 1121; x_wconf 90' lang='lat' dir='ltr'>ne-</span> 
     </span>
    </p>
   </div>
   <div class='ocr_carea' id='block_1_12' title="bbox 143 1135 1379 1193">
    <p class='ocr_par' dir='ltr' id='par_1_12' title="bbox 143 1135 1379 1193">
     <span class='ocr_line' id='line_1_22' title="bbox 143 1135 1379 1193; baseline -0.002 -15"><span class='ocrx_word' id='word_1_159' title='bbox 143 1153 226 1193; x_wconf 90' lang='lat' dir='ltr'>que</span> <span class='ocrx_word' id='word_1_160' title='bbox 248 1144 295 1178; x_wconf 85' lang='lat' dir='ltr'>tu</span> <span class='ocrx_word' id='word_1_161' title='bbox 317 1144 460 1178; x_wconf 80' lang='lat' dir='ltr'>tecum</span> <span class='ocrx_word' id='word_1_162' title='bbox 482 1137 534 1177; x_wconf 89' lang='lat' dir='ltr'>de</span> <span class='ocrx_word' id='word_1_163' title='bbox 557 1136 729 1177; x_wconf 81' lang='lat' dir='ltr'>senatus</span> <span class='ocrx_word' id='word_1_164' title='bbox 752 1135 1008 1177; x_wconf 85' lang='lat' dir='ltr'>auctoritate</span> <span class='ocrx_word' id='word_1_165' title='bbox 1029 1135 1120 1191; x_wconf 76' lang='lat' dir='ltr'>eagi</span> <span class='ocrx_word' id='word_1_166' title='bbox 1144 1150 1295 1191; x_wconf 81' lang='lat' dir='ltr'>passus</span> <span class='ocrx_word' id='word_1_167' title='bbox 1318 1149 1379 1176; x_wconf 91' lang='lat' dir='ltr'>es.</span> 
     </span>
    </p>
   </div>
   <div class='ocr_carea' id='block_1_13' title="bbox 1425 1136 1705 1184">
    <p class='ocr_par' dir='ltr' id='par_1_13' title="bbox 1425 1136 1705 1184">
     <span class='ocr_line' id='line_1_23' title="bbox 1425 1136 1705 1184; baseline 0.011 -9"><span class='ocrx_word' id='word_1_168' title='bbox 1425 1136 1542 1184; x_wconf 86' lang='lat' dir='ltr'>Quid</span> <span class='ocrx_word' id='word_1_169' title='bbox 1562 1142 1705 1178; x_wconf 81' lang='lat' dir='ltr'>autem</span> 
     </span>
    </p>
   </div>
   <div class='ocr_carea' id='block_1_14' title="bbox 139 1191 1705 1306">
    <p class='ocr_par' dir='ltr' id='par_1_14' title="bbox 139 1191 1705 1306">
     <span class='ocr_line' id='line_1_24' title="bbox 141 1191 1705 1264; baseline -0.001 -29"><span class='ocrx_word' id='word_1_170' title='bbox 141 1194 364 1264; x_wconf 81' lang='lat' dir='ltr'>agebatui,</span> <span class='ocrx_word' id='word_1_171' title='bbox 409 1193 494 1234; x_wconf 86' lang='lat' dir='ltr'>nisi</span> <span class='ocrx_word' id='word_1_172' title='bbox 538 1208 591 1234; x_wconf 91' lang='lat' dir='ltr'>ne</span> <span class='ocrx_word' id='word_1_173' title='bbox 638 1193 768 1234; x_wconf 88' lang='lat' dir='ltr'>deleri</span> <span class='ocrx_word' id='word_1_174' title='bbox 815 1199 858 1234; x_wconf 85' lang='lat' dir='ltr'>et</span> <span class='ocrx_word' id='word_1_175' title='bbox 896 1192 1027 1234; x_wconf 81' lang='lat' dir='ltr'>evelti</span> <span class='ocrx_word' id='word_1_176' title='bbox 1058 1192 1369 1248; x_wconf 87' lang='lat' dir='ltr'>rempublicam</span> <span class='ocrx_word' id='word_1_177' title='bbox 1399 1191 1590 1249; x_wconf 84' lang='lat' dir='ltr'>funditus</span> <span class='ocrx_word' id='word_1_178' title='bbox 1620 1193 1705 1234; x_wconf 88' lang='lat' dir='ltr'>vel-</span> 
     </span>
     <span class='ocr_line' id='line_1_25' title="bbox 139 1248 1704 1306; baseline 0 -14"><span class='ocrx_word' id='word_1_179' title='bbox 139 1251 232 1292; x_wconf 76' lang='lat' dir='ltr'>les?</span> <span class='ocrx_word' id='word_1_180' title='bbox 283 1250 381 1292; x_wconf 71' lang='lat' dir='ltr'>cum</span> <span class='ocrx_word' id='word_1_181' title='bbox 425 1257 467 1292; x_wconf 81' lang='lat' dir='ltr'>te</span> <span class='ocrx_word' id='word_1_182' title='bbox 512 1265 652 1306; x_wconf 87' lang='lat' dir='ltr'>neque</span> <span class='ocrx_word' id='word_1_183' title='bbox 698 1250 914 1306; x_wconf 84' lang='lat' dir='ltr'>principes</span> <span class='ocrx_word' id='word_1_184' title='bbox 961 1248 1148 1291; x_wconf 85' lang='lat' dir='ltr'>civitatis</span> <span class='ocrx_word' id='word_1_185' title='bbox 1190 1249 1397 1306; x_wconf 80' lang='lat' dir='ltr'>iogando,</span> <span class='ocrx_word' id='word_1_186' title='bbox 1430 1263 1570 1306; x_wconf 88' lang='lat' dir='ltr'>neque</span> <span class='ocrx_word' id='word_1_187' title='bbox 1614 1265 1704 1292; x_wconf 90' lang='lat' dir='ltr'>ma-</span> 
     </span>
    </p>
   </div>
   <div class='ocr_carea' id='block_1_15' title="bbox 136 1420 730 1476">
    <p class='ocr_par' dir='ltr' id='par_1_15' title="bbox 136 1420 730 1476">
     <span class='ocr_line' id='line_1_26' title="bbox 136 1420 730 1476; baseline -0.002 -13"><span class='ocrx_word' id='word_1_188' title='bbox 136 1424 375 1464; x_wconf 68' lang='lat' dir='ltr'>aaddietum</span> <span class='ocrx_word' id='word_1_189' title='bbox 384 1454 393 1464; x_wconf 94' lang='lat'>.</span> <span class='ocrx_word' id='word_1_190' title='bbox 555 1420 730 1476; x_wconf 71' lang='lat' dir='ltr'>bpoence.</span> 
     </span>
    </p>
   </div>
   <div class='ocr_carea' id='block_1_16' title="bbox 129 1597 898 2836">
    <p class='ocr_par' dir='ltr' id='par_1_16' title="bbox 136 1597 898 1715">
     <span class='ocr_line' id='line_1_27' title="bbox 181 1597 898 1642; baseline -0.001 -12"><span class='ocrx_word' id='word_1_191' title='bbox 181 1600 212 1630; x_wconf 85' lang='lat'>6.</span> <span class='ocrx_word' id='word_1_192' title='bbox 237 1597 425 1642; x_wconf 76' lang='lat' dir='ltr'>Labantem.]</span> <span class='ocrx_word' id='word_1_193' title='bbox 479 1598 618 1630; x_wconf 85' lang='lat' dir='ltr'>Ruinam</span> <span class='ocrx_word' id='word_1_194' title='bbox 647 1599 808 1630; x_wconf 76' lang='lat' dir='ltr'>metuebat</span> <span class='ocrx_word' id='word_1_195' title='bbox 836 1609 898 1630; x_wconf 89' lang='lat' dir='ltr'>res-</span> 
     </span>
     <span class='ocr_line' id='line_1_28' title="bbox 137 1642 897 1685; baseline 0.001 -13"><span class='ocrx_word' id='word_1_196' title='bbox 137 1642 262 1682; x_wconf 87' lang='lat' dir='ltr'>publica</span> <span class='ocrx_word' id='word_1_197' title='bbox 291 1651 418 1685; x_wconf 77' lang='lat' dir='ltr'>propter</span> <span class='ocrx_word' id='word_1_198' title='bbox 447 1654 597 1674; x_wconf 85' lang='lat' dir='ltr'>suminam</span> <span class='ocrx_word' id='word_1_199' title='bbox 625 1642 754 1674; x_wconf 83' lang='lat' dir='ltr'>Caesaris</span> <span class='ocrx_word' id='word_1_200' title='bbox 784 1649 897 1684; x_wconf 80' lang='lat' dir='ltr'>poten-</span> 
     </span>
     <span class='ocr_line' id='line_1_29' title="bbox 136 1691 222 1716; baseline 0 -1"><span class='ocrx_word' id='word_1_201' title='bbox 136 1691 222 1716; x_wconf 78' lang='lat' dir='ltr'>tiam.</span> 
     </span>
    </p>

    <p class='ocr_par' dir='ltr' id='par_1_17' title="bbox 135 1728 896 2017">
     <span class='ocr_line' id='line_1_30' title="bbox 182 1728 896 1769; baseline 0.004 -12"><span class='ocrx_word' id='word_1_202' title='bbox 182 1730 211 1757; x_wconf 88' lang='lat'>9.</span> <span class='ocrx_word' id='word_1_203' title='bbox 238 1728 370 1760; x_wconf 73' lang='lat' dir='ltr'>Consiliis</span> <span class='ocrx_word' id='word_1_204' title='bbox 389 1731 496 1760; x_wconf 70' lang='lat' dir='ltr'>vestiis.</span> <span class='ocrx_word' id='word_1_205' title='bbox 501 1729 514 1769; x_wconf 95' lang='lat'>]</span> <span class='ocrx_word' id='word_1_206' title='bbox 558 1728 829 1759; x_wconf 77' lang='lat' dir='ltr'>Deliberabatur</span> <span class='ocrx_word' id='word_1_207' title='bbox 814 1741 833 1759; x_wconf 78' lang='lat' dir='ltr'>a</span> <span class='ocrx_word' id='word_1_208' title='bbox 848 1740 896 1760; x_wconf 88' lang='lat' dir='ltr'>se·</span> 
     </span>
     <span class='ocr_line' id='line_1_31' title="bbox 137 1771 896 1813; baseline 0.003 -13"><span class='ocrx_word' id='word_1_209' title='bbox 137 1775 212 1801; x_wconf 87' lang='lat' dir='ltr'>natu</span> <span class='ocrx_word' id='word_1_210' title='bbox 237 1772 277 1801; x_wconf 91' lang='lat' dir='ltr'>de</span> <span class='ocrx_word' id='word_1_211' title='bbox 299 1773 474 1803; x_wconf 84' lang='lat' dir='ltr'>revocando</span> <span class='ocrx_word' id='word_1_212' title='bbox 492 1772 626 1808; x_wconf 84' lang='lat' dir='ltr'>Caesare,</span> <span class='ocrx_word' id='word_1_213' title='bbox 649 1777 681 1802; x_wconf 90' lang='lat' dir='ltr'>et</span> <span class='ocrx_word' id='word_1_214' title='bbox 705 1772 745 1801; x_wconf 87' lang='lat' dir='ltr'>de</span> <span class='ocrx_word' id='word_1_215' title='bbox 768 1771 896 1813; x_wconf 86' lang='lat' dir='ltr'>Repub.</span> 
     </span>
     <span class='ocr_line' id='line_1_32' title="bbox 135 1812 894 1854; baseline 0.004 -11"><span class='ocrx_word' id='word_1_216' title='bbox 135 1812 293 1854; x_wconf 85' lang='lat' dir='ltr'>Pompeio</span> <span class='ocrx_word' id='word_1_217' title='bbox 317 1814 550 1851; x_wconf 79' lang='lat' dir='ltr'>demandanda,</span> <span class='ocrx_word' id='word_1_218' title='bbox 573 1825 613 1845; x_wconf 86' lang='lat' dir='ltr'>ne</span> <span class='ocrx_word' id='word_1_219' title='bbox 629 1825 697 1844; x_wconf 86' lang='lat' dir='ltr'>eam</span> <span class='ocrx_word' id='word_1_220' title='bbox 724 1815 813 1845; x_wconf 87' lang='lat' dir='ltr'>armis</span> <span class='ocrx_word' id='word_1_221' title='bbox 837 1816 894 1846; x_wconf 91' lang='lat' dir='ltr'>sibi</span> 
     </span>
     <span class='ocr_line' id='line_1_33' title="bbox 138 1856 893 1897; baseline 0.003 -11"><span class='ocrx_word' id='word_1_222' title='bbox 138 1856 243 1887; x_wconf 83' lang='lat' dir='ltr'>Caesar</span> <span class='ocrx_word' id='word_1_223' title='bbox 279 1857 452 1897; x_wconf 81' lang='lat' dir='ltr'>subjiceret.</span> <span class='ocrx_word' id='word_1_224' title='bbox 513 1858 574 1888; x_wconf 90' lang='lat' dir='ltr'>Sed</span> <span class='ocrx_word' id='word_1_225' title='bbox 612 1856 751 1887; x_wconf 80' lang='lat' dir='ltr'>senatus-</span> <span class='ocrx_word' id='word_1_226' title='bbox 753 1858 893 1888; x_wconf 86' lang='lat' dir='ltr'>consulto</span> 
     </span>
     <span class='ocr_line' id='line_1_34' title="bbox 136 1899 893 1940; baseline 0.003 -12"><span class='ocrx_word' id='word_1_227' title='bbox 136 1899 312 1931; x_wconf 78' lang='lat' dir='ltr'>intercessit</span> <span class='ocrx_word' id='word_1_228' title='bbox 334 1900 489 1931; x_wconf 86' lang='lat' dir='ltr'>Antonius</span> <span class='ocrx_word' id='word_1_229' title='bbox 513 1900 664 1936; x_wconf 83' lang='lat' dir='ltr'>tribunus,</span> <span class='ocrx_word' id='word_1_230' title='bbox 688 1906 849 1940; x_wconf 86' lang='lat' dir='ltr'>corruptus</span> <span class='ocrx_word' id='word_1_231' title='bbox 874 1912 893 1930; x_wconf 86' lang='lat' dir='ltr'>a</span> 
     </span>
     <span class='ocr_line' id='line_1_35' title="bbox 138 1942 893 1984; baseline 0.003 -12"><span class='ocrx_word' id='word_1_232' title='bbox 138 1942 274 1980; x_wconf 81' lang='lat' dir='ltr'>Caesare3</span> <span class='ocrx_word' id='word_1_233' title='bbox 300 1944 393 1984; x_wconf 71' lang='lat' dir='ltr'>quare</span> <span class='ocrx_word' id='word_1_234' title='bbox 410 1949 539 1984; x_wconf 88' lang='lat' dir='ltr'>uterque</span> <span class='ocrx_word' id='word_1_235' title='bbox 552 1943 570 1973; x_wconf 73' lang='grc' dir='ltr'>ῑι</span> <span class='ocrx_word' id='word_1_236' title='bbox 582 1948 690 1973; x_wconf 86' lang='lat' dir='ltr'>senatu</span> <span class='ocrx_word' id='word_1_237' title='bbox 701 1944 893 1984; x_wconf 79' lang='lat' dir='ltr'>hostiSjudi-</span> 
     </span>
     <span class='ocr_line' id='line_1_36' title="bbox 136 1990 295 2017; baseline -0.006 -1"><span class='ocrx_word' id='word_1_238' title='bbox 136 1990 223 2016; x_wconf 87' lang='lat' dir='ltr'>catus</span> <span class='ocrx_word' id='word_1_239' title='bbox 238 1991 295 2017; x_wconf 73' lang='lat' dir='ltr'>est.</span> 
     </span>
    </p>

    <p class='ocr_par' dir='ltr' id='par_1_18' title="bbox 135 2028 893 2198">
     <span class='ocr_line' id='line_1_37' title="bbox 180 2028 893 2069; baseline 0 -11"><span class='ocrx_word' id='word_1_240' title='bbox 180 2032 232 2059; x_wconf 77' lang='lat'>12.</span> <span class='ocrx_word' id='word_1_241' title='bbox 264 2028 315 2058; x_wconf 79' lang='lat' dir='ltr'>Tot</span> <span class='ocrx_word' id='word_1_242' title='bbox 340 2029 499 2060; x_wconf 78' lang='lat' dir='ltr'>luminibus</span> <span class='ocrx_word' id='word_1_243' title='bbox 522 2028 694 2069; x_wconf 56' lang='lat' dir='ltr'>exstinctis]</span> <span class='ocrx_word' id='word_1_244' title='bbox 740 2028 893 2069; x_wconf 88' lang='lat' dir='ltr'>Intelligit</span> 
     </span>
     <span class='ocr_line' id='line_1_38' title="bbox 136 2071 893 2112; baseline 0.001 -12"><span class='ocrx_word' id='word_1_245' title='bbox 136 2071 219 2101; x_wconf 87' lang='lat' dir='ltr'>cives</span> <span class='ocrx_word' id='word_1_246' title='bbox 243 2071 312 2102; x_wconf 87' lang='lat' dir='ltr'>illos</span> <span class='ocrx_word' id='word_1_247' title='bbox 328 2072 607 2112; x_wconf 72' lang='lat' dir='ltr'>praestaiitissimoS‚</span> <span class='ocrx_word' id='word_1_248' title='bbox 623 2071 787 2107; x_wconf 84' lang='lat' dir='ltr'>Catonem,</span> <span class='ocrx_word' id='word_1_249' title='bbox 804 2072 893 2102; x_wconf 85' lang='lat' dir='ltr'>Mar-</span> 
     </span>
     <span class='ocr_line' id='line_1_39' title="bbox 136 2113 892 2155; baseline 0.003 -12"><span class='ocrx_word' id='word_1_250' title='bbox 136 2113 259 2151; x_wconf 84' lang='lat' dir='ltr'>cellum,</span> <span class='ocrx_word' id='word_1_251' title='bbox 283 2114 460 2152; x_wconf 84' lang='lat' dir='ltr'>Lentulum,</span> <span class='ocrx_word' id='word_1_252' title='bbox 479 2115 664 2154; x_wconf 85' lang='lat' dir='ltr'>Domitium,</span> <span class='ocrx_word' id='word_1_253' title='bbox 679 2114 732 2155; x_wconf 90' lang='lat' dir='ltr'>qui</span> <span class='ocrx_word' id='word_1_254' title='bbox 754 2114 785 2145; x_wconf 90' lang='lat' dir='ltr'>in</span> <span class='ocrx_word' id='word_1_255' title='bbox 810 2115 892 2145; x_wconf 86' lang='lat' dir='ltr'>bello</span> 
     </span>
     <span class='ocr_line' id='line_1_40' title="bbox 135 2157 403 2198; baseline 0.011 -12"><span class='ocrx_word' id='word_1_256' title='bbox 135 2157 221 2187; x_wconf 81' lang='lat' dir='ltr'>civili</span> <span class='ocrx_word' id='word_1_257' title='bbox 237 2159 403 2198; x_wconf 79' lang='lat' dir='ltr'>perierunt,</span> 
     </span>
    </p>

    <p class='ocr_par' dir='ltr' id='par_1_19' title="bbox 131 2199 892 2702">
     <span class='ocr_line' id='line_1_41' title="bbox 178 2199 892 2242; baseline 0 -13"><span class='ocrx_word' id='word_1_258' title='bbox 178 2199 227 2231; x_wconf 88' lang='lat' dir='ltr'>Ib.</span> <span class='ocrx_word' id='word_1_259' title='bbox 252 2200 369 2231; x_wconf 79' lang='lat' dir='ltr'>Hostem</span> <span class='ocrx_word' id='word_1_260' title='bbox 384 2200 542 2242; x_wconf 72' lang='lat' dir='ltr'>togatum]</span> <span class='ocrx_word' id='word_1_261' title='bbox 587 2200 649 2231; x_wconf 89' lang='lat' dir='ltr'>Per</span> <span class='ocrx_word' id='word_1_262' title='bbox 669 2201 788 2230; x_wconf 84' lang='lat' dir='ltr'>hostem</span> <span class='ocrx_word' id='word_1_263' title='bbox 805 2204 892 2240; x_wconf 82' lang='lat' dir='ltr'>toga-</span> 
     </span>
     <span class='ocr_line' id='line_1_42' title="bbox 136 2243 890 2284; baseline 0 -12"><span class='ocrx_word' id='word_1_264' title='bbox 136 2247 213 2279; x_wconf 80' lang='lat' dir='ltr'>tum,</span> <span class='ocrx_word' id='word_1_265' title='bbox 238 2244 384 2284; x_wconf 71' lang='lat' dir='ltr'>intelligit</span> <span class='ocrx_word' id='word_1_266' title='bbox 405 2244 607 2274; x_wconf 82' lang='lat' dir='ltr'>domesticum</span> <span class='ocrx_word' id='word_1_267' title='bbox 631 2249 663 2274; x_wconf 86' lang='lat' dir='ltr'>et</span> <span class='ocrx_word' id='word_1_268' title='bbox 686 2243 890 2284; x_wconf 84' lang='lat' dir='ltr'>perduellem,</span> 
     </span>
     <span class='ocr_line' id='line_1_43' title="bbox 134 2285 890 2326; baseline -0.001 -10"><span class='ocrx_word' id='word_1_269' title='bbox 134 2286 189 2326; x_wconf 89' lang='lat' dir='ltr'>qni</span> <span class='ocrx_word' id='word_1_270' title='bbox 219 2286 289 2317; x_wconf 73' lang='lat' dir='ltr'>cum</span> <span class='ocrx_word' id='word_1_271' title='bbox 317 2287 386 2317; x_wconf 83' lang='lat' dir='ltr'>talis</span> <span class='ocrx_word' id='word_1_272' title='bbox 418 2286 578 2326; x_wconf 83' lang='lat' dir='ltr'>judicatus</span> <span class='ocrx_word' id='word_1_273' title='bbox 608 2293 690 2317; x_wconf 83' lang='lat' dir='ltr'>esset</span> <span class='ocrx_word' id='word_1_274' title='bbox 720 2285 739 2316; x_wconf 71' lang='lat' dir='ltr'>zi</span> <span class='ocrx_word' id='word_1_275' title='bbox 768 2291 890 2322; x_wconf 83' lang='lat' dir='ltr'>senatu,</span> 
     </span>
     <span class='ocr_line' id='line_1_44' title="bbox 134 2329 890 2370; baseline 0.001 -13"><span class='ocrx_word' id='word_1_276' title='bbox 134 2339 218 2359; x_wconf 84' lang='lat' dir='ltr'>more</span> <span class='ocrx_word' id='word_1_277' title='bbox 235 2329 384 2370; x_wconf 85' lang='lat' dir='ltr'>majorum</span> <span class='ocrx_word' id='word_1_278' title='bbox 408 2336 517 2360; x_wconf 89' lang='lat' dir='ltr'>senatu</span> <span class='ocrx_word' id='word_1_279' title='bbox 541 2334 573 2359; x_wconf 78' lang='lat' dir='ltr'>et</span> <span class='ocrx_word' id='word_1_280' title='bbox 595 2329 679 2360; x_wconf 86' lang='lat' dir='ltr'>Urbe</span> <span class='ocrx_word' id='word_1_281' title='bbox 704 2329 733 2359; x_wconf 87' lang='lat' dir='ltr'>ei</span> <span class='ocrx_word' id='word_1_282' title='bbox 760 2329 890 2359; x_wconf 79' lang='lat' dir='ltr'>interdi-</span> 
     </span>
     <span class='ocr_line' id='line_1_45' title="bbox 133 2372 889 2403; baseline 0 -2"><span class='ocrx_word' id='word_1_283' title='bbox 133 2372 271 2403; x_wconf 82' lang='lat' dir='ltr'>cebatur.</span> <span class='ocrx_word' id='word_1_284' title='bbox 316 2372 396 2403; x_wconf 73' lang='lat' dir='ltr'>Ciun</span> <span class='ocrx_word' id='word_1_285' title='bbox 422 2378 524 2402; x_wconf 81' lang='lat' dir='ltr'>autem</span> <span class='ocrx_word' id='word_1_286' title='bbox 553 2378 676 2402; x_wconf 83' lang='lat' dir='ltr'>senatus</span> <span class='ocrx_word' id='word_1_287' title='bbox 705 2372 749 2402; x_wconf 77' lang='lat' dir='ltr'>ita</span> <span class='ocrx_word' id='word_1_288' title='bbox 780 2372 889 2402; x_wconf 86' lang='lat' dir='ltr'>decre-</span> 
     </span>
     <span class='ocr_line' id='line_1_46' title="bbox 132 2414 889 2452; baseline 0.003 -10"><span class='ocrx_word' id='word_1_289' title='bbox 132 2414 228 2445; x_wconf 83' lang='lat' dir='ltr'>visset</span> <span class='ocrx_word' id='word_1_290' title='bbox 253 2415 284 2444; x_wconf 91' lang='lat' dir='ltr'>in</span> <span class='ocrx_word' id='word_1_291' title='bbox 309 2414 493 2452; x_wconf 86' lang='lat' dir='ltr'>Antonium,</span> <span class='ocrx_word' id='word_1_292' title='bbox 522 2415 699 2451; x_wconf 81' lang='lat' dir='ltr'>Curionem,</span> <span class='ocrx_word' id='word_1_293' title='bbox 726 2420 759 2444; x_wconf 90' lang='lat' dir='ltr'>et</span> <span class='ocrx_word' id='word_1_294' title='bbox 785 2415 889 2445; x_wconf 87' lang='lat' dir='ltr'>Cassi-</span> 
     </span>
     <span class='ocr_line' id='line_1_47' title="bbox 133 2457 888 2499; baseline 0.001 -12"><span class='ocrx_word' id='word_1_295' title='bbox 133 2467 185 2487; x_wconf 86' lang='lat' dir='ltr'>um</span> <span class='ocrx_word' id='word_1_296' title='bbox 209 2457 344 2488; x_wconf 86' lang='lat' dir='ltr'>tribunos</span> <span class='ocrx_word' id='word_1_297' title='bbox 370 2458 481 2498; x_wconf 89' lang='lat' dir='ltr'>plebis,</span> <span class='ocrx_word' id='word_1_298' title='bbox 503 2458 554 2498; x_wconf 89' lang='lat' dir='ltr'>qui</span> <span class='ocrx_word' id='word_1_299' title='bbox 584 2457 788 2499; x_wconf 83' lang='lat' dir='ltr'>patrocinium</span> <span class='ocrx_word' id='word_1_300' title='bbox 818 2458 888 2488; x_wconf 88' lang='lat' dir='ltr'>abs-</span> 
     </span>
     <span class='ocr_line' id='line_1_48' title="bbox 133 2499 887 2541; baseline -0.001 -11"><span class='ocrx_word' id='word_1_301' title='bbox 133 2499 214 2530; x_wconf 80' lang='lat' dir='ltr'>entis</span> <span class='ocrx_word' id='word_1_302' title='bbox 240 2499 369 2531; x_wconf 84' lang='lat' dir='ltr'>Caesaris</span> <span class='ocrx_word' id='word_1_303' title='bbox 409 2500 555 2531; x_wconf 72' lang='lat' dir='ltr'>acerrime</span> <span class='ocrx_word' id='word_1_304' title='bbox 583 2511 632 2531; x_wconf 83' lang='lat' dir='ltr'>sus</span> <span class='ocrx_word' id='word_1_305' title='bbox 635 2500 816 2541; x_wconf 85' lang='lat' dir='ltr'>cipiebant;</span> <span class='ocrx_word' id='word_1_306' title='bbox 848 2501 887 2530; x_wconf 87' lang='lat' dir='ltr'>ad</span> 
     </span>
     <span class='ocr_line' id='line_1_49' title="bbox 134 2542 888 2581; baseline -0.003 -8"><span class='ocrx_word' id='word_1_307' title='bbox 134 2553 217 2578; x_wconf 85' lang='lat' dir='ltr'>eum,</span> <span class='ocrx_word' id='word_1_308' title='bbox 230 2543 351 2573; x_wconf 87' lang='lat' dir='ltr'>servili</span> <span class='ocrx_word' id='word_1_309' title='bbox 343 2554 375 2573; x_wconf 82' lang='grc' dir='ltr'>ιιι</span> <span class='ocrx_word' id='word_1_310' title='bbox 391 2549 489 2581; x_wconf 80' lang='lat' dir='ltr'>veste,</span> <span class='ocrx_word' id='word_1_311' title='bbox 507 2543 600 2573; x_wconf 80' lang='lat' dir='ltr'>rheda</span> <span class='ocrx_word' id='word_1_312' title='bbox 615 2542 782 2577; x_wconf 81' lang='lat' dir='ltr'>meritoria,</span> <span class='ocrx_word' id='word_1_313' title='bbox 798 2543 888 2572; x_wconf 80' lang='lat' dir='ltr'>inise-</span> 
     </span>
     <span class='ocr_line' id='line_1_50' title="bbox 131 2585 887 2627; baseline -0.001 -11"><span class='ocrx_word' id='word_1_314' title='bbox 131 2586 230 2616; x_wconf 83' lang='lat' dir='ltr'>raudo</span> <span class='ocrx_word' id='word_1_315' title='bbox 245 2586 364 2622; x_wconf 88' lang='lat' dir='ltr'>habitu,</span> <span class='ocrx_word' id='word_1_316' title='bbox 379 2586 602 2626; x_wconf 29' lang='lat' dir='ltr'>profugeiwunt</span> <span class='ocrx_word' id='word_1_317' title='bbox 595 2609 602 2623; x_wconf 88' lang='lat'>‚</span> <span class='ocrx_word' id='word_1_318' title='bbox 626 2597 688 2627; x_wconf 90' lang='lat' dir='ltr'>qua</span> <span class='ocrx_word' id='word_1_319' title='bbox 711 2596 741 2615; x_wconf 92' lang='lat' dir='ltr'>re</span> <span class='ocrx_word' id='word_1_320' title='bbox 766 2585 887 2626; x_wconf 88' lang='lat' dir='ltr'>percul-</span> 
     </span>
     <span class='ocr_line' id='line_1_51' title="bbox 133 2628 885 2660; baseline -0.001 -1"><span class='ocrx_word' id='word_1_321' title='bbox 133 2639 183 2659; x_wconf 90' lang='lat' dir='ltr'>sus</span> <span class='ocrx_word' id='word_1_322' title='bbox 210 2628 314 2660; x_wconf 83' lang='lat' dir='ltr'>Caesar</span> <span class='ocrx_word' id='word_1_323' title='bbox 337 2629 410 2660; x_wconf 88' lang='lat' dir='ltr'>belli</span> <span class='ocrx_word' id='word_1_324' title='bbox 436 2628 532 2659; x_wconf 87' lang='lat' dir='ltr'>civilis</span> <span class='ocrx_word' id='word_1_325' title='bbox 559 2629 754 2660; x_wconf 86' lang='lat' dir='ltr'>occasionem</span> <span class='ocrx_word' id='word_1_326' title='bbox 777 2634 885 2659; x_wconf 89' lang='lat' dir='ltr'>nactus</span> 
     </span>
     <span class='ocr_line' id='line_1_52' title="bbox 131 2677 189 2702; baseline 0.034 -2"><span class='ocrx_word' id='word_1_327' title='bbox 131 2677 189 2702; x_wconf 83' lang='lat' dir='ltr'>est.</span> 
     </span>
    </p>

    <p class='ocr_par' dir='ltr' id='par_1_20' title="bbox 129 2713 886 2836">
     <span class='ocr_line' id='line_1_53' title="bbox 176 2713 886 2755; baseline 0 -11"><span class='ocrx_word' id='word_1_328' title='bbox 176 2716 227 2746; x_wconf 84' lang='lat'>14.</span> <span class='ocrx_word' id='word_1_329' title='bbox 249 2716 294 2745; x_wconf 82' lang='lat' dir='ltr'>Ab</span> <span class='ocrx_word' id='word_1_330' title='bbox 309 2715 360 2745; x_wconf 81' lang='lat' dir='ltr'>hoc</span> <span class='ocrx_word' id='word_1_331' title='bbox 381 2713 508 2755; x_wconf 65' lang='lat' dir='ltr'>ordina]</span> <span class='ocrx_word' id='word_1_332' title='bbox 546 2713 707 2745; x_wconf 84' lang='lat' dir='ltr'>Senatorio</span> <span class='ocrx_word' id='word_1_333' title='bbox 728 2714 886 2750; x_wconf 85' lang='lat' dir='ltr'>videlicet,</span> 
     </span>
     <span class='ocr_line' id='line_1_54' title="bbox 131 2757 885 2799; baseline 0 -11"><span class='ocrx_word' id='word_1_334' title='bbox 131 2757 172 2788; x_wconf 89' lang='lat' dir='ltr'>ad</span> <span class='ocrx_word' id='word_1_335' title='bbox 188 2768 281 2798; x_wconf 83' lang='lat' dir='ltr'>quem</span> <span class='ocrx_word' id='word_1_336' title='bbox 303 2758 478 2799; x_wconf 83' lang='lat' dir='ltr'>pertinebat</span> <span class='ocrx_word' id='word_1_337' title='bbox 492 2758 532 2790; x_wconf 88' lang='lat' dir='ltr'>de</span> <span class='ocrx_word' id='word_1_338' title='bbox 548 2758 636 2790; x_wconf 89' lang='lat' dir='ltr'>bonis</span> <span class='ocrx_word' id='word_1_339' title='bbox 652 2763 684 2790; x_wconf 89' lang='lat' dir='ltr'>et</span> <span class='ocrx_word' id='word_1_340' title='bbox 698 2757 786 2790; x_wconf 87' lang='lat' dir='ltr'>malis</span> <span class='ocrx_word' id='word_1_341' title='bbox 809 2757 885 2790; x_wconf 88' lang='lat' dir='ltr'>eivi-</span> 
     </span>
     <span class='ocr_line' id='line_1_55' title="bbox 129 2801 379 2836; baseline 0.016 -5"><span class='ocrx_word' id='word_1_342' title='bbox 129 2801 187 2832; x_wconf 87' lang='lat' dir='ltr'>bus</span> <span class='ocrx_word' id='word_1_343' title='bbox 200 2801 379 2836; x_wconf 80' lang='lat' dir='ltr'>decernere.</span> 
     </span>
    </p>
   </div>
   <div class='ocr_carea' id='block_1_17' title="bbox 784 1422 1329 1519">
    <p class='ocr_par' dir='ltr' id='par_1_21' title="bbox 784 1422 1329 1519">
     <span class='ocr_line' id='line_1_56' title="bbox 895 1422 1329 1463; baseline 0.005 -2"><span class='ocrx_word' id='word_1_344' title='bbox 895 1422 1191 1463; x_wconf 69' lang='lat' dir='ltr'>ccomlemozatz‘</span> <span class='ocrx_word' id='word_1_345' title='bbox 1210 1425 1329 1463; x_wconf 76' lang='lat' dir='ltr'>sunt.</span> 
     </span>
     <span class='ocr_line' id='line_1_57' title="bbox 784 1479 1040 1519; baseline 0 -1"><span class='ocrx_word' id='word_1_346' title='bbox 784 1479 830 1518; x_wconf 57' lang='lat' dir='ltr'>“d</span> <span class='ocrx_word' id='word_1_347' title='bbox 832 1480 985 1519; x_wconf 68' lang='lat' dir='ltr'>eliberri</span> <span class='ocrx_word' id='word_1_348' title='bbox 992 1481 1029 1519; x_wconf 80' lang='lat' dir='ltr'>ri</span> <span class='ocrx_word' id='word_1_349' title='bbox 1033 1510 1040 1518; x_wconf 91' lang='lat'>.</span> 
     </span>
    </p>
   </div>
   <div class='ocr_carea' id='block_1_18' title="bbox 1502 1420 1701 1463">
    <p class='ocr_par' dir='ltr' id='par_1_22' title="bbox 1502 1420 1701 1463">
     <span class='ocr_line' id='line_1_58' title="bbox 1502 1420 1701 1463; baseline -0.005 -1"><span class='ocrx_word' id='word_1_350' title='bbox 1502 1420 1520 1445; x_wconf 82' lang='lat'>‘¹</span> <span class='ocrx_word' id='word_1_351' title='bbox 1530 1423 1701 1463; x_wconf 76' lang='lat' dir='ltr'>mentio.</span> 
     </span>
    </p>
   </div>
   <div class='ocr_carea' id='block_1_19' title="bbox 934 1597 1702 2326">
    <p class='ocr_par' dir='ltr' id='par_1_23' title="bbox 938 1597 1702 1759">
     <span class='ocr_line' id='line_1_59' title="bbox 986 1597 1700 1641; baseline -0.003 -11"><span class='ocrx_word' id='word_1_352' title='bbox 986 1600 1039 1630; x_wconf 80' lang='lat'>18.</span> <span class='ocrx_word' id='word_1_353' title='bbox 1060 1597 1095 1629; x_wconf 85' lang='lat' dir='ltr'>Se</span> <span class='ocrx_word' id='word_1_354' title='bbox 1107 1610 1160 1639; x_wconf 78' lang='lat' dir='ltr'>per</span> <span class='ocrx_word' id='word_1_355' title='bbox 1175 1604 1201 1630; x_wconf 79' lang='lat' dir='ltr'>te</span> <span class='ocrx_word' id='word_1_356' title='bbox 1216 1598 1358 1641; x_wconf 65' lang='lat' dir='ltr'>licuerit]</span> <span class='ocrx_word' id='word_1_357' title='bbox 1404 1598 1526 1640; x_wconf 75' lang='lat' dir='ltr'>objicit</span> <span class='ocrx_word' id='word_1_358' title='bbox 1548 1597 1700 1634; x_wconf 77' lang='lat' dir='ltr'>Antonio,</span> 
     </span>
     <span class='ocr_line' id='line_1_60' title="bbox 940 1641 1702 1684; baseline -0.001 -12"><span class='ocrx_word' id='word_1_359' title='bbox 940 1641 1025 1683; x_wconf 73' lang='lat' dir='ltr'>qudd</span> <span class='ocrx_word' id='word_1_360' title='bbox 1058 1643 1179 1684; x_wconf 87' lang='lat' dir='ltr'>imperii</span> <span class='ocrx_word' id='word_1_361' title='bbox 1209 1653 1323 1673; x_wconf 87' lang='lat' dir='ltr'>nomen</span> <span class='ocrx_word' id='word_1_362' title='bbox 1366 1643 1586 1683; x_wconf 84' lang='lat' dir='ltr'>sempiternum</span> <span class='ocrx_word' id='word_1_363' title='bbox 1616 1642 1702 1671; x_wconf 82' lang='lat' dir='ltr'>futu-</span> 
     </span>
     <span class='ocr_line' id='line_1_61' title="bbox 939 1684 1700 1723; baseline -0.001 -8"><span class='ocrx_word' id='word_1_364' title='bbox 939 1696 1006 1715; x_wconf 88' lang='lat' dir='ltr'>rum</span> <span class='ocrx_word' id='word_1_365' title='bbox 1021 1686 1071 1723; x_wconf 88' lang='lat' dir='ltr'>sit,</span> <span class='ocrx_word' id='word_1_366' title='bbox 1088 1686 1146 1716; x_wconf 84' lang='lat' dir='ltr'>nisi</span> <span class='ocrx_word' id='word_1_367' title='bbox 1170 1686 1231 1716; x_wconf 90' lang='lat' dir='ltr'>suis</span> <span class='ocrx_word' id='word_1_368' title='bbox 1255 1685 1422 1718; x_wconf 85' lang='lat' dir='ltr'>sceleribus</span> <span class='ocrx_word' id='word_1_369' title='bbox 1445 1686 1474 1717; x_wconf 88' lang='lat' dir='ltr'>ei</span> <span class='ocrx_word' id='word_1_370' title='bbox 1500 1685 1629 1716; x_wconf 86' lang='lat' dir='ltr'>exitium</span> <span class='ocrx_word' id='word_1_371' title='bbox 1652 1684 1700 1714; x_wconf 87' lang='lat' dir='ltr'>af-</span> 
     </span>
     <span class='ocr_line' id='line_1_62' title="bbox 938 1729 1028 1760; baseline 0 -2"><span class='ocrx_word' id='word_1_372' title='bbox 938 1729 1028 1760; x_wconf 81' lang='lat' dir='ltr'>ferat,</span> 
     </span>
    </p>

    <p class='ocr_par' dir='ltr' id='par_1_24' title="bbox 934 1769 1700 2326">
     <span class='ocr_line' id='line_1_63' title="bbox 983 1769 1700 1814; baseline -0.001 -13"><span class='ocrx_word' id='word_1_373' title='bbox 983 1771 1032 1803; x_wconf 91' lang='lat' dir='ltr'>Ib.</span> <span class='ocrx_word' id='word_1_374' title='bbox 1056 1771 1200 1814; x_wconf 72' lang='lat' dir='ltr'>Pestifera</span> <span class='ocrx_word' id='word_1_375' title='bbox 1223 1771 1410 1813; x_wconf 77' lang='lat' dir='ltr'>intercessio]</span> <span class='ocrx_word' id='word_1_376' title='bbox 1457 1769 1538 1802; x_wconf 88' lang='lat' dir='ltr'>Cum</span> <span class='ocrx_word' id='word_1_377' title='bbox 1562 1769 1700 1801; x_wconf 90' lang='lat' dir='ltr'>Marcel-</span> 
     </span>
     <span class='ocr_line' id='line_1_64' title="bbox 939 1813 1698 1856; baseline 0.001 -13"><span class='ocrx_word' id='word_1_378' title='bbox 939 1813 987 1844; x_wconf 86' lang='lat' dir='ltr'>lus</span> <span class='ocrx_word' id='word_1_379' title='bbox 1014 1816 1120 1846; x_wconf 84' lang='lat' dir='ltr'>consul</span> <span class='ocrx_word' id='word_1_380' title='bbox 1152 1815 1288 1855; x_wconf 84' lang='lat' dir='ltr'>legiones</span> <span class='ocrx_word' id='word_1_381' title='bbox 1327 1814 1479 1856; x_wconf 89' lang='lat' dir='ltr'>Pompeio</span> <span class='ocrx_word' id='word_1_382' title='bbox 1505 1814 1698 1850; x_wconf 74' lang='lat' dir='ltr'>decerneret,</span> 
     </span>
     <span class='ocr_line' id='line_1_65' title="bbox 938 1857 1697 1897; baseline 0 -11"><span class='ocrx_word' id='word_1_383' title='bbox 938 1857 1078 1888; x_wconf 81' lang='lat' dir='ltr'>tribunus</span> <span class='ocrx_word' id='word_1_384' title='bbox 1103 1857 1255 1887; x_wconf 85' lang='lat' dir='ltr'>Antonius</span> <span class='ocrx_word' id='word_1_385' title='bbox 1282 1857 1466 1893; x_wconf 78' lang='lat' dir='ltr'>intercessit,</span> <span class='ocrx_word' id='word_1_386' title='bbox 1504 1857 1697 1897; x_wconf 75' lang='lat' dir='ltr'>rogationem</span> 
     </span>
     <span class='ocr_line' id='line_1_66' title="bbox 936 1898 1693 1941; baseline 0 -12"><span class='ocrx_word' id='word_1_387' title='bbox 936 1899 1050 1936; x_wconf 85' lang='lat' dir='ltr'>ferens,</span> <span class='ocrx_word' id='word_1_388' title='bbox 1080 1906 1115 1930; x_wconf 90' lang='lat' dir='ltr'>ut</span> <span class='ocrx_word' id='word_1_389' title='bbox 1147 1905 1314 1941; x_wconf 85' lang='lat' dir='ltr'>praesentes</span> <span class='ocrx_word' id='word_1_390' title='bbox 1343 1900 1441 1940; x_wconf 88' lang='lat' dir='ltr'>copiae</span> <span class='ocrx_word' id='word_1_391' title='bbox 1479 1899 1624 1930; x_wconf 84' lang='lat' dir='ltr'>militares</span> <span class='ocrx_word' id='word_1_392' title='bbox 1661 1898 1693 1929; x_wconf 89' lang='lat' dir='ltr'>in</span> 
     </span>
     <span class='ocr_line' id='line_1_67' title="bbox 938 1941 1697 1984; baseline -0.001 -12"><span class='ocrx_word' id='word_1_393' title='bbox 938 1943 1058 1984; x_wconf 83' lang='lat' dir='ltr'>Syriam</span> <span class='ocrx_word' id='word_1_394' title='bbox 1076 1943 1268 1973; x_wconf 72' lang='lat' dir='ltr'>mitterentur</span> <span class='ocrx_word' id='word_1_395' title='bbox 1286 1941 1432 1973; x_wconf 71' lang='lat' dir='ltr'>adversus</span> <span class='ocrx_word' id='word_1_396' title='bbox 1446 1942 1588 1972; x_wconf 85' lang='lat' dir='ltr'>Parthos.</span> <span class='ocrx_word' id='word_1_397' title='bbox 1628 1941 1697 1971; x_wconf 89' lang='lat' dir='ltr'>De-</span> 
     </span>
     <span class='ocr_line' id='line_1_68' title="bbox 937 1984 1695 2026; baseline 0 -12"><span class='ocrx_word' id='word_1_398' title='bbox 937 1985 1022 2020; x_wconf 65' lang='lat' dir='ltr'>inde,</span> <span class='ocrx_word' id='word_1_399' title='bbox 1044 1985 1114 2016; x_wconf 74' lang='lat' dir='ltr'>cuin</span> <span class='ocrx_word' id='word_1_400' title='bbox 1151 1985 1298 2026; x_wconf 77' lang='lat' dir='ltr'>epistolas</span> <span class='ocrx_word' id='word_1_401' title='bbox 1328 1984 1458 2015; x_wconf 81' lang='lat' dir='ltr'>Caesaris</span> <span class='ocrx_word' id='word_1_402' title='bbox 1484 1984 1546 2024; x_wconf 81' lang='lat' dir='ltr'>legi</span> <span class='ocrx_word' id='word_1_403' title='bbox 1571 1988 1695 2014; x_wconf 81' lang='lat' dir='ltr'>senatus</span> 
     </span>
     <span class='ocr_line' id='line_1_69' title="bbox 936 2027 1694 2068; baseline 0 -12"><span class='ocrx_word' id='word_1_404' title='bbox 936 2033 1064 2064; x_wconf 83' lang='lat' dir='ltr'>vetaret,</span> <span class='ocrx_word' id='word_1_405' title='bbox 1080 2038 1131 2058; x_wconf 84' lang='lat' dir='ltr'>eas</span> <span class='ocrx_word' id='word_1_406' title='bbox 1146 2028 1226 2068; x_wconf 79' lang='lat' dir='ltr'>ipse,</span> <span class='ocrx_word' id='word_1_407' title='bbox 1242 2027 1406 2058; x_wconf 60' lang='lat' dir='ltr'>tribunicii}</span> <span class='ocrx_word' id='word_1_408' title='bbox 1418 2031 1573 2068; x_wconf 81' lang='lat' dir='ltr'>potestate</span> <span class='ocrx_word' id='word_1_409' title='bbox 1586 2027 1694 2064; x_wconf 80' lang='lat' dir='ltr'>fultus,</span> 
     </span>
     <span class='ocr_line' id='line_1_70' title="bbox 936 2069 1696 2112; baseline 0 -12"><span class='ocrx_word' id='word_1_410' title='bbox 936 2070 1097 2107; x_wconf 86' lang='lat' dir='ltr'>recitavit,</span> <span class='ocrx_word' id='word_1_411' title='bbox 1089 2081 1095 2088; x_wconf 91' lang='lat'><strong>·</strong></span> <span class='ocrx_word' id='word_1_412' title='bbox 1113 2072 1176 2112; x_wconf 71' lang='lat' dir='ltr'>qua</span> <span class='ocrx_word' id='word_1_413' title='bbox 1191 2081 1228 2101; x_wconf 88' lang='lat' dir='ltr'>ex</span> <span class='ocrx_word' id='word_1_414' title='bbox 1243 2070 1377 2101; x_wconf 83' lang='lat' dir='ltr'>lectione</span> <span class='ocrx_word' id='word_1_415' title='bbox 1391 2070 1501 2100; x_wconf 79' lang='lat' dir='ltr'>multos</span> <span class='ocrx_word' id='word_1_416' title='bbox 1517 2069 1577 2100; x_wconf 84' lang='lat' dir='ltr'>sibi</span> <span class='ocrx_word' id='word_1_417' title='bbox 1589 2070 1696 2100; x_wconf 86' lang='lat' dir='ltr'>conci·</span> 
     </span>
     <span class='ocr_line' id='line_1_71' title="bbox 937 2112 1694 2154; baseline 0 -12"><span class='ocrx_word' id='word_1_418' title='bbox 937 2112 1035 2144; x_wconf 84' lang='lat' dir='ltr'>liavit</span> <span class='ocrx_word' id='word_1_419' title='bbox 1082 2114 1200 2150; x_wconf 78' lang='lat' dir='ltr'>Quare,</span> <span class='ocrx_word' id='word_1_420' title='bbox 1216 2124 1286 2144; x_wconf 88' lang='lat' dir='ltr'>cum</span> <span class='ocrx_word' id='word_1_421' title='bbox 1303 2114 1384 2144; x_wconf 84' lang='lat' dir='ltr'>hanc</span> <span class='ocrx_word' id='word_1_422' title='bbox 1406 2113 1599 2154; x_wconf 84' lang='lat' dir='ltr'>rogationem</span> <span class='ocrx_word' id='word_1_423' title='bbox 1622 2123 1694 2153; x_wconf 90' lang='lat' dir='ltr'>pro-</span> 
     </span>
     <span class='ocr_line' id='line_1_72' title="bbox 934 2155 1693 2198; baseline 0 -13"><span class='ocrx_word' id='word_1_424' title='bbox 934 2156 1113 2197; x_wconf 79' lang='lat' dir='ltr'>mulgasset,</span> <span class='ocrx_word' id='word_1_425' title='bbox 1141 2157 1291 2198; x_wconf 87' lang='lat' dir='ltr'>placeret·</span> <span class='ocrx_word' id='word_1_426' title='bbox 1293 2167 1332 2186; x_wconf 87' lang='lat' dir='ltr'>ne</span> <span class='ocrx_word' id='word_1_427' title='bbox 1357 2155 1512 2187; x_wconf 68' lang='lat' dir='ltr'>Caesarem</span> <span class='ocrx_word' id='word_1_428' title='bbox 1539 2162 1572 2186; x_wconf 87' lang='lat' dir='ltr'>et</span> <span class='ocrx_word' id='word_1_429' title='bbox 1597 2155 1693 2186; x_wconf 87' lang='lat' dir='ltr'>Pom-</span> 
     </span>
     <span class='ocr_line' id='line_1_73' title="bbox 934 2198 1693 2239; baseline -0.001 -10"><span class='ocrx_word' id='word_1_430' title='bbox 934 2199 1038 2239; x_wconf 88' lang='lat' dir='ltr'>peium</span> <span class='ocrx_word' id='word_1_431' title='bbox 1055 2200 1093 2229; x_wconf 94' lang='lat' dir='ltr'>ab</span> <span class='ocrx_word' id='word_1_432' title='bbox 1109 2200 1198 2230; x_wconf 88' lang='lat' dir='ltr'>armis</span> <span class='ocrx_word' id='word_1_433' title='bbox 1213 2200 1389 2237; x_wconf 82' lang='lat' dir='ltr'>discedere,</span> <span class='ocrx_word' id='word_1_434' title='bbox 1407 2205 1440 2229; x_wconf 84' lang='lat' dir='ltr'>et</span> <span class='ocrx_word' id='word_1_435' title='bbox 1462 2198 1629 2230; x_wconf 75' lang='lat' dir='ltr'>exercituin</span> <span class='ocrx_word' id='word_1_436' title='bbox 1644 2198 1693 2229; x_wconf 89' lang='lat' dir='ltr'>di-</span> 
     </span>
     <span class='ocr_line' id='line_1_74' title="bbox 934 2242 1694 2283; baseline 0 -12"><span class='ocrx_word' id='word_1_437' title='bbox 934 2242 1066 2278; x_wconf 80' lang='lat' dir='ltr'>mittere,</span> <span class='ocrx_word' id='word_1_438' title='bbox 1096 2253 1164 2273; x_wconf 87' lang='lat' dir='ltr'>eam</span> <span class='ocrx_word' id='word_1_439' title='bbox 1196 2253 1302 2273; x_wconf 88' lang='lat' dir='ltr'>omnes</span> <span class='ocrx_word' id='word_1_440' title='bbox 1330 2242 1555 2283; x_wconf 76' lang='lat' dir='ltr'>probaverunt3</span> <span class='ocrx_word' id='word_1_441' title='bbox 1587 2242 1694 2272; x_wconf 84' lang='lat' dir='ltr'>horta-</span> 
     </span>
     <span class='ocr_line' id='line_1_75' title="bbox 934 2284 1690 2326; baseline 0.001 -12"><span class='ocrx_word' id='word_1_442' title='bbox 934 2285 1107 2326; x_wconf 84' lang='lat' dir='ltr'>banturque</span> <span class='ocrx_word' id='word_1_443' title='bbox 1124 2285 1298 2315; x_wconf 84' lang='lat' dir='ltr'>Antonium</span> <span class='ocrx_word' id='word_1_444' title='bbox 1321 2291 1356 2315; x_wconf 82' lang='lat' dir='ltr'>ut</span> <span class='ocrx_word' id='word_1_445' title='bbox 1378 2295 1447 2315; x_wconf 84' lang='lat' dir='ltr'>eam</span> <span class='ocrx_word' id='word_1_446' title='bbox 1469 2285 1572 2326; x_wconf 85' lang='lat' dir='ltr'>legem</span> <span class='ocrx_word' id='word_1_447' title='bbox 1585 2284 1690 2315; x_wconf 88' lang='lat' dir='ltr'>ferret.</span> 
     </span>
    </p>
   </div>
   <div class='ocr_carea' id='block_1_20' title="bbox 933 2327 1688 2412">
    <p class='ocr_par' dir='ltr' id='par_1_25' title="bbox 933 2327 1688 2412">
     <span class='ocr_line' id='line_1_76' title="bbox 933 2327 1288 2360; baseline 0.003 -2"><span class='ocrx_word' id='word_1_448' title='bbox 933 2327 978 2358; x_wconf 88' lang='lat' dir='ltr'>At</span> <span class='ocrx_word' id='word_1_449' title='bbox 992 2329 1135 2359; x_wconf 83' lang='lat' dir='ltr'>consules</span> <span class='ocrx_word' id='word_1_450' title='bbox 1150 2330 1288 2360; x_wconf 81' lang='lat' dir='ltr'>vetuere.</span> 
     </span>
     <span class='ocr_line' id='line_1_77' title="bbox 977 2368 1688 2412; baseline -0.003 -11"><span class='ocrx_word' id='word_1_451' title='bbox 977 2374 1028 2402; x_wconf 91' lang='lat'>19.</span> <span class='ocrx_word' id='word_1_452' title='bbox 1054 2371 1135 2406; x_wconf 76' lang='lat' dir='ltr'>Quid</span> <span class='ocrx_word' id='word_1_453' title='bbox 1156 2371 1288 2412; x_wconf 63' lang='lat' dir='ltr'>cupide]</span> <span class='ocrx_word' id='word_1_454' title='bbox 1334 2370 1464 2412; x_wconf 86' lang='lat' dir='ltr'>Objecit</span> <span class='ocrx_word' id='word_1_455' title='bbox 1478 2369 1617 2401; x_wconf 88' lang='lat' dir='ltr'>Antonio</span> <span class='ocrx_word' id='word_1_456' title='bbox 1633 2368 1688 2400; x_wconf 88' lang='lat' dir='ltr'>Ci-</span> 
     </span>
    </p>
   </div>
   <div class='ocr_carea' id='block_1_21' title="bbox 930 2414 1688 2498">
    <p class='ocr_par' dir='ltr' id='par_1_26' title="bbox 930 2414 1686 2498">
     <span class='ocr_line' id='line_1_78' title="bbox 930 2414 1686 2462; baseline -0.003 -18"><span class='ocrx_word' id='word_1_457' title='bbox 930 2424 1013 2450; x_wconf 84' lang='lat' dir='ltr'>cero,</span> <span class='ocrx_word' id='word_1_458' title='bbox 1042 2415 1126 2456; x_wconf 68' lang='lat' dir='ltr'>qudd</span> <span class='ocrx_word' id='word_1_459' title='bbox 1161 2425 1219 2462; x_wconf 82' lang='lat' dir='ltr'>pro</span> <span class='ocrx_word' id='word_1_460' title='bbox 1247 2414 1369 2445; x_wconf 87' lang='lat' dir='ltr'>Caesare</span> <span class='ocrx_word' id='word_1_461' title='bbox 1401 2418 1509 2444; x_wconf 80' lang='lat' dir='ltr'>contra</span> <span class='ocrx_word' id='word_1_462' title='bbox 1546 2418 1686 2443; x_wconf 76' lang='lat' dir='ltr'>senatum</span> 
     </span>
     <span class='ocr_line' id='line_1_79' title="bbox 933 2456 1688 2498; baseline 0 -12"><span class='ocrx_word' id='word_1_463' title='bbox 933 2458 1056 2497; x_wconf 83' lang='lat' dir='ltr'>egisset.</span> <span class='ocrx_word' id='word_1_464' title='bbox 1101 2456 1167 2488; x_wconf 88' lang='lat' dir='ltr'>At</span> <span class='ocrx_word' id='word_1_465' title='bbox 1155 2468 1221 2498; x_wconf 76' lang='lat' dir='ltr'>jain</span> <span class='ocrx_word' id='word_1_466' title='bbox 1238 2456 1376 2488; x_wconf 87' lang='lat' dir='ltr'>ostendit</span> <span class='ocrx_word' id='word_1_467' title='bbox 1391 2456 1497 2487; x_wconf 88' lang='lat' dir='ltr'>nihil</span> <span class='ocrx_word' id='word_1_468' title='bbox 1482 2467 1502 2486; x_wconf 78' lang='grc' dir='ltr'>ἰ</span> <span class='ocrx_word' id='word_1_469' title='bbox 1516 2460 1625 2486; x_wconf 87' lang='lat' dir='ltr'>senatu</span> <span class='ocrx_word' id='word_1_470' title='bbox 1640 2462 1688 2486; x_wconf 87' lang='lat' dir='ltr'>te-</span> 
     </span>
    </p>
   </div>
   <div class='ocr_carea' id='block_1_22' title="bbox 932 2501 1691 2581">
    <p class='ocr_par' dir='ltr' id='par_1_27' title="bbox 932 2501 1691 2581">
     <span class='ocr_line' id='line_1_80' title="bbox 932 2501 1238 2532; baseline 0.003 -3"><span class='ocrx_word' id='word_1_471' title='bbox 932 2501 1014 2531; x_wconf 76' lang='lat' dir='ltr'>mere</span> <span class='ocrx_word' id='word_1_472' title='bbox 1029 2501 1144 2531; x_wconf 86' lang='lat' dir='ltr'>factum</span> <span class='ocrx_word' id='word_1_473' title='bbox 1159 2510 1238 2532; x_wconf 86' lang='lat' dir='ltr'>esse.</span> 
     </span>
     <span class='ocr_line' id='line_1_81' title="bbox 976 2539 1691 2581; baseline -0.003 -9"><span class='ocrx_word' id='word_1_474' title='bbox 976 2545 1029 2572; x_wconf 68' lang='grc' dir='ltr'>ΞΟ.</span> <span class='ocrx_word' id='word_1_475' title='bbox 1053 2543 1127 2572; x_wconf 76' lang='grc' dir='ltr'>Οιῖιη</span> <span class='ocrx_word' id='word_1_476' title='bbox 1150 2549 1195 2579; x_wconf 80' lang='lat' dir='ltr'>iu,</span> <span class='ocrx_word' id='word_1_477' title='bbox 1221 2553 1298 2572; x_wconf 81' lang='lat' dir='ltr'>unus</span> <span class='ocrx_word' id='word_1_478' title='bbox 1323 2539 1507 2581; x_wconf 78' lang='lat' dir='ltr'>adolescens-J</span> <span class='ocrx_word' id='word_1_479' title='bbox 1551 2540 1671 2571; x_wconf 88' lang='lat' dir='ltr'>Anto</span> <span class='ocrx_word' id='word_1_480' title='bbox 1674 2558 1691 2566; x_wconf 67' lang='grc' dir='ltr'><strong><em>ο</em></strong></span> 
     </span>
    </p>
   </div>
   <div class='ocr_carea' id='block_1_23' title="bbox 928 2584 1687 2753">
    <p class='ocr_par' dir='ltr' id='par_1_28' title="bbox 930 2584 1632 2627">
     <span class='ocr_line' id='line_1_82' title="bbox 930 2584 1632 2627; baseline 0.001 -13"><span class='ocrx_word' id='word_1_481' title='bbox 930 2595 981 2614; x_wconf 90' lang='lat' dir='ltr'>um</span> <span class='ocrx_word' id='word_1_482' title='bbox 997 2586 1090 2615; x_wconf 81' lang='lat' dir='ltr'>fuisse</span> <span class='ocrx_word' id='word_1_483' title='bbox 1115 2591 1280 2627; x_wconf 78' lang='lat' dir='ltr'>tyrannum</span> <span class='ocrx_word' id='word_1_484' title='bbox 1305 2585 1428 2626; x_wconf 84' lang='lat' dir='ltr'>probat,</span> <span class='ocrx_word' id='word_1_485' title='bbox 1451 2584 1526 2623; x_wconf 87' lang='lat' dir='ltr'>quia</span> <span class='ocrx_word' id='word_1_486' title='bbox 1548 2584 1632 2615; x_wconf 82' lang='lat' dir='ltr'>solus</span> 
     </span>
    </p>

    <p class='ocr_par' dir='ltr' id='par_1_29' title="bbox 928 2625 1687 2753">
     <span class='ocr_line' id='line_1_83' title="bbox 930 2625 1687 2668; baseline 0.001 -11"><span class='ocrx_word' id='word_1_487' title='bbox 930 2627 1122 2664; x_wconf 82' lang='lat' dir='ltr'>adolescens,</span> <span class='ocrx_word' id='word_1_488' title='bbox 1154 2639 1250 2659; x_wconf 85' lang='lat' dir='ltr'>annos</span> <span class='ocrx_word' id='word_1_489' title='bbox 1279 2634 1369 2658; x_wconf 82' lang='lat' dir='ltr'>natus</span> <span class='ocrx_word' id='word_1_490' title='bbox 1401 2625 1519 2657; x_wconf 82' lang='lat' dir='ltr'>tantum</span> <span class='ocrx_word' id='word_1_491' title='bbox 1549 2628 1687 2668; x_wconf 79' lang='lat' dir='ltr'>triginta,</span> 
     </span>
     <span class='ocr_line' id='line_1_84' title="bbox 928 2668 1687 2711; baseline 0 -11"><span class='ocrx_word' id='word_1_492' title='bbox 928 2671 1086 2711; x_wconf 89' lang='lat' dir='ltr'>prohibuit</span> <span class='ocrx_word' id='word_1_493' title='bbox 1114 2677 1254 2702; x_wconf 84' lang='lat' dir='ltr'>senatum</span> <span class='ocrx_word' id='word_1_494' title='bbox 1291 2680 1383 2711; x_wconf 86' lang='lat' dir='ltr'>agere</span> <span class='ocrx_word' id='word_1_495' title='bbox 1410 2670 1450 2699; x_wconf 87' lang='lat' dir='ltr'>de</span> <span class='ocrx_word' id='word_1_496' title='bbox 1480 2668 1621 2711; x_wconf 86' lang='lat' dir='ltr'>Reipub.</span> <span class='ocrx_word' id='word_1_497' title='bbox 1649 2669 1687 2700; x_wconf 90' lang='lat' dir='ltr'>li-</span> 
     </span>
     <span class='ocr_line' id='line_1_85' title="bbox 930 2712 1686 2753; baseline 0 -9"><span class='ocrx_word' id='word_1_498' title='bbox 930 2714 1062 2753; x_wconf 80' lang='lat' dir='ltr'>bertate,</span> <span class='ocrx_word' id='word_1_499' title='bbox 1087 2724 1159 2746; x_wconf 84' lang='lat' dir='ltr'>cum</span> <span class='ocrx_word' id='word_1_500' title='bbox 1188 2714 1258 2746; x_wconf 85' lang='lat' dir='ltr'>huic</span> <span class='ocrx_word' id='word_1_501' title='bbox 1289 2713 1390 2746; x_wconf 83' lang='lat' dir='ltr'>ordini</span> <span class='ocrx_word' id='word_1_502' title='bbox 1417 2712 1531 2744; x_wconf 88' lang='lat' dir='ltr'>cedere</span> <span class='ocrx_word' id='word_1_503' title='bbox 1559 2713 1686 2744; x_wconf 80' lang='lat' dir='ltr'>debuis-</span> 
     </span>
    </p>
   </div>
   <div class='ocr_carea' id='block_1_24' title="bbox 927 2762 986 2791">
    <p class='ocr_par' dir='ltr' id='par_1_30' title="bbox 927 2762 986 2791">
     <span class='ocr_line' id='line_1_86' title="bbox 927 2762 986 2791; baseline 0.051 -3"><span class='ocrx_word' id='word_1_504' title='bbox 927 2762 986 2791; x_wconf 85' lang='lat' dir='ltr'>set.</span> 
     </span>
    </p>
   </div>
  </div>
 </body>
</html>
