1790 3090
79 164 167 212 416
780 163 1046 198 PHILIPPICA
1070 163 1117 198 11.

160 242 359 298 viximus,
381 257 478 288 cum
501 242 654 301 gladiis
676 242 873 286 homines
895 242 1097 286 collocati
1120 245 1248 285 stent.
1307 240 1482 284 Accusa
1498 241 1718 298 senatum{

161 315 319 344 accusa
340 308 581 358 equestrem
603 300 809 353 ordinem,
832 301 905 357 qui
937 308 1029 342 tum
1061 314 1159 341 cum
1189 305 1339 341 senatu
1362 300 1587 356 copulatus
1609 300 1719 351 fuit3

159 369 317 401 accusa
337 373 484 400 omnes
505 359 691 407 ordines,
710 372 857 399 omnes
875 358 1002 408 cives,
1022 357 1124 398 dum
1141 357 1384 407 confiteare,
1400 357 1516 398 hunc
1529 356 1720 400 ordinem

158 415 244 457 hoc
263 415 356 471 ipso
378 421 569 472 tempore
592 415 645 457 ab
668 414 865 470 Ithyraeis
888 413 1201 456 circumsederi.
1237 413 1344 455 Haec
1365 419 1412 454 tu
1433 427 1520 454 non
1543 420 1721 471 propter

83 466 140 509 25
159 472 384 514 audaciam
415 471 523 514 dicis
556 478 644 513 tam
681 471 964 527 impudenter,
986 471 1061 512 sed
1092 469 1194 527 quia
1227 476 1441 511 tantarum
1477 474 1619 512 rerum
1656 485 1722 513 re-

155 529 438 586 pugnantiam
459 543 543 570 non
562 529 698 570 vides.
758 527 877 569 Nihil
907 526 1099 583 profecto
1128 526 1266 582 sapis:
1299 526 1401 583 quid
1422 532 1488 568 est
1509 527 1624 569 enim
1644 527 1716 569 de-

154 585 357 638 mentius,
375 585 521 642 quam,
543 585 640 627 cnm
662 586 754 642 ipse
777 584 1026 639 reipublicae
1050 583 1289 641 perniciosa
1309 597 1424 625 arma
1444 584 1622 641 ceperis,
1644 584 1720 626 ob-

149 642 285 698 jicere
302 643 423 684 alteri
442 643 638 684 salutaria
652 643 666 655 ”
691 644 750 683 At
766 642 895 683 etiam
911 641 1098 697 quodam
1114 641 1211 682 loco
1225 641 1392 682 facetus
1410 655 1503 682 esse
1519 641 1689 683 voluisti
1705 657 1716 683 :
1739 647 1772 673 ³1²

156 698 284 755 quam
304 700 349 741 id
371 706 413 741 te
436 700 514 755 (dii
536 700 689 752 bonii)
706 714 792 740 non
820 698 1025 740 decebat!
1058 697 1102 738 in
1133 711 1217 754 quo
1250 697 1329 738 esf
1346 703 1421 738 tua
1450 697 1577 754 culpa
1608 704 1717 739 non-

80 749 137 792 30
155 758 292 808 nulla3
313 757 475 813 aliquid
490 757 603 798 enim
615 763 629 780 0
640 756 741 802 salis
757 756 809 797 ab
824 769 955 796 uxore
970 754 1101 795 mima
1118 754 1284 795 trahere
1298 753 1492 810 potuisti.
1508 759 1535 778 “
1549 754 1718 797 Cedant

154 828 277 855 arma
299 813 449 867 togce.''
485 813 632 862 Quid?
653 819 745 855 tum
762 826 904 853 nonne
927 811 1174 853 cesserunt?
1225 812 1285 851 At
1305 809 1459 867 postea
1479 810 1565 852 tuis
1582 811 1710 853 armis

154 870 288 911 cessit
307 876 420 926 toga.
484 870 734 917 Quaeramus
765 869 895 925 igitur
914 875 1055 909 utrum
1086 867 1241 909 melius
1263 867 1404 919 fuerit,
1424 867 1610 910 libertati
1640 883 1716 925 po-

150 926 242 982 puli
260 926 445 967 Romani
467 927 772 968 sceleratorum
791 939 920 975 arma,
938 939 993 965 an
1007 924 1250 965 libertatem
1266 930 1456 966 nostram
1470 924 1598 966 armis
1611 924 1713 975 tuis,

153 983 317 1024 cedere.
379 982 474 1024 Nec
494 981 593 1024 verb
613 982 692 1023 tibi
710 982 763 1023 de
783 980 976 1022 versibus
996 981 1119 1037 plura
1137 981 1428 1036 respondebo:
1458 981 1625 1023 tantum
1646 981 1712 1023 di-

76 1035 133 1078 35
152 1054 245 1082 cam
265 1038 459 1090 breviter,
483 1045 525 1081 te
555 1054 696 1096 neque
727 1038 839 1088 illos,
860 1051 999 1094 neque
1030 1036 1140 1077 ullas
1173 1035 1344 1078 omnino
1363 1036 1526 1088 literas,
1555 1039 1709 1080 n6sse:

149 1112 218 1139 me
238 1111 318 1138 nec
338 1096 585 1153 reipublicae
614 1111 697 1137 nec
727 1094 874 1136 amicis
906 1108 1097 1150 unquam
1118 1092 1323 1145 defuisse,
1346 1098 1390 1134 et
1423 1099 1568 1135 tamen
1586 1093 1710 1148 vor'ri‘ni

148 1168 304 1210 genere
334 1153 696 1195 monimentorum
727 1166 919 1194 meorum
949 1150 1181 1207 perfecisse
1213 1150 1353 1205 operis
1384 1139 1639 1201 subsecivi&
1659 1155 1709 1192 ut

148 1226 256 1252 meae
276 1210 463 1267 dvigiliae
483 1225 674 1266 meaeque
695 1209 828 1251 literae
850 1215 893 1251 et
905 1207 1124 1265 juventuti
1145 1205 1360 1259 utilitatis,
1377 1212 1422 1249 et
1439 1206 1603 1251 nomini
1622 1207 1713 1251 Ro-

147 1282 275 1312 mano
295 1267 450 1321 laudiS,
472 1267 636 1325 aliquid
655 1265 866 1309 afferrent.

416 1411 713 1467 efacetiarum.
1057 1406 1074 1432 ‘³
1082 1408 1436 1451 elucubrationes.

187 1606 243 1637 24.
265 1604 428 1648 Rhyraeis]
444 1604 575 1647 Ithyraei
588 1604 627 1636 ab
640 1601 779 1646 Ithyraea
789 1602 905 1634 Palaes·
948 1613 1056 1645 parag.
1071 1603 1122 1636 xii.
1138 1605 1257 1638 Locum
1271 1606 1410 1638 consule.
1536 1640 1538 1642 ,

142 1649 218 1681 finae
233 1649 360 1691 regione
376 1649 463 1686 dicti,
478 1649 561 1680 unde
577 1648 749 1683 Antonius,
764 1645 836 1677 cum
858 1646 903 1677 ibi
992 1649 1044 1679 37.
1068 1646 1312 1681 Munimentorum
1327 1647 1482 1689 mem-um]
1528 1647 1709 1680 Monimen-
1751 1666 1762 1667 e

143 1693 291 1724 militaret
302 1692 439 1724 Gabinio
461 1691 660 1735 proconsule,
674 1690 787 1725 inultos
810 1689 905 1721 satel-
948 1695 1015 1720 tum
1038 1690 1072 1720 id
1097 1701 1189 1724 omne
1213 1693 1335 1731 dicitur,
1351 1694 1437 1735 quod
1464 1691 1619 1733 memoria}
1643 1702 1708 1723 ser-

142 1736 214 1767 lites
231 1735 370 1768 abduxit.
948 1734 1060 1764 vandae
1074 1735 1172 1774 gratia
1188 1736 1317 1768 exsistit.
1363 1734 1480 1774 Quare,
1492 1733 1562 1767 cum
1578 1735 1618 1766 ad
1633 1745 1708 1776 pos-

185 1781 241 1810 30.
269 1778 360 1810 Uxoro
373 1776 489 1819 minui]
513 1776 683 1817 Antonius,
695 1776 808 1808 nobilis
819 1776 904 1813 licet,
948 1776 1103 1808 terit-atem
1118 1779 1354 1811 transmittenda
1368 1783 1483 1815 essent,
1495 1787 1565 1820 quae
1576 1778 1609 1809 in
1621 1775 1706 1809 omni

142 1822 268 1853 mimam
278 1821 590 1864 quamdam,nomine
604 1820 903 1862 Hippiam,uxorem
948 1831 1063 1861 genere
1079 1821 1252 1863 disciplinae
1268 1827 1300 1853 et
1322 1822 1502 1853 eruditionis
1517 1821 1536 1851 a
1552 1821 1706 1853 Cicerone

143 1866 277 1906 accepit,
294 1876 387 1907 quarn
401 1864 605 1895 Volumniam
621 1863 805 1904 appellavit.
947 1863 1061 1903 scripta
1084 1869 1165 1901 sunt,
1188 1865 1270 1897 recte
1294 1865 1555 1897 monimentorum
1578 1864 1706 1896 nomine

185 1909 236 1940 Ib.
260 1908 372 1939 &edant
394 1918 476 1938 arma
499 1907 598 1948 togae]
642 1907 760 1937 Versus
775 1906 794 1936 a
811 1905 901 1937 Cicc-
946 1905 1175 1946 consignantur.
1321 1906 1328 1911 “

138 1960 217 1983 rone
233 1952 336 1982 editus
360 1952 400 1981 de
424 1962 479 1981 suo
502 1950 676 1986 consulatu,
691 1949 724 1979 in
739 1959 812 1989 quo,
826 1949 900 1980 licet
986 1949 1036 1979 Ib.
1061 1949 1242 1991 Subsecivis]
1283 1951 1460 1982 Subsecivae
1476 1960 1578 1991 operae
1594 1950 1704 1981 dicun-

141 2000 276 2035 togatus,
291 1993 537 2035 conjurationem
560 1993 723 2024 excitatam
748 1992 767 2022 ὲ
792 1992 901 2023 Catili·
944 1996 1002 2026 tur,
1017 2002 1086 2032 quae
1110 1992 1128 2022 a
1154 1992 1310 2026 consuetis
1334 1999 1366 2025 et
1388 1993 1579 2037 quotidianis
1602 1992 1705 2037 operis

141 2037 184 2068 na
205 2037 360 2073 exstinxit,
382 2042 415 2067 et
436 2046 521 2068 arma
541 2035 652 2076 fregit:
676 2036 716 2065 de
733 2045 795 2076 quo
811 2045 900 2065 versu
944 2035 1084 2066 detracta
1099 2041 1179 2067 suut.

139 2080 239 2113 multa
259 2081 291 2113 in
314 2081 465 2113 Oratione
491 2080 523 2112 in
548 2078 695 2112 Pisonem
712 2078 797 2112 dicta
817 2083 899 2114 sunt,

739 2267 925 2296 TERTIA
961 2267 1098 2296 PARS.

348 2369 575 2413 Auctorem
584 2369 733 2425 fuisse
750 2371 985 2412 multorum
1006 2371 1211 2412 scelerum
1229 2367 1488 2430 Antonium.

195 2506 251 2550 V.
283 2506 370 2550 Sed
387 2508 480 2549 haec
497 2522 583 2549 non
594 2507 722 2564 hujus
739 2507 966 2563 temporis:
987 2508 1149 2564 majora
1160 2507 1397 2550 videamus.
1428 2507 1480 2550 P.
1494 2506 1695 2550 Clodium
1734 2522 1737 2526 ·

139 2580 236 2607 meo
250 2565 431 2608 consilio
447 2565 842 2616 interfectum‘esse,
857 2563 1018 2605 dixisti.
1047 2564 1264 2612 Quidnam
1278 2565 1470 2606 homines
1483 2571 1695 2621 putarent,

141 2623 174 2662 si
197 2630 287 2664 tum
304 2622 473 2664 occisus
495 2624 623 2673 esset,
644 2620 742 2662 cum
763 2628 810 2663 tu
830 2621 951 2661 illum
967 2620 1011 2661 in
1028 2621 1134 2673 foro,
1149 2621 1418 2678 inspectante
1435 2622 1593 2679 populo
1607 2622 1694 2665 Roa
1725 2628 1739 2668 ,’

138 2694 281 2734 mano,
298 2679 444 2738 gladio
459 2678 606 2722 stricto
620 2678 840 2722 insecutus
858 2693 903 2720 es
918 2695 929 2731 ;
947 2678 1257 2738 negotiumque
1274 2678 1596 2736 ebtransegisses,
1610 2680 1694 2723 nisi
1724 2698 1750 2720 .'.-

773 2793 1060 2849 ἒοοφζΐεοὶεεεε.
