1790 3090
57 184 143 228 448
758 183 1024 221 PHILIPPICA
1047 187 1097 226 11.

56 261 116 304 40
133 275 231 308 men·
251 274 396 323 parere
417 279 594 308 necesse
626 266 734 320 erat)
764 272 934 322 putares
968 279 1061 307 esse
1094 264 1316 307 dicturum.
1379 262 1564 306 Sustulit
1580 263 1696 308 inum

134 323 248 364 diem
276 325 467 365 ‘’-fortuna
497 323 644 379 populi
675 323 881 364 Romani:
914 337 1015 364 num
1039 321 1167 363 etiam
1187 330 1308 364 tuum
1330 322 1383 363 de
1404 321 1608 377 auspiciis
1630 323 1697 378 jua-

132 379 293 422 dicium
314 380 511 421 interitus
535 380 717 421 Caesaris
740 380 936 421 sustulit?
981 379 1066 420 Sed
1089 379 1220 421 incidi
1242 380 1284 420 in
1306 380 1349 420 id
1372 386 1540 434 tempus
1578 379 1696 434 quod

131 436 185 478 iis
207 438 348 487 rebus,
370 437 413 477 in
434 451 540 493 quas
562 437 758 493 ingressa
779 444 869 478 erat
890 436 1038 487 oratiO,
1062 437 1400 492 praeryertendum
1422 436 1522 477 est?
1543 445 1641 482 st'fs'
1660 429 1677 468 ss'-

190 492 288 535 XV.
321 494 429 542 Quae
447 501 519 534 tua
535 494 652 549 suga,
670 509 767 550 quae
788 493 986 544 formido,
1003 494 1206 549 praeclaro
1227 493 1300 533 illo
1322 493 1407 533 die!
1441 507 1551 548 quae,
1572 501 1699 549 prop-

130 556 196 591 ter
216 549 526 592 conscientiam
548 551 773 602 scelerum,
795 550 1037 606 desperatio
1062 549 1178 590 vitae:
1212 549 1309 590 cum
1326 563 1379 590 ex
1396 549 1471 589 ill-52
1490 549 1607 605 fuga,
1623 548 1696 589 be-

130 607 287 648 neficio
309 622 469 658 eorum,
484 607 557 663 qui
579 607 681 658 te,si
697 622 824 648 sanus
843 621 975 658 esses,
993 607 1157 647 salvum
1175 621 1268 647 esse
1282 606 1639 656 voluerunt‚clam
1655 610 1699 647 te

131 663 307 705 domum
328 664 545 719 recepisti.
598 664 636 705 O
654 679 750 705 mea
766 663 924 705 frustra
942 678 1109 719 semper
1124 663 1346 704 verissima
1362 663 1541 719 auguria
1557 675 1698 702 rerum

86 717 112 758 5
132 719 387 762 futurarum!
425 720 635 762 Dicebam
658 721 740 762 illis
759 721 803 762 in
825 720 1041 776 Capitolio
1062 720 1364 761 liberatoribus
1386 719 1558 769 nostris,
1580 717 1698 770 (cum

131 792 200 818 me
222 778 277 819 ad
299 785 340 819 te
362 778 421 818 ire
439 778 614 830 vellent,
631 785 679 819 ut
699 778 751 819 ad
775 778 1092 819 defendendam
1108 775 1415 833 rempublicam
1433 782 1474 817 te
1497 775 1698 816 adhorta-

94 868 100 877 .
130 837 214 886 rer)
237 835 380 891 quoad
402 842 628 883 metueres,
651 835 795 876 omnia
813 842 854 876 te
872 834 1199 891 promissurum3
1231 833 1357 874 simul
1379 848 1430 874 ac
1450 833 1601 873 timere
1622 831 1698 873 de-

131 891 276 942 sisses,
299 891 480 932 similem
511 896 553 931 te
584 891 772 932 futurum
802 891 879 932 tui.
941 891 1107 947 Itaque,
1130 891 1227 931 cum
1260 890 1403 931 caeteri
1435 889 1695 938 consulares,

130 946 255 997 irent,
274 947 476 998 redirent,
490 947 532 987 in
551 948 765 988 sententia
780 947 939 988 mansi:
972 962 1111 1003 neque
1129 953 1171 988 te
1189 947 1262 987 illo
1282 948 1351 988 die
1368 961 1508 1002 neque
1524 952 1696 1001 postero

59 999 112 1042 10
130 1003 236 1044 vidi:
270 1018 409 1059 neque
430 1005 561 1045 ullam
583 1004 836 1045 societatem
861 1003 1034 1059 optimis
1063 1003 1228 1043 civibus
1259 1018 1352 1044 cum
1383 1000 1698 1058 importunissi-

127 1075 200 1102 mo
221 1061 347 1102 hoste
364 1060 524 1102 foedere
542 1061 630 1102 ullo
648 1060 891 1102 confirmari
909 1075 1036 1116 posse
1055 1059 1232 1100 credidi.
1271 1060 1379 1100 Post
1395 1059 1508 1099 diem
1524 1058 1697 1100 tertium

64 1168 66 1170 v
127 1117 225 1158 veni
256 1117 299 1158 in
328 1118 464 1158 aedem
485 1117 680 1168 Telluris,
711 1124 754 1159 et
784 1117 957 1173 quidem
979 1116 1152 1167 invitm,
1175 1117 1274 1157 cum
1296 1130 1446 1157 omnes
1468 1114 1610 1156 aditus
1632 1126 1696 1156 ar-

127 1174 232 1215 mati
265 1174 523 1216 obsiderent.

82 1263 86 1274 .
126 1231 230 1272 mihi
253 1230 397 1272 subito
428 1231 625 1273 iuimicus
655 1230 872 1283 exstitisti,
903 1238 1046 1271 tamen
1077 1245 1144 1271 me
1176 1231 1238 1271 tui
1269 1229 1455 1281 miseret,
1478 1227 1594 1285 quod
1615 1228 1694 1270 tibi

23 1278 365 1330 „³115invideris.·
405 1288 490 1336 Qui
520 1294 567 1329 tu
597 1288 660 1329 vir
700 1288 779 1343 (dii
809 1287 1112 1339 immortalesl)
1154 1293 1198 1328 et
1237 1293 1426 1343 quantus
1456 1285 1628 1337 fuisses,
1659 1284 1696 1326 si

125 1345 239 1386 illius
272 1345 357 1386 diei
389 1351 600 1386 amentem
631 1359 797 1386 servare
828 1344 1063 1401 potuisses!
1106 1344 1266 1385 Pacem
1296 1344 1567 1393 haberemus,
1599 1356 1696 1398 quae

92 1409 216 1453 „erat
246 1402 364 1443 facta
394 1417 469 1458 per
501 1402 695 1444 obsidem
716 1417 895 1458 puerum
918 1402 1108 1442 nobilem
1140 1400 1422 1454 [M.Antonii
1442 1399 1598 1453 filium]
1630 1399 1696 1440 M.

127 1457 422 1514 Bambalionis
444 1466 670 1516 nepotem;
703 1457 968 1515 quamquam
988 1464 1030 1498 te
1052 1458 1214 1499 bonum
1236 1457 1363 1498 timor
1384 1456 1585 1506 faciebat,
1607 1469 1695 1496 non

128 1516 319 1558 diuturni
346 1516 554 1573 magister
584 1514 740 1567 officii;
784 1515 1026 1572 improbum
1057 1514 1161 1556 fecit
1192 1529 1256 1565 ea,
1288 1529 1399 1570 quae,
1436 1513 1538 1554 dum
1567 1511 1695 1553 timor

49 1568 107 1611 20
126 1573 264 1625 abest,
287 1573 313 1614 ὲ
332 1580 375 1614 te
396 1588 482 1615 non
504 1573 704 1624 discedit,
725 1572 926 1624 audacia3
965 1572 1045 1612 esti
1069 1577 1174 1623 tum,
1206 1572 1305 1612 cum
1324 1569 1535 1628 optimum
1555 1575 1598 1610 te
1618 1577 1695 1624 pu—

123 1630 274 1673 tabant
304 1633 391 1684 (me
423 1630 599 1686 quidem
630 1629 946 1681 dissentiente),
977 1628 1114 1670 funeri
1135 1627 1344 1684 btyranni,
1377 1627 1413 1669 si
1438 1626 1546 1668 illud
1566 1625 1693 1667 funus

0 879 16 897 ,Ι
37 875 85 899 7

380 1768 396 1785 Ε
392 1762 599 1818 felicitas.
775 1762 1035 1803 “eonsilium.
1213 1758 1229 1783 ¹³
1241 1759 1442 1801 Coesarz's.

166 1879 218 1909 42.
264 1877 404 1908 Interitus
443 1876 588 1918 Caesaris.]
648 1874 709 1906 Illo
746 1879 885 1916 tempore
930 1874 1038 1913 deret;
1063 1874 1119 1905 sed
1136 1884 1228 1904 nemo
1249 1883 1355 1904 eorum
1371 1883 1441 1904 eum
1466 1872 1622 1905 dicentem
1638 1883 1694 1906 au·

1713 454 1731 476 a
1755 450 1790 490 M

586 1174 701 1223 Quid
724 1175 804 1215 tibi
835 1174 903 1215 ille
937 1173 1045 1225 dies,
1067 1173 1243 1224 Antoni,
1266 1173 1371 1214 fuit?
1420 1170 1713 1227 Quamquam*

124 1921 229 1951 Caesar
243 1921 425 1951 interfectus
440 1925 497 1952 est.

165 1964 214 1994 Ib.
248 1964 347 1994 Incidi
360 1965 392 1993 in
407 1964 439 1993 id
454 1962 589 2003 tempus]
622 1962 679 1992 Ait
697 1961 765 2002 jam
781 1972 813 1992 se
830 1972 885 1991 no-

122 2006 249 2042 lentem,
285 2012 316 2038 et
338 2011 450 2047 praeter
471 2006 633 2036 consilium
658 2016 760 2042 suuni,
790 2005 824 2034 in
849 2015 886 2034 ea

123 2055 262 2090 tempora
294 2050 452 2086 incidisse,
488 2059 557 2090 quae
592 2054 721 2079 mortem
758 2047 885 2078 Caesaris

123 2093 287 2123 subsecuta
307 2098 389 2123 sunt.

166 2141 196 2166 1.
223 2137 294 2171 Quae
318 2143 371 2166 tua
388 2135 507 2177 f1¹ga!]
554 2134 629 2165 Non
657 2132 741 2175 prius
767 2132 888 2163 audivit

121 2185 251 2210 mortem
275 2179 405 2211 Caesaris
429 2177 595 2217 Antonius,
623 2177 729 2218 quam,
758 2176 887 2217 abjectis

121 2222 332 2253 consularibus
368 2221 552 2263 insignibus,
589 2220 664 2261 fuga
698 2230 761 2251 suae
795 2219 887 2250 saluti

121 2266 322 2297 consuluerit.

165 2312 196 2339 2.
242 2309 388 2350 Beneficio
408 2307 533 2347 eorum]
590 2307 715 2341 Brutus,
747 2305 884 2341 Cassius,

121 2352 236 2392 aliique
253 2353 305 2392 qui
320 2353 474 2383 Caesarem
488 2350 683 2381 occiderunt:
700 2350 755 2380 sed
770 2349 883 2379 Brutus

122 2396 302 2435 praeseriim,
322 2394 393 2425 cuin
417 2395 456 2424 de
472 2393 610 2424 Antonio
627 2403 752 2433 quoque
766 2392 882 2422 interfi-

121 2437 235 2467 ciendo
248 2439 287 2467 ab
303 2438 339 2468 iis
356 2437 588 2472 deliberaretur,
601 2436 702 2465 vetuit
713 2446 753 2466 ne
764 2435 816 2465 ille
830 2445 883 2465 oc-

121 2480 286 2516 cideretur,
303 2487 336 2510 ut
353 2480 537 2510 Plutarchus
553 2479 655 2509 refert.

164 2529 196 2554 4.
223 2523 349 2553 Frustra
371 2533 475 2561 semper
494 2523 666 2563 serissima]
712 2521 797 2551 Vera
812 2520 881 2560 qui-

120 2567 193 2597 dem
223 2572 311 2596 erant
340 2566 466 2606 auguria
497 2565 666 2600 Ciceronis,
696 2564 770 2603 quia
808 2568 880 2593 ante

121 2615 153 2640 et
182 2615 254 2650 post
291 2609 382 2640 civile
411 2608 524 2638 bellurn
562 2607 779 2648 praenuntiavit
810 2616 879 2646 quae

120 2658 208 2683 erant
252 2658 410 2686 eventura,
465 2655 497 2681 et
542 2650 646 2680 revera.
692 2654 880 2687 evenerunt3

118 2697 174 2725 sed
211 2696 323 2735 quibus
358 2704 418 2725 nec
453 2693 566 2729 Caesar,
605 2703 664 2723 nec
699 2692 880 2732 Pompeius,

116 2749 176 2769 nec
200 2738 325 2775 Brutus,
367 2737 493 2768 credere
520 2736 695 2766 voluerunt.
739 2736 883 2766 Suaserat

119 2781 202 2812 enim
226 2782 341 2812 Caesari
365 2786 398 2811 et
421 2779 586 2820 Pompeio,
614 2784 649 2810 ut
677 2789 724 2809 res
747 2778 828 2808 inter
850 2789 882 2809 se

115 2830 355 2868 componerent,
386 2829 418 2856 et
441 2824 553 2862 Bruto,
582 2829 616 2854 ut
637 2821 777 2855 Antonio
803 2821 883 2854 diffi-

928 1917 1019 1950 divit.

972 1962 1004 1992 5.
1057 1959 1272 1990 Liber-atoribus
1306 1958 1438 2000 nustria]
1498 1959 1693 1991 Liberatores

930 2002 1072 2051 appellat
1094 2003 1240 2041 Brutum,
1264 2002 1418 2037 Cassium,
1452 2002 1593 2043 aliosque
1616 2008 1692 2034 con*-

923 2052 1054 2087 Jurat0s‚
1085 2046 1152 2087 qui,
1180 2046 1345 2076 interfecto
1379 2044 1512 2081 Caesare,
1534 2045 1566 2076 in
1591 2038 1694 2088 Capi-

931 2089 1038 2119 tolium
1055 2100 1088 2119 se
1104 2094 1299 2129 receperunt.

976 2135 1026 2163 11.
1038 2132 1120 2181 ‘Post
1134 2133 1209 2162 diem
1225 2132 1374 2172 tertium]
1420 2131 1453 2163 N
1456 2131 1547 2173 emp'e
1563 2131 1582 2162 ’ἂ
1597 2136 1694 2164 morte

932 2175 1167 2250 CZSSTISiAEdem
1184 2217 1335 2258 Telluris]
1379 2217 1431 2249 De
1448 2217 1486 2248 ea
1501 2218 1618 2250 dictum
1634 2224 1693 2257 est,

930 2262 1046 2303 Philip.
1064 2263 1093 2292 I.
1110 2263 1222 2302 Parag.
1237 2261 1265 2291 I.
1282 2266 1347 2293 not.
1362 2262 1402 2291 ad
1420 2262 1440 2293 l.
1452 2263 1484 2292 7.

972 2308 1027 2336 13.
1051 2304 1246 2344 obsideo-ent]
1266 2304 1560 2345 M.Lepidus‚post
1571 2305 1689 2335 caedem

930 2348 1075 2397 Caesaris,
1101 2359 1156 2390 per
1186 2353 1309 2378 noctem
1339 2348 1438 2378 forum
1467 2347 1614 2378 militibus
1642 2358 1689 2378 re·

926 2391 1036 2465 Ple1v'71i·
1067 2433 1113 2464 M.
1140 2435 1261 2464 Antonii
1285 2433 1416 2473 filium]
1462 2431 1511 2463 Μ.
1533 2431 1687 2464 Antonius

924 2477 1020 2507 filiuni
1046 2477 1184 2508 obsidem
1210 2478 1243 2507 in
1273 2475 1462 2517 Capitolium
1489 2476 1527 2505 ad
1553 2475 1685 2507 Brutum

924 2520 1062 2576 miserat,
1079 2521 1117 2550 de
1133 2531 1195 2561 quo
1211 2520 1326 2560 Philip.
1342 2519 1371 2549 Ι.
1393 2519 1505 2559 Parag.
1521 2518 1550 2549 I.
1565 2523 1631 2550 not.
1646 2520 1687 2550 ad

925 2562 945 2594 l·
964 2567 1290 2646 i}.Baae1zbaliorzis.]
1335 2605 1387 2635 De
1409 2603 1468 2634 isto
1481 2604 1688 2637 Bambalione

925 2648 1042 2679 dictum
1067 2654 1124 2684 est,
1148 2649 1266 2689 Philip.
1283 2647 1331 2680 ΙΙ.
1354 2647 1466 2688 Parag.
1482 2647 1529 2678 II.
1557 2654 1623 2680 not.
1646 2649 1688 2680 ad

924 2692 1134 2766 1.ῗ1).Νοη
1159 2735 1297 2765 diuturni
1320 2736 1456 2776 magister
1479 2733 1593 2777 officii-J
1637 2735 1691 2768 Ti-

926 2788 992 2852 iiii:
1014 2778 1155 2810 homines
1182 2778 1214 2811 in
1240 2778 1340 2810 officio
1364 2778 1516 2817 continet,
1543 2779 1598 2810 sed
1625 2788 1690 2817 non
