1838 3017
740 153 802 193 Dr:
823 153 1050 195 AmcrriA‘.
1578 156 1662 205 501

97 238 122 280 a
137 239 192 288 Q.
206 238 430 282 Tuberone
447 238 772 296 aequalibusque
795 240 945 282 amicis
963 239 1216 282 derelictum
1231 238 1494 282 videbamus.
1528 240 1589 283 At
1603 236 1659 284 C·

96 295 286 348 Blosius,
308 296 540 344 Cumanus,
572 296 730 352 hospes
752 297 924 338 familia¹
945 304 1110 347 vestrae,
1143 296 1350 348 Scaevola,
1379 296 1475 339 cum
1495 298 1551 339 ad
1572 312 1658 349 me,

96 353 172 410 qui
203 354 375 395 aderam
407 352 569 393 Laenati
601 361 644 394 et
666 353 840 408 Rupilio
873 353 1123 395 consulibus
1154 353 1197 395 in
1229 353 1424 405 consilio,
1455 353 1658 411 depreca-

94 416 185 451 tum
206 410 407 456 venisset,
439 410 563 459 hanc,
597 417 645 450 ut
672 409 754 450 sibi
776 410 1058 467 ignoscerem,
1090 424 1265 451 causam
1284 410 1506 463 afferebat,
1567 409 1656 453 ιιὸᾶ

94 465 203 508 tanti
224 466 319 508 Tib.
343 466 590 508 Gracchum
618 466 807 518 fecisset,
839 473 899 517 ut,
931 467 1140 523 quidquid
1171 467 1240 508 ille
1271 467 1415 518 vellet,
1446 424 1657 510 sibiiaci-

91 523 249 564 endum
279 530 462 578 putaret.
521 522 631 564 Tum
661 538 767 579 ego:
801 523 1014 574 Etiamne,
1047 523 1082 564 si
1114 530 1154 565 te
1187 524 1230 564 in
1250 523 1514 578 Capitolium
1536 524 1655 566 faces

93 579 200 621 ferre
235 579 394 621 vellet?
455 579 703 635 Nunquam,
737 580 887 636 inquit,
919 579 1127 621 voluisset
1158 579 1202 620 id
1233 579 1422 635 quidem.
1483 580 1585 631 Sed,
1617 579 1656 622 si

91 635 325 677 voluisset?
358 635 619 677 Paruissem.
650 636 833 686 Videtis,
856 635 987 691 quum
1008 635 1167 676 nefaria
1187 649 1296 676 vox:
1328 643 1372 677 et
1391 635 1570 689 (hercle)
1595 636 1657 678 ita

92 691 211 743 fecit,
233 693 299 734 vel
317 694 411 749 plus
429 693 557 734 etiam
571 692 703 749 quam
718 693 847 733 dixit:
881 706 966 732 non
983 691 1097 731 enim
1114 690 1254 746 paruit
1266 691 1336 732 ille
1352 691 1443 733 Tib.
1465 692 1655 734 Gracchi

93 749 337 801 temeritati,
368 749 445 790 sed
476 749 669 804 praefuit:
701 763 782 789 nec
813 762 858 789 se
890 747 1092 788 comitem
1123 747 1239 789 illius
1270 747 1438 796 furoris,
1469 749 1545 790 sed
1576 749 1657 790 du·

91 818 200 856 cem,
221 805 417 861 praebuit.
477 806 645 861 Itaque,
667 804 751 845 hac
772 803 975 852 amenti-21,
998 803 1234 859 quaestione
1254 804 1368 846 novit
1389 805 1654 860 perterritus,

91 861 136 902 in
154 861 301 902 Asiam
319 861 530 917 profugit3
552 861 606 902 ad
623 861 770 902 hostes
788 875 834 902 se
849 859 1053 911 contulit3
1076 875 1228 916 poenas
1242 861 1486 917 reipublicae
1503 874 1654 925 graves

86 917 315 974 J'ustasque
326 917 544 974 persolvit.
559 918 691 959 Nulla
699 925 765 959 est
778 917 1138 972 igiturexcusatio
1150 918 1333 973 peccati,
1343 917 1378 958 si
1390 917 1513 959 amici
1525 916 1658 960 causa.

92 974 365 1031 peccaveris:
398 989 512 1025 nam,
530 974 628 1016 cum
650 973 920 1016 conciliatrix
942 973 1141 1015 amicitiae
1163 973 1330 1015 virtutis
1347 973 1493 1030 opinio
1515 973 1656 1026 fuerit,

94 1031 270 1072 difficile
301 1037 368 1072 est
397 1031 632 1072 amicitiam
661 1045 847 1081 manere,
879 1030 914 1071 si
947 1029 972 1070 a
997 1030 1148 1071 virtute
1180 1030 1403 1072 defeceris.
1465 1029 1595 1079 Quod
1616 1030 1656 1073 si

92 1094 256 1129 rectum
287 1087 577 1139 statuerimus,
616 1087 683 1129 vel
715 1086 952 1128 concedere
983 1086 1135 1127 amicis
1165 1086 1377 1143 quidquid
1410 1087 1557 1137 velint,
1587 1084 1655 1130 vel

93 1144 321 1201 impetrare
342 1145 396 1186 ab
417 1144 469 1185 iis
490 1144 703 1201 quidquid
724 1143 916 1191 velimus,
944 1143 1137 1198 perfecta
1159 1143 1333 1199 quidem
1354 1143 1568 1200 sapientia
1588 1159 1658 1186 su—

93 1215 205 1252 mus,
238 1201 275 1242 si
305 1200 413 1242 nihil
444 1201 602 1242 habeat
631 1215 697 1242 res
728 1200 845 1242 vitii:
883 1201 960 1240 sed
991 1199 1207 1256 loquimur
1237 1200 1290 1241 de
1321 1200 1374 1240 iis
1405 1200 1554 1242 amicis
1579 1199 1657 1257 qui

94 1264 194 1299 ante
215 1258 364 1299 oculos
385 1264 498 1309 sunt,
530 1271 639 1314 quos
661 1257 870 1306 videmus,
903 1262 977 1296 aut
1009 1256 1062 1297 de
1091 1256 1247 1311 quibus
1269 1255 1516 1297 memoriam
1535 1270 1657 1299 acce—

92 1314 249 1369 pimus,
281 1320 354 1355 aut
384 1328 493 1370 quos
525 1314 645 1355 novit
673 1313 762 1354 vita
793 1312 1048 1354 communis.
1109 1312 1176 1353 Ex
1207 1312 1292 1355 hoc
1324 1327 1500 1354 numero
1531 1313 1657 1355 nobi's

94 1371 290 1428 exempla
310 1371 520 1412 sumenda
539 1378 654 1421 sunt,
686 1377 729 1412 et
756 1384 901 1411 eorum
931 1369 1106 1425 quidem
1133 1368 1336 1420 maxime,
1367 1369 1442 1426 qui
1465 1369 1519 1410 ad
1540 1369 1659 1426 sapi-

92 1427 253 1469 entiam
284 1426 477 1484 proxime
497 1427 725 1469 accedunt.
785 1427 995 1468 Videmus
1018 1425 1186 1481 Papum
1214 1425 1435 1467 AEmilium
1466 1425 1518 1467 C.
1552 1426 1660 1468 Lus·

94 1483 193 1525 cino
213 1484 467 1526 familiarem
488 1483 621 1525 fuisse
654 1483 737 1538 (sic
760 1482 785 1524 εἴ
806 1482 1000 1539 patribus
1031 1482 1312 1537 accepimus),
1343 1482 1411 1524 bis
1441 1481 1527 1524 una
1556 1488 1660 1524 con·

95 1541 225 1592 sules,
257 1547 301 1585 et
320 1541 511 1597 collegas
532 1540 576 1581 in
598 1540 800 1582 censura:
832 1547 923 1580 tum
953 1545 997 1580 et
1026 1553 1125 1579 cum
1155 1538 1223 1590 iis,
1255 1546 1298 1580 et
1327 1538 1438 1580 inter
1466 1553 1526 1589 se,
1557 1553 1659 1580 con-

86 1597 387 1654 junctissimos
409 1597 543 1638 fuisse
559 1596 757 1638 Manium
774 1596 950 1637 Curium
964 1604 1008 1636 et
1020 1595 1069 1636 T.
1085 1594 1421 1647 Coruncanium,
1442 1594 1661 1646 memoriae.

94 1654 310 1709 proditum
331 1659 418 1694 est:
449 1653 582 1710 igitur
601 1668 655 1694 ne
687 1652 897 1709 suspicari
922 1651 1096 1708 quidem
1121 1666 1364 1707 possumus,
1396 1666 1660 1708 quemquam

94 1711 247 1752 horum
266 1711 320 1752 ab
340 1709 479 1751 amico
497 1709 716 1766 quidpiam
737 1708 1028 1760 contendisse,
1050 1709 1166 1765 quod
1184 1715 1334 1749 contra
1346 1708 1493 1759 fidem,
1510 1713 1661 1750 contra

87 1767 406 1824 jusjurandum,
416 1774 566 1808 contra
579 1766 886 1822 rempublicam
900 1771 1031 1806 esset:
1055 1779 1155 1806 nam
1163 1765 1248 1806 hoc
1257 1764 1430 1820 quidem
1444 1764 1488 1805 in
1501 1764 1660 1806 talibus

93 1823 194 1865 viris
216 1823 319 1880 quid
339 1823 494 1865 attinet
522 1822 679 1874 dicere,
713 1822 761 1864 Sa·
781 1823 1080 1871 contendisset,
1111 1823 1196 1863 scio
1216 1824 1551 1875 impetraturam
1572 1835 1663 1863 non

82 1882 260 1936 fuisse?
293 1879 392 1921 cum
422 1879 485 1920 illi
513 1879 778 1921 sanctissimi
807 1878 885 1920 viri
915 1878 1099 1930 fuerint3
1133 1876 1255 1934 aeque
1283 1883 1428 1919 autem
1447 1878 1569 1920 nefas
1590 1877 1660 1928 sit,

94 1938 181 1978 tale
209 1936 374 1992 aliquid
403 1943 447 1977 et
474 1937 614 1977 facere
643 1943 856 1992 rogatum,
888 1942 933 1976 et
961 1948 1124 1990 rogare.
1185 1935 1245 1975 At
1275 1933 1376 1975 vero
1407 1933 1504 1976 Tib.
1527 1934 1663 1976 Grac-

96 1993 225 2034 chum
245 1991 537 2048 sequebantur
558 1992 608 2033 C.
632 1991 789 2043 Carbo,
821 1991 873 2032 C.
895 1990 1020 2041 Cato,
1049 1998 1092 2032 et
1110 1990 1353 2044 [minimus]
1373 1997 1464 2032 tum
1484 1990 1662 2047 quidem

96 2049 230 2091 Caius
253 2049 395 2100 frater,
426 2062 541 2090 nunc
561 2047 677 2089 idem
698 2048 946 2089 acerrimus.
1645 2064 1649 2069 >

155 2106 262 2148 XII.
293 2105 399 2146 Haec
420 2105 550 2160 igitur
569 2105 639 2146 lex
658 2105 703 2144 in
731 2103 922 2145 amicitia
951 2102 1182 2154 sanciatur,
1213 2107 1263 2144 ut
1291 2116 1433 2159 neque
1460 2108 1661 2159 rogemus

96 2178 164 2205 res
197 2170 358 2218 turpeS,
388 2176 470 2203 nec
500 2161 708 2202 faciamus
737 2160 901 2217 rogati3
938 2159 1074 2215 turpis
1111 2159 1227 2201 enim
1261 2158 1483 2202 excusatio
1514 2166 1582 2202 est
1617 2164 1664 2202 et

97 2218 271 2261 minime
292 2217 558 2274 accipienda,
589 2217 687 2259 cum
708 2217 752 2257 in
774 2217 940 2258 caeteris
967 2216 1173 2272 peccatis,
1204 2223 1296 2258 tum
1327 2215 1364 2257 si
1394 2216 1490 2272 quis
1512 2224 1664 2258 contra

96 2275 409 2332 rempublicam
422 2289 468 2316 se
483 2274 608 2316 amici
625 2273 758 2316 cansa
771 2273 926 2315 fecisse
936 2273 1130 2314 fateatur.
1162 2272 1335 2315 Etenim
1345 2287 1396 2314 eo
1405 2274 1518 2325 loco,
1527 2272 1663 2315 Fanni

96 2340 142 2376 et
172 2332 383 2383 Scaevola,
416 2331 547 2373 locati
577 2345 740 2381 sumus,
775 2337 824 2371 ut
850 2345 929 2372 nos
953 2328 1083 2386 longe
1112 2329 1355 2386 prospicere
1385 2336 1583 2386 oporteat
1600 2329 1664 2371 fu-

95 2395 216 2432 turos
234 2403 360 2432 casus
375 2387 640 2444 reipublicae.
681 2386 873 2429 Deflexit
889 2386 1000 2428 enim
1017 2387 1110 2442 jam
1123 2386 1438 2442 aliquantulum
1452 2387 1506 2429 de
1520 2385 1663 2443 spatio

98 2447 400 2502 curriculoque
423 2444 692 2486 consuetudo
715 2444 937 2500 majorum.
983 2442 1078 2484 Tib.
1093 2442 1316 2484 Gracchus
1337 2457 1517 2500 regnum
1538 2448 1665 2484 occu'-

97 2518 198 2560 pare
220 2510 402 2546 conatus
425 2507 513 2552 est3
544 2501 611 2542 vel
632 2500 827 2557 regnavit
847 2500 882 2541 is
904 2499 1079 2556 quidem
1098 2514 1259 2555 paucos
1285 2514 1469 2541 menses.
1547 2498 1664 2540 Num

100 2560 205 2617 quid
216 2558 359 2601 simile
374 2558 563 2615 populus
580 2557 803 2598 Romanus
820 2557 1026 2607 audierat,
1040 2564 1114 2597 aut
1126 2556 1316 2597 viderat?
1377 2556 1519 2603 Hunc,
1535 2554 1665 2596 etiam

98 2622 201 2672 post
217 2622 414 2666 mortem,
428 2614 568 2656 secuti
584 2614 712 2655 amici
729 2621 772 2655 et
787 2612 1015 2670 proqinqui
1037 2612 1142 2669 quid
1156 2612 1200 2653 in
1214 2613 1266 2654 P.
1281 2611 1484 2652 Nasicam
1497 2610 1665 2667 Scipio-

99 2687 199 2714 nem
213 2671 451 2723 effecerint,
463 2671 556 2712 sine
570 2670 772 2728 lacrymis
783 2684 869 2711 non
877 2683 989 2726 queo
1003 2669 1167 2711 dicere:
1190 2683 1288 2710 nam
1296 2668 1665 2724 Carbonem‚quo-

100 2743 188 2792 quo
208 2728 338 2771 modo
360 2728 595 2785 potuimus,
626 2733 799 2784 propter
818 2732 1035 2768 recentem
1053 2739 1226 2783 poenam
1241 2724 1334 2766 Tib.
1352 2723 1554 2776 Gracchi,
1575 2729 1666 2765 sus'-

100 2785 324 2829 tinuimus.
389 2784 458 2828 De
473 2784 526 2830 C.
542 2783 731 2827 Gracchi
753 2788 895 2880 autgm
915 2782 1150 2881 tssibunatu,
1171 2781 1277 2838 quid
1297 2787 1560 2839 exspectem,
1579 2792 1636 2824 no

876 2853 910 2882 M
1627 2863 1630 2866 ‹
