1790 3090
99 163 181 205 148
781 165 874 199 PRO
898 165 1108 201 MURENA.

172 240 298 293 Nam,
330 241 427 283 cum
447 241 619 298 praemia
636 240 742 283 mihi
758 248 877 285 tanta
892 258 967 301 pro
983 243 1065 285 hac
1084 243 1296 286 industria
1317 243 1404 286 sint
1425 244 1540 295 data,
1561 250 1726 301 quauta

171 298 300 339 antea
315 299 491 349 nemini3
523 299 705 350 labores,
725 315 802 355 per
821 315 929 355 quos
948 315 998 341 ea
1014 301 1193 357 ceperis,
1225 300 1323 342 cum
1353 300 1534 357 adeptus
1555 302 1630 352 sis,
1652 302 1725 343 de-r

169 370 338 410 ponere,
354 361 468 395 esset
488 354 674 395 hominis
693 364 736 396 et
754 357 884 397 astuti
905 364 948 397 et
966 358 1135 412 ingrati.
1195 357 1322 405 Quod
1338 358 1374 399 si
1394 358 1498 399 licet
1513 357 1724 408 desinere,

171 412 207 452 si
229 419 270 452 te
297 418 470 452 auctore
492 425 682 466 possum,
714 412 750 452 si
776 413 891 452 nulla
913 412 1086 464 inertiae,
1106 413 1222 453 nulla
1255 415 1466 469 superbiae
1486 413 1724 469 turpitudo,

98 466 153 506 45
172 469 286 508 nulla
323 467 648 508 inhumanitatis
667 469 808 523 culpa,
842 468 1086 523 suscipitur,
1119 483 1200 531 ego
1225 469 1325 511 vero
1359 470 1541 512 libenter
1560 470 1725 511 desino.

172 524 247 563 Sin
262 532 403 564 autem
424 524 526 580 fuga
538 524 695 565 laboris
718 524 941 574 desidiam,
955 524 1193 580 repudiatio
1204 526 1446 580 supplicum
1461 525 1722 582 superbiam,

171 582 406 621 amicorum
427 581 639 637 neglectio
667 581 999 636 improbitatem,
1022 581 1234 637 coarguit;
1264 581 1462 624 nimirum
1483 583 1577 624 haec
1593 594 1725 624 causa

171 643 238 678 est
259 637 483 692 ejusmodi,
498 652 626 693 quam
645 652 728 678 nec
747 637 997 688 industrius,
1011 651 1091 679 nec
1113 636 1367 689 misericors,
1387 653 1468 680 nec
1490 639 1723 690 officiosus,

171 693 363 734 deserere
386 694 534 748 possit.
577 694 721 750 Atque
735 694 912 749 hujusce
935 694 993 735 rei
1015 694 1306 750 conjecturam
1322 695 1375 735 de
1396 701 1470 736 tuo
1486 695 1621 750 ipsius
1634 702 1724 736 stu-

97 747 153 789 50
171 750 258 800 dio,
280 750 413 800 Servi,
436 750 635 791 facillime
653 751 830 806 ceperis,
891 750 1016 802 Nam,
1031 750 1067 791 si
1083 750 1162 792 tibi
1176 763 1354 792 necesse
1370 758 1497 806 putas
1511 751 1640 792 etiam
1649 752 1723 792 ad*

169 806 364 847 versariis
386 807 619 848 amicorum
639 813 808 848 tuorum
830 807 882 847 de
899 807 995 862 jure
1017 807 1339 848 consulentibus
1360 807 1634 863 respondean
1665 814 1723 858 et,

170 862 205 902 si
226 869 348 918 turpe
365 863 599 914 existimas,
621 869 663 904 te
679 863 905 914 advocato,
921 863 1043 904 illum
1057 863 1211 919 ipsum,
1227 878 1354 919 quem
1376 871 1525 905 contra
1543 863 1724 915 veneris,-

169 918 327 959 ecausa
345 919 517 969 cadere;
548 919 636 960 noli
664 926 752 960 tam
774 934 866 960 esse
895 919 1092 975 injustus,
1114 927 1176 971 ut,
1198 919 1296 961 cum
1316 919 1379 961 tui
1399 920 1540 962 fontes
1561 919 1723 962 velini-

169 974 293 1015 micis
313 974 398 1015 tuis
415 982 603 1030 pateant,
619 983 787 1016 nostros
809 975 965 1016 rivulos
982 975 1110 1017 etiam
1124 976 1274 1017 amicis
1295 983 1420 1032 putes
1440 977 1609 1018 clausos
1626 988 1722 1019 esse

97 1030 151 1070 55
170 1037 379 1086 oportere.
426 1030 612 1080 Etenim,
635 1030 670 1071 si
689 1046 757 1072 me
778 1037 852 1072 tua
867 1031 1133 1073 familiaritas
1148 1032 1201 1073 ab
1217 1032 1300 1073 hac
1312 1033 1442 1073 causa
1455 1033 1721 1085 removisset,

169 1094 213 1127 et
233 1087 266 1127 si
288 1087 371 1127 hoc
390 1087 504 1128 idem
522 1087 575 1135 Q.
594 1087 841 1138 Hortensio,
874 1087 940 1128 M.
960 1087 1130 1138 Crasso,
1152 1088 1398 1128 clarissimis
1426 1088 1540 1139 viris,
1560 1089 1595 1129 si
1616 1089 1722 1131 item

167 1143 348 1194 caeteris,
373 1143 398 1183 a
420 1144 572 1199 quibus
594 1143 787 1199 intelligo
809 1150 928 1184 tuam
948 1143 1129 1199 gratiam
1145 1144 1287 1199 magni
1308 1144 1523 1195 aestimari,
1539 1144 1722 1187 accidis·-

167 1205 251 1249 set;
282 1199 326 1240 in
358 1199 410 1240 ea
437 1199 609 1241 civitate
630 1200 779 1240 consul
803 1199 1052 1255 designatus
1075 1199 1341 1241 defensorem
1361 1214 1447 1241 non
1467 1201 1657 1253 haberet,
1678 1201 1724 1243 in

167 1254 250 1310 qua
278 1256 437 1297 nemini
459 1271 645 1311 unquam
666 1256 812 1296 infimo
833 1257 1015 1312 majores
1032 1256 1164 1297 nostri
1182 1263 1407 1312 patronum
1434 1258 1584 1299 deesse
1605 1258 1722 1300 volu—

94 1312 148 1353 60
167 1319 301 1353 erunt.
362 1312 457 1368 Ego
480 1312 591 1360 vero,
607 1312 793 1368 judices,
816 1312 907 1369 ipse
929 1328 996 1354 me
1017 1313 1305 1354 existimarem
1321 1313 1544 1365 nefarium,
1565 1314 1601 1355 si
1617 1314 1722 1355 amia

166 1383 234 1420 co,
254 1369 481 1419 crudelem,
501 1369 536 1410 si
552 1369 722 1420 misero,
744 1370 989 1424 superbum,
1006 1369 1042 1410 si
1064 1369 1243 1420 consuli,
1265 1369 1511 1412 defuissem.
1562 1369 1721 1422 Quare,

165 1426 281 1480 quod
299 1425 487 1466 dandum
517 1432 582 1466 est
603 1425 816 1476 amicitiae,
848 1426 965 1482 large
983 1426 1153 1467 dabitur
1183 1425 1209 1467 a
1235 1441 1323 1478 me3
1354 1433 1403 1468 ut
1418 1435 1559 1468 tecum
1580 1441 1722 1483 agam,

166 1480 300 1532 Servi,
320 1496 408 1523 non
428 1481 553 1523 secus
573 1497 624 1524 ac
645 1482 680 1523 si
701 1497 820 1523 meus
841 1489 957 1524 esset
976 1483 1104 1524 frater
1131 1482 1226 1538 (qui
1246 1482 1351 1523 mihi
1371 1489 1437 1524 est
1457 1482 1723 1538 carissimus)

163 1537 246 1578 isto
264 1537 306 1577 in
322 1539 440 1579 loco:
462 1538 860 1594 quodtribuendum
874 1545 941 1579 est
960 1538 1117 1589 officio,
1129 1537 1247 1590 fidei,
1266 1538 1475 1595 religioni,
1497 1538 1542 1580 id
1556 1539 1617 1580 ita
1629 1549 1721 1581 moi

91 1594 144 1634 65
164 1593 356 1643 derabor,
377 1602 425 1636 ut
440 1595 704 1637 meminerim
723 1609 806 1647 me,
829 1601 979 1637 contra
995 1594 1123 1637 amici
1144 1595 1348 1648 studium,
1369 1609 1447 1652 pro
1467 1592 1595 1638 amici
1611 1596 1721 1653 peri:

161 1650 260 1692 culo
280 1650 436 1693 dicere.

773 1828 788 1846 θ
795 1823 973 1877 perdere
992 1825 1121 1865 litem.

202 2009 255 2036 41.
278 2006 404 2037 Praemia
421 2007 530 2047 tantm]
554 2007 690 2038 Videtur
704 2008 755 2038 hic
770 2008 911 2039 indicare
998 2010 1052 2038 52.
1077 2006 1114 2037 Te
1125 2006 1292 2047 advocato]
1324 2006 1505 2038 Advocatus
1522 2007 1646 2044 dicitur,
1662 2008 1717 2050 qui

160 2048 280 2084 Cicero,
305 2056 431 2089 propter
445 2050 638 2080 defendendi
663 2050 799 2080 studium
815 2056 846 2080 et
868 2051 912 2080 la-
955 2055 1009 2080 aut
1022 2050 1054 2079 in
1066 2049 1251 2090 judiciojus
1269 2048 1416 2089 suggerit,
1439 2054 1494 2080 aut
1511 2050 1611 2081 amico
1629 2061 1717 2082 suam

158 2091 246 2121 bores
263 2103 295 2122 se
310 2093 425 2122 factum
439 2092 595 2122 consulein
611 2093 718 2124 fuisse.
955 2092 1149 2132 praesentiam
1166 2092 1364 2122 commodat:
1380 2091 1439 2131 >hic
1454 2092 1549 2134 priori
1561 2093 1716 2135 significa-

200 2136 253 2165 43.
277 2136 377 2164 Astztti
390 2141 417 2164 et
432 2136 571 2176 ingrati]
617 2134 748 2165 Astutus
765 2140 797 2164 et
808 2135 911 2176 ingra-
955 2135 1041 2165 tione
1056 2135 1196 2167 sumitur.

157 2181 205 2206 tus
232 2183 289 2209 est.
313 2178 364 2218 qni
390 2178 550 2207 frustratur
577 2178 728 2219 populum
760 2177 852 2208 Rom.
879 2183 912 2208 et
999 2177 1047 2208 Ib.
1103 2178 1196 2212 Quem
1211 2184 1312 2208 contra
1326 2178 1462 2218 veneris.]
1506 2177 1632 2218 Nempe
1656 2179 1714 2209 ad-

156 2219 274 2249 tantuin
291 2222 329 2249 ad
356 2226 476 2260 tempus
496 2221 539 2250 illi
556 2222 680 2251 insewit
695 2221 848 2251 commodi
863 2222 909 2251 sui
954 2220 1120 2251 versarium
1135 2221 1226 2251 amici
1252 2221 1308 2256 tui,
1328 2225 1434 2251 contra
1449 2231 1542 2263 quem
1558 2218 1619 2252 alio
1634 2227 1712 2253 tem-

156 2262 269 2292 causa:
295 2262 445 2303 affertque
472 2263 567 2303 ipsius
584 2263 711 2303 Sulpicii
734 2264 909 2303 exemplum
955 2274 1041 2305 pore,
1054 2264 1085 2293 in
1099 2263 1307 2303 aiiojudici0,
1324 2264 1454 2294 veneris.

156 2306 195 2334 ad
213 2306 420 2335 excusandam
435 2306 645 2336 defensionem
658 2317 758 2344 suam,
783 2307 836 2347 qui
855 2306 908 2346 ju-
996 2309 1049 2337 53.
1073 2306 1175 2336 Fontes
1189 2307 1232 2337 vel
1247 2308 1371 2336 inimicis
1386 2308 1443 2337 tuis
1452 2306 1602 2347 pateant]
1632 2305 1711 2338 Tam

154 2346 365 2378 ris-consultus
387 2348 469 2388 saepe
493 2350 679 2389 respondere
703 2349 834 2379 inimicis
850 2349 912 2379 suis
956 2354 1062 2381 sancta
1077 2349 1135 2379 fuit
1150 2350 1235 2390 apud
1250 2349 1318 2379 illos
1331 2349 1532 2389 veteresjuris
1546 2349 1711 2394 professio,

154 2394 277 2420 tenetur
301 2391 341 2420 de
362 2393 450 2430 jure:
490 2401 544 2421 cur
567 2391 660 2432 igitur
686 2392 778 2421 etiarn
811 2397 913 2422 orator
955 2398 1040 2422 utne
1063 2392 1191 2432 quiden]
1214 2391 1368 2433 iuimicisj
1379 2391 1572 2423 uriscousulti
1583 2401 1711 2434 respon-

154 2432 270 2463 amicos
284 2443 345 2463 non
363 2433 535 2465 defendat?
957 2445 1025 2465 sum
1039 2439 1199 2475 negarent.

825 2597 1040 2630 PARTITIO

215 2717 322 2757 Tres
342 2717 467 2757 habet
480 2722 640 2769 partes.
706 2715 740 2756 l.
764 2716 959 2757 illurena
993 2730 1081 2757 non
1115 2721 1181 2757 est
1216 2717 1608 2770 reprehendendus.
1665 2718 1705 2759 2.

151 2773 255 2813 Non
275 2778 337 2814 est
356 2774 536 2827 inferior
558 2774 753 2826 Sulpicio
774 2774 998 2826 dignitate.
1058 2772 1099 2814 3.
1131 2773 1236 2814 Non
1255 2778 1318 2815 est
1338 2775 1520 2816 ambires
1536 2774 1648 2816 reto&
