1838 3017
734 104 999 139 PHILIPPICA
1022 105 1070 138 11.

114 195 254 225 meam
272 180 544 227 “ventitaras

112 239 331 296 pudicitiae
348 246 431 281 tuae
445 237 761 292 consuluisses3
791 239 869 281 sed
884 254 966 281 nec
982 240 1137 289 fecisti,
1159 255 1254 292 nec,
1277 242 1313 283 si
1331 256 1524 298 cuperes,
1547 242 1625 284 tibi
1644 244 1688 286 id

113 310 189 352 per
209 296 260 338 C.
283 296 512 338 Curionem
534 296 674 337 facere
696 296 902 338 licuisset.

114 354 383 396 concessisse
417 352 578 394 dixisti.

962 297 1210 353 Auguratns
1238 298 1492 354 petitionem
1521 298 1623 340 mihi
1647 307 1688 342 te
1713 297 1764 340 15

639 352 676 393 O
710 353 1005 395 incredibilem
1038 355 1280 396 audaciam!
1319 371 1344 396 o
1377 355 1689 412 impudentiam

111 410 452 465 praedicandam!
504 410 601 458 Quo
624 410 736 451 enini
757 418 947 467 tempore
972 426 1036 452 me
1070 426 1287 467 augurem,
1321 411 1347 452 Ξι
1379 420 1471 454 toto
1504 414 1689 470 collegio

112 467 363 523 expetitum,
386 466 466 508 Cn.
489 466 723 523 Pompeius
747 475 790 509 et
810 468 865 516 Q.
887 468 1145 509 Hortensius
1167 469 1507 521 nominaverunt,
1530 474 1689 526 (neque

113 525 229 566 enim
248 524 410 566 licebat
440 523 466 565 ’ἐι
492 524 684 580 pluribus
713 525 941 576 nominari)
972 540 1052 567 nec
1082 531 1129 565 tu
1159 526 1366 567 solvendo
1397 541 1504 577 eras,
1537 542 1617 568 nec
1647 535 1690 569 te

108 581 198 622 ullo
217 581 363 633 modo,
393 580 477 622 nisi
498 581 647 623 eversa
667 581 902 638 republica,
932 581 1193 623 incolumem
1224 582 1313 623 fore
1344 583 1540 638 putabaS.

108 642 222 680 teras
252 644 399 680 autem
430 652 480 680 eo
511 644 704 695 tempore
736 644 991 694 auguratum
1018 645 1177 693 petere,
1208 637 1306 679 cum
1336 638 1380 679 in
1409 638 1536 680 Italia
1559 639 1689 683 Curio

107 708 197 736 non
227 695 371 737 esset?
416 702 492 737 aut
531 702 638 746 tum,
680 694 779 737 cum
816 709 862 736 es
894 694 1050 745 sactus,
1093 700 1244 736 eunam
1276 694 1432 736 tribum
1467 695 1559 738 sine
1602 696 1690 739 Cu-

105 751 225 795 rione
259 752 367 794 ferre
406 751 648 808 potuisses?
697 751 819 807 cujus
863 751 994 793 etiam
1031 750 1259 793 familiares
1300 751 1355 793 de
1399 751 1441 793 vi
1487 754 1691 797 condem-

108 809 201 850 nati
236 815 350 861 sunt,
381 807 498 864 quod
529 808 592 849 tui
624 807 751 849 nimis
783 808 966 850 studiosi
996 807 1195 850 fuissent.

107 879 213 908 usus
234 872 325 907 tuo.
355 864 478 914 Quo?
507 864 775 922 quamquam
793 865 903 907 illud
917 865 1074 922 ipsum,
1096 865 1215 921 quod
1234 880 1560 920 commemoras,
1582 883 1691 911 sem·
1709 871 1766 912 25

680 922 818 964 Malui
863 937 931 964 me
976 921 1056 964 tibi
1099 923 1254 965 debere
1297 924 1507 975 confiteri,
1559 925 1692 982 quam

109 937 186 986 per
207 975 211 978 .
234 921 337 979 ‘prae
387 937 455 964 me
503 922 599 964 tuli.

1254 808 1315 849 At
1347 808 1559 852 beneficio
1595 825 1692 853 sum

110 994 314 1036 cuiquam
333 979 475 1022 minus
496 979 694 1037 prudenti
718 994 806 1021 non
827 981 930 1021 satis
952 986 1100 1035 gratus
1120 979 1271 1022 videri.
1332 979 1430 1044 Sed·
1447 996 1531 1037 quo
1563 983 1694 1025 bene-

110 1036 240 1078 ficio?
287 1037 403 1093 quod
441 1051 510 1078 me
553 1036 772 1078 Brundisii
810 1051 898 1079 non
938 1035 1174 1078 occideris?

1246 1037 1388 1086 Quem
1420 1053 1512 1095 lpse
1558 1040 1694 1082 victor

110 1095 205 1156 (qui
251 1093 348 1144 tibi,
399 1100 448 1136 ut
495 1100 588 1136 tute
634 1093 807 1150 gloriari
851 1094 1039 1143 solebas,
1090 1094 1302 1136 detulerat
1352 1108 1405 1136 ex
1455 1096 1694 1140 latronibus

110 1165 197 1193 suis
218 1150 522 1209 principatum)
554 1150 721 1194 salvum
741 1165 836 1194 esse
858 1150 1081 1203 voluisset,
1112 1150 1158 1194 in
1188 1151 1360 1195 Italiam
1388 1152 1449 1194 ire
1472 1153 1695 1210 jussisset,
1712 1155 1770 1198 30

562 1321 897 1380 ‘flequentdraa

106 1386 217 1434 Prion
231 1382 448 1437 potuisses
468 1382 657 1425 obtinere
671 1384 934 1438 szffugium
952 1382 1090 1424 unius
1110 1384 1256 1425 tribus.

153 1554 207 1586 15.
229 1553 289 1584 Per
305 1553 337 1584 C.
357 1552 540 1594 curionem]
584 1551 726 1584 Denotat
736 1552 879 1584 Curionis

108 1598 218 1635 filium,
234 1597 300 1638 qui,
315 1597 539 1629 consuetudine
552 1595 694 1632 Antonii,
716 1597 760 1626 ita
776 1598 881 1637 perdi-

109 1646 159 1671 tus
175 1646 207 1671 et
221 1646 382 1681 corruptus
397 1640 578 1670 libidinibus
591 1640 700 1675 evasit,
717 1645 750 1669 ut
763 1641 880 1679 grande

109 1694 154 1720 ωε
175 1683 367 1719 conflaverit,
392 1684 475 1724 quod
499 1681 570 1713 cum
594 1681 688 1713 Curio
716 1682 795 1713 filius
818 1683 880 1712 dis-

109 1726 228 1757 solvere
249 1732 423 1762 conaretur,
446 1733 534 1767 pater
559 1725 641 1755 illius
664 1726 758 1756 domo
781 1727 882 1756 Anto-

109 1771 195 1801 nium
219 1769 354 1810 expulit:
379 1779 418 1801 ex
441 1779 504 1810 quo
528 1778 561 1799 se
585 1767 698 1799 Clodio
721 1767 880 1809 adjunxit3

109 1811 246 1855 cumque.
258 1812 305 1844 illi
318 1812 364 1847 vis
379 1817 550 1854 pararetur,
571 1811 604 1841 in
628 1810 735 1842 Asiam
754 1822 788 1842 se
809 1822 883 1843 con-

108 1855 192 1887 tulit.

152 1899 203 1930 ΙΙ).
246 1897 448 1941 Augur-ania]
515 1897 679 1938 Augurum
715 1897 882 1939 collegium

108 1942 336 1973 nobilissimum
348 1942 459 1972 Romae
473 1940 545 1981 fuit,
568 1951 679 1971 novem
694 1946 768 1972 tunc
785 1951 882 1981 augu-

106 1985 190 2016 ribus
217 1984 396 2020 conflatum,
419 1984 474 2025 qui
498 1994 561 2013 non
583 1982 683 2014 solum
699 1983 715 2014 ὲ
733 1984 882 2024 patriciis,

109 2028 165 2060 sed
177 2028 194 2059 ἐ
211 2027 316 2068 plebe,
332 2026 581 2058 assumebantur:
605 2037 733 2068 quorum
749 2026 882 2066 dignitas

109 2076 176 2102 erat
192 2075 355 2112 perpetua.

155 2116 209 2146 17.
234 2115 396 2155 Augurem,
411 2112 432 2143 ὰ
446 2118 502 2144 toto
515 2111 660 2154 collegia]
707 2110 786 2143 Cflm
797 2111 882 2153 apud

112 2157 246 2188 Parthos
265 2157 316 2187 M.
333 2156 462 2188 Crassus
477 2155 616 2191 obiisset,
637 2155 669 2185 in
692 2155 760 2195 ejus
782 2155 885 2186 locutu

110 2211 209 2242 augur
231 2200 379 2231 suffectus
393 2204 442 2230 est
457 2199 579 2234 Cicero,
603 2209 684 2230 anno
704 2198 799 2230 Urbis
814 2208 886 2239 sep-

110 2243 343 2284 tingentesimo,
365 2242 464 2274 aetatis
479 2251 543 2273 suae
558 2243 611 2272 54.

156 2289 210 2318 19.
232 2285 293 2318 Nec
308 2292 342 2318 cu
354 2286 484 2317 solvendo
501 2285 592 2326 eras.]
639 2283 809 2325 Objecerat
831 2283 885 2315 Ci-

109 2330 214 2361 ceroni
237 2328 404 2365 Antonius,
432 2327 560 2359 desiisse
594 2338 628 2359 se
657 2327 884 2359 benevolentiae

111 2372 208 2406 causa
233 2372 255 2403 εἰ
269 2372 422 2414 petitione
447 2369 624 2413 auguratus,
650 2370 721 2401 cum
743 2381 814 2401 eum
837 2369 884 2400 in-

107 2416 279 2447 tellexisset
303 2416 322 2446 a
345 2415 497 2447 Cicerone
523 2413 687 2454 postulari:
713 2419 745 2444 at
768 2413 881 2444 refutat

109 2459 235 2496 Cicero,
258 2465 322 2490 tum
343 2458 427 2500 quod
449 2457 605 2488 Antonius
627 2468 686 2488 aere
706 2457 807 2488 alieno
823 2467 880 2497 op-

112 2503 316 2543 primeretur3
336 2513 410 2536 nam
433 2501 502 2543 lege
522 2506 645 2532 cautum
669 2499 737 2536 fuit,
760 2505 805 2535 ut,
827 2499 880 2540 qui

115 2546 156 2575 de
170 2545 350 2586 repetundis
365 2545 502 2576 damnati
517 2550 631 2579 essent,
654 2543 702 2574 vel
725 2541 885 2575 creditori.

114 2589 174 2619 bus
189 2599 251 2620 non
264 2594 391 2629 possent
405 2588 594 2623 satisfacere,
616 2597 720 2627 neque
744 2592 885 2628 peterent

116 2636 311 2671 auguratum,
322 2642 424 2673 neque
441 2641 572 2673 augures
586 2630 795 2661 nominarent:
820 2635 884 2659 tum

117 2674 192 2716 quia
208 2674 302 2706 Curio
321 2680 388 2706 erat
405 2675 438 2705 in
452 2674 532 2706 Asia
553 2679 687 2716 quaestor
698 2684 708 2712 ;
728 2672 814 2713 cnjus
837 2672 885 2702 in.-

113 2717 354 2792 {messionibus
387 2719 468 2758 hanc
506 2717 659 2761 potuisset
698 2716 885 2758 dignitatem

117 2771 135 2793 0
160 2766 268 2796 tmere.

1095 1323 1242 1367 dem-te.

1326 1380 1564 1439 fccmsessus
1583 1399 1695 1428 sum.

967 1555 1019 1584 22.
1066 1553 1130 1584 Aut
1154 1559 1229 1590 tum,
1260 1553 1326 1585 mim
1354 1564 1381 1585 es
1399 1555 1535 1597 sactus]
1580 1555 1698 1587 Postea

925 1602 1029 1627 tamen
1048 1597 1147 1627 factus
1161 1604 1208 1627 est
1223 1607 1318 1638 augur
1339 1597 1506 1635 Antonius,
1531 1600 1662 1640 accepta
1678 1599 1698 1629 εἰ

926 1640 1063 1670 Curione
1080 1640 1224 1681 pecunia,
1238 1642 1279 1671 ad
1295 1641 1468 1672 obtinenda
1483 1643 1628 1683 suffragia
1639 1653 1698 1683 po-

924 1683 1003 1724 puli.

968 1728 1021 1758 23.
1046 1725 1138 1766 Cujus
1157 1727 1244 1759 etiam
1255 1726 1452 1769 familiares]
1498 1726 1578 1759 Cum
1600 1726 1619 1758 a
1633 1727 1698 1760 Cu·

926 1767 1011 1799 rione
1028 1771 1196 1811 productus
1212 1776 1294 1801 esset
1309 1781 1405 1812 augur
1415 1771 1584 1810 Antonius,
1601 1776 1633 1801 et
1644 1773 1698 1802 tri-

927 1812 1027 1843 bunus
1043 1812 1156 1853 plebis,
1171 1812 1237 1854 ejus
1253 1813 1355 1849 amici,
1371 1819 1498 1855 propter
1509 1814 1699 1846 seditionem

926 1854 959 1885 in
975 1856 1107 1886 comitiis
1122 1858 1299 1891 excitatam,
1324 1857 1363 1887 de
1378 1857 1407 1886 vi
1425 1857 1563 1888 damnati
1579 1863 1659 1888 sunt.

969 1901 1024 1930 28.
1071 1898 1155 1934 Qubd
1189 1910 1232 1930 me
1261 1899 1417 1930 Brundisii
1446 1912 1504 1931 non
1536 1901 1698 1942 occideris]

926 1941 1004 1972 Post
1019 1953 1156 1983 pugnam
1179 1942 1402 1981 Pharsalicam,
1424 1943 1506 1974 victo
1531 1943 1699 1984 Pompeio,

928 1984 1008 2015 Cato
1036 1985 1195 2016 Uticensis
1216 1985 1315 2015 voluit
1343 1985 1488 2017 Ciceroni
1510 1987 1699 2027 persuadere

925 2027 1045 2057 navalis
1060 2026 1210 2058 exercitus
1232 2027 1394 2068 imperium
1419 2029 1574 2069 accipere,
1599 2029 1699 2069 idque

927 2070 1034 2100 amicis
1044 2070 1235 2111 rogantibus,
1245 2076 1275 2100 et
1287 2070 1408 2101 Caesare
1420 2071 1608 2112 postulante.
1631 2072 1699 2103 Sed

926 2112 1008 2153 fugit
1030 2112 1154 2147 Cicero,
1174 2118 1206 2144 et
1234 2112 1414 2144 Brudisium
1437 2114 1532 2151 venit,
1561 2114 1699 2146 Romam

927 2155 1091 2197 petiturus.
1135 2155 1208 2187 Huc
1230 2154 1301 2187 cum
1325 2155 1344 2186 a
1366 2156 1489 2190 Caesare
1502 2157 1610 2188 missus
1629 2157 1699 2199 jam

929 2198 1040 2229 suisset
1053 2198 1222 2239 Antonius,
1245 2199 1399 2240 potuisset
1423 2199 1475 2230 hic
1501 2200 1700 2239 Ciceronem,

927 2246 962 2272 ut
974 2241 1202 2283 Pompeianum
1217 2247 1249 2273 et
1259 2242 1389 2274 Caesaris
1404 2243 1630 2274 detrectantem
1639 2245 1699 2275 im-

926 2285 1026 2326 peria,
1048 2285 1233 2316 interficere.
1248 2285 1388 2327 Appian.
1401 2285 1455 2317 lib.
1466 2286 1589 2318 2.Bell.
1603 2287 1700 2320 Civil.

970 2327 1020 2360 Ib.
1043 2327 1106 2369 Ipse
1130 2328 1247 2370 victor]
1308 2328 1412 2360 Caesar
1425 2329 1525 2363 noluit
1535 2334 1570 2361 ut
1585 2330 1698 2362 Cicero

926 2371 1160 2405 interficeretur.
1604 2372 1607 2374 ’

967 2415 1020 2445 29.
1074 2414 1119 2445 Ex
1160 2415 1318 2446 latronibus
1360 2417 1420 2447 suis
1471 2418 1700 2459 principatum]

924 2457 1110 2499 Perstringit
1137 2464 1169 2489 et
1193 2458 1346 2489 Caesarem
1371 2464 1403 2489 et
1426 2458 1621 2491 Antonium:
1651 2463 1698 2491 in-

926 2500 1011 2532 dicat
1028 2503 1121 2538 enim,
1144 2502 1222 2532 illud
1241 2501 1354 2532 bellum
1368 2512 1432 2533 non
1448 2508 1509 2533 tam
1527 2503 1699 2544 legitimum

929 2544 1034 2580 fuisse,
1057 2545 1148 2586 quam
1173 2544 1376 2579 latrocinium.
1407 2546 1479 2586 quia
1507 2552 1610 2576 contra
1641 2557 1698 2588 pa·

927 2587 1016 2625 ‘triam
1041 2589 1225 2628 gerebatur3
1248 2594 1292 2625 et,
1315 2588 1347 2618 in
1362 2588 1416 2619 illo
1434 2588 1525 2624 bello,
1549 2589 1628 2620 inter
1653 2590 1698 2620 la·

929 2636 1029 2661 trones
1060 2631 1136 2662 alios
1165 2630 1338 2662 Antonium
1372 2631 1576 2672 principatum
1610 2638 1700 2664 tenu·

928 2672 1000 2709 isse,
1024 2673 1078 2715 qui
1102 2673 1174 2705 ideo
1197 2675 1216 2705 ῖι
1240 2674 1363 2705 Caesare
1379 2674 1487 2704 missus
1511 2679 1557 2706 est
1579 2674 1611 2706 in
1632 2675 1700 2707 Ita-

929 2715 1014 2751 liam,
1024 2721 1058 2747 ut
1071 2727 1140 2750 eam
1152 2717 1322 2760 subjectam
1337 2717 1429 2750 armis
1443 2717 1506 2750 suis
1521 2723 1553 2752 et
1566 2718 1700 2762 imperio

928 2763 1060 2796 teneret.

603 179 708 223 “Nae
729 188 790 235 tu,
822 182 858 224 si
893 182 937 224 id
966 183 1160 235 fecisses,
1190 182 1340 226 melius
1362 183 1501 236 famae,
1532 185 1690 228 melius

1603 583 1690 626 Po-
1708 583 1766 625 20
