1790 3090
769 368 1059 416 ORATIO

434 550 648 612 PRO
727 552 804 613 L.
882 547 1398 613 MURENA.

747 891 1094 926 ARGUMENTUM.

188 994 241 1036 L.
276 995 347 1035 LI
348 994 489 1036 CINI
493 995 572 1036 US
615 995 674 1035 M
678 994 911 1044 URENA,
948 995 1110 1047 plebeio
1155 1007 1311 1046 genere
1350 996 1499 1045 natus,
1531 996 1702 1048 patrem

131 1049 284 1092 habuit
314 1053 364 1093 L.
398 1052 652 1100 Murenam,
679 1053 755 1103 qui
790 1053 839 1090 in
867 1053 1069 1103 prceturc'i
1102 1064 1197 1090 cum
1235 1053 1495 1091 adolescente
1513 1052 1615 1105 filio
1650 1053 1701 1092 de

129 1107 393 1149 ,Mithridate
409 1109 704 1160 triumphavit.
736 1107 845 1147 Acta
861 1107 938 1146 sub
950 1112 1079 1159 patre
1093 1107 1391 1155 adolescentia,
1406 1121 1501 1147 mooe
1514 1113 1701 1159 quaestor

129 1163 221 1205 unci
241 1178 340 1205 cum
369 1165 462 1206 Ser.
487 1165 683 1216 Sulpicio
693 1164 848 1217 factus
868 1168 952 1210 est;
986 1163 1139 1203 deinde
1169 1164 1339 1215 legatus
1369 1164 1421 1204 L.
1443 1164 1626 1204 Lucullo
1653 1166 1702 1204 in

127 1221 278 1261 Asiam
298 1226 449 1262 contra
469 1221 787 1269 Mithridatem,
806 1220 879 1260 ubi
899 1220 1218 1274 singularifide
1234 1233 1284 1259 ac
1303 1220 1530 1272 diligentia
1549 1221 1703 1261 indus-

129 1279 258 1318 triam
280 1292 406 1319 suam
425 1279 674 1331 imperatori
693 1278 898 1329 probavit.
941 1277 1215 1317 AEdilitatem
1232 1278 1383 1317 deinde
1399 1282 1440 1317 et
1454 1282 1702 1330 praeturam

128 1335 328 1382 obtinuit,
350 1349 479 1388 quam
504 1335 691 1387 primum
723 1335 875 1374 Romae
894 1335 943 1373 in
953 1334 1060 1384 jure
1081 1333 1270 1382 dicendo,
1293 1334 1446 1374 deinde
1465 1338 1506 1375 et
1525 1336 1574 1374 in
1597 1335 1703 1375 Gal-

127 1392 188 1430 lici
209 1390 450 1445 Cisalpina,
463 1393 611 1444 gessit.
653 1391 764 1431 Inde
775 1392 905 1443 petiit
917 1391 1191 1430 consulatum
1206 1404 1304 1430 cum
1323 1391 1493 1440 Silano,
1511 1391 1560 1431 L.
1582 1392 1703 1431 Cati-

129 1448 237 1497 lina,
269 1453 311 1489 et
341 1450 490 1489 Servio
521 1448 732 1500 Sulpicio.
792 1447 852 1494 Is,
873 1460 971 1487 cum
1001 1447 1171 1495 Silano,
1192 1448 1345 1486 consul
1372 1447 1642 1499 designatus,
1673 1446 1700 1487 ἆ

128 1505 326 1556 Sulpicio
361 1506 412 1545 de
444 1505 608 1544 ambitu
639 1508 871 1543 accusatus
906 1507 981 1543 est.
1047 1503 1157 1542 Tria
1177 1503 1377 1556 fuerunt
1412 1505 1702 1544 accusationis

128 1562 294 1613 capita:
326 1575 468 1601 unztm
497 1563 546 1600 in
575 1573 709 1600 mores
739 1559 964 1608 Mmenae,
986 1558 1096 1611 qued
1125 1560 1174 1598 in
1206 1556 1313 1599 Asiii
1323 1559 1483 1613 fuerit,
1505 1561 1701 1612 quodque

127 1618 381 1666 saltaverit,·
415 1619 599 1658 alterum
629 1618 679 1656 in
704 1630 859 1669 genus,
882 1617 986 1668 quia
1017 1615 1247 1668 Sulpicius
1273 1616 1487 1667 dignitate
1505 1617 1703 1657 Murena

128 1675 326 1726 superior
352 1679 415 1715 est
446 1674 557 1727 quod
582 1675 815 1726 patricius,
846 1673 957 1725 quod
975 1673 1097 1724 juris
1129 1673 1267 1713 civilis
1296 1675 1481 1725 peritus,
1511 1674 1622 1725 quod
1652 1675 1702 1713 in

128 1732 369 1782 quaesturci,
388 1732 498 1783 qued
516 1732 565 1770 in
581 1732 796 1782 proeturci,
811 1731 935 1782 prior
950 1730 1255 1775 renuntiatus,-
1289 1730 1485 1770 ssIurena
1500 1731 1595 1770 vero
1609 1731 1703 1783 ple-

127 1787 215 1827 beio
233 1792 312 1827 aut
327 1789 512 1840 equestri
527 1789 677 1827 saltem
692 1801 849 1839 genere
864 1791 1000 1826 natus
1016 1790 1090 1834 est,
1109 1790 1150 1825 et
1169 1787 1215 1825 in
1233 1787 1527 1840 eoeercitufere
1538 1800 1702 1839 semper

117 1843 230 1897 fuit.
269 1844 468 1885 Tertium
498 1844 800 1896 ambitftsfuit,
833 1844 957 1895 quad,
989 1846 1140 1882 contra
1173 1843 1305 1894 legem
1330 1842 1629 1895 Calpurniam,
1661 1848 1703 1883 et

129 1903 583 1949 senates-consultum,
608 1901 737 1940 multi
767 1900 996 1939 candidato
1026 1899 1235 1938 ssIurence
1261 1900 1425 1940 obviam
1454 1901 1698 1947 venisse-nt,-

130 1958 240 2008 quod
259 1959 386 1998 multi
406 1960 555 1998 sectati
575 1959 691 2003 sint;
725 1957 847 2008 quod,
865 1957 922 1996 ad
942 1956 1192 2008 spectandos
1208 1957 1486 2006 gladiatores,
1509 1957 1703 1997 tributim

130 2013 268 2054 Iocum
289 2014 470 2062 dederim
503 2015 613 2067 quad
634 2013 690 2053 ad
705 2014 899 2066 prandia
920 2013 1044 2064 vulg&
1064 2013 1274 2053 invitarit.

792 2195 1044 2225 PERSONAE.

196 2311 305 2351 Tres
315 2310 512 2365 fuerunt
541 2313 809 2350 accusatores
829 2309 1058 2350 Murence:
1093 2308 1335 2361 Sulpicius,
1358 2309 1434 2360 qui
1457 2309 1701 2361 competitor

132 2369 254 2408 illius
275 2368 448 2422 fuerat,
482 2371 522 2407 et
552 2369 771 2419 repulsam
803 2368 993 2413 tulerat,·
1031 2364 1110 2405 Cn.
1145 2366 1397 2406 Postumius
1431 2366 1699 2413 adolescens,·

133 2425 192 2464 M
192 2455 199 2462 .
224 2421 410 2464 Porcius
430 2422 552 2472 Cato,
574 2437 713 2476 quem,
736 2421 784 2462 in
805 2423 899 2474 ejus
919 2424 1006 2462 vita
1028 2423 1201 2475 scripsit
1220 2422 1501 2470 Plutarchus,
1509 2422 1702 2472 jurasse,

133 2495 177 2521 se
211 2495 309 2521 eum
343 2485 649 2521 accusaturum.
681 2493 801 2531 quem
839 2480 1071 2531 pecuniam
1100 2479 1260 2531 populo
1295 2478 1398 2517 dare
1431 2480 1704 2530 cognovisset.

134 2538 440 2592 Defenderunt
458 2539 548 2577 cero
567 2538 803 2578 Murenam
824 2538 873 2583 Q.
890 2536 1170 2583 Hortensius,
1185 2535 1250 2574 M.
1272 2534 1471 2583 Crassus,
1486 2540 1526 2574 et
1545 2535 1604 2575 M
1603 2566 1610 2573 .
1632 2536 1669 2576 C
1675 2538 1702 2568 '-

134 2608 241 2643 cero,
263 2596 339 2647 qui
360 2595 451 2634 cum
472 2594 773 2640 Hortensium,
789 2594 1044 2644 eloquentice
1063 2592 1192 2631 laude
1214 2596 1306 2631 tum
1309 2592 1556 2645 florentem,
1578 2606 1702 2645 supe-

134 2665 235 2691 rare
255 2652 538 2699 contenderet,
569 2652 738 2690 nullam
763 2654 933 2702 partem
963 2649 1098 2688 noctis
1129 2649 1382 2700 conquievit,
1404 2662 1540 2701 usque
1570 2650 1627 2698 ed,
1649 2654 1702 2689 ut

135 2709 284 2748 nimiis
303 2709 421 2750 curis
440 2712 481 2749 et
499 2709 663 2761 vigiliis
684 2708 884 2762 afflictus,
906 2706 1088 2761 inferior
1108 2703 1235 2758 quam
1255 2705 1326 2747 ille
1338 2705 1386 2746 in
1402 2707 1566 2748 actione
1582 2707 1702 2748 visus

124 2765 285 2819 suerit.
