1790 3090
86 130 179 174 388

107 385 164 425 20
184 384 484 438 reperiebatur.

787 137 1054 172 PHILIPPICA
1076 136 1105 168 1.

178 210 236 252 ad
264 211 381 254 hunc
402 212 594 258 ordinem
613 227 680 255 res
701 214 886 271 optimas
906 216 1145 268 deferebat3
1177 214 1344 258 summa
1374 217 1496 267 [cum
1522 213 1731 274 dignitate

180 269 242 321 et]
264 269 509 311 constantia
530 271 584 311 ad
602 285 665 323 ea,
687 287 783 328 quae
804 273 984 328 quaesita
1006 280 1140 324 erant,
1160 273 1470 329 respondebat:
1501 270 1606 312 nihil
1624 277 1729 319 tum,

180 326 283 379 [nisi

184 439 302 480 terea
334 440 561 482 nemiuem.

316 327 432 382 quod
463 334 553 369 erat
587 336 737 370 notum
769 330 1004 383 omnibus,]
1038 330 1082 371 in
1117 330 1168 371 C.
1201 330 1383 372 Caesaris
1418 326 1734 370 commentariis

545 384 659 426 Num
698 385 770 441 qui
807 387 977 428 exsules
1014 387 1229 429 restituti?
1260 402 1392 428 unum
1432 385 1589 433 aiebat,
1704 439 1708 441 Β

622 442 736 483 Num
767 443 1058 484 immunitates
1090 444 1231 485 datae'?
1263 445 1404 493 nullae,
1434 441 1736 498 respondebat.

1628 398 1735 439 prae-

183 496 397 538 Assentiri
437 497 564 538 etiam
605 512 683 540 nos
726 501 814 542 Ser.
849 499 1055 555 Sulpicio,
1091 500 1325 542 clarissimo
1355 500 1459 549 viro,
1490 497 1640 548 voluit,
1680 506 1734 538 ne

183 567 269 608 qua
288 554 446 604 tabula,
468 562 568 610 post
599 555 702 597 Idus
734 556 930 606 Martias,
954 557 1082 597 ullius
1104 558 1264 599 decreti
1285 556 1483 607 Caesaris,
1505 562 1579 597 aut
1607 555 1736 596 bene-

183 610 286 659 ficii,
317 611 531 666 figeretur.

591 612 734 654 Multa
764 620 984 669 praetereO,
1006 628 1142 669 eaque
1174 614 1404 670 praeclara:
1436 613 1491 654 ad
1522 611 1736 675 singulare

109 668 164 708 25
185 666 298 707 enim
329 668 393 708 M.
416 668 594 709 Antonii
625 670 785 711 factum
815 670 992 712 festinat
1021 670 1171 712 oratio.
1230 670 1515 720 Dictaturam,
1536 683 1633 725 quae
1654 681 1740 708 vrm

178 724 270 779 jam
300 724 428 779 regiae
456 727 681 781 potestatis
702 727 968 779 bobsederat,
990 727 1180 769 funditus
1214 742 1265 769 ex
1296 726 1516 783 republica
1546 724 1735 775 sustulit.

184 780 254 821 De
276 780 363 836 quii
383 796 435 822 ne
456 783 691 824 sententias
711 784 887 840 quidem
903 784 1115 827 diximus:
1147 785 1354 840 scriptum
1376 781 1740 846 senatus-consul-

183 843 289 885 tum,
321 838 438 893 quod
470 839 560 879 fieri
592 840 735 891 vellet,
767 840 934 893 attulit3
967 856 1052 897 quo
1084 842 1278 893 recitato,
1313 846 1616 882 auctoritatem
1646 851 1739 894 ejus

185 908 352 934 summo
383 894 526 935 studio
567 896 704 936 secuti
744 911 907 949 sumus,
939 897 1065 954 eique
1101 897 1379 953 amplissimis
1400 896 1540 938 verbis

1570 910 1645 952 per
1675 908 1739 936 Se-

110 952 166 994 30
186 950 579 991 natus-consultum
600 952 759 1008 gratias
781 953 961 1008 egimus.
1019 955 1133 994 cLux
1154 955 1350 1009 quaedam
1370 954 1594 995 videbatur
1621 952 1740 1014 obla-

183 1013 242 1057 ta,
273 1021 360 1048 non
394 1006 525 1048 modo
558 1023 704 1064 regno,
742 1009 858 1065 quod
892 1011 1216 1065 pertuleramus,
1259 1011 1335 1051 sed
1375 1010 1504 1051 etiam
1538 1009 1659 1065 regni
1691 1017 1740 1049 tl-

183 1078 315 1112 more,
348 1063 568 1115 dsublato3
599 1080 889 1122 magnumque
930 1066 1085 1124 pignus
1125 1067 1179 1107 ab
1213 1080 1262 1107 eo
1298 1065 1544 1122 reipublicae
1575 1067 1737 1115 datum,

183 1135 229 1162 se
263 1121 438 1162 liberam
473 1121 692 1164 civitatem
729 1137 823 1165 esse
855 1124 977 1176 velle,
1009 1123 1107 1166 cum
1143 1122 1383 1165 Dictatoris
1417 1136 1574 1164 nomen
1605 1122 1741 1179 (quod

309 1309 587 1353 bobtz'nuerat.
704 1313 924 1368 ‘felicita3.

222 1538 275 1566 17.
299 1536 346 1568 Ad
368 1537 444 1568 hunc
466 1539 619 1580 ordinem]
667 1539 864 1570 Senatorium
889 1549 937 1570 or-

177 1579 284 1610 tiinem
308 1581 464 1622 intelligit,
481 1583 521 1611 ad
541 1593 634 1622 quem
654 1592 702 1612 res
726 1581 849 1623 majoris
872 1593 936 1613 mo-

176 1624 276 1653 menti
291 1624 521 1655 deferebantur.
545 1626 625 1656 Inde
638 1632 742 1655 autem
757 1626 936 1666 sperabatur

176 1671 212 1695 ut
227 1666 362 1706 pristinae
379 1667 511 1698 libertati
527 1668 701 1709 respublica
724 1669 936 1700 restitueretur

176 1708 216 1738 ab
231 1708 381 1740 Antonio,

219 1754 270 1781 19.
297 1751 416 1783 Caesuris
429 1755 665 1795 commentariis]
689 1755 932 1794 Commentaria‚

173 1793 240 1825 sive
271 1794 504 1833 Commentarii,
534 1797 604 1827 libri
638 1803 720 1833 sunt,
748 1799 782 1828 in
820 1799 931 1839 quibus

174 1848 293 1867 summa
318 1838 439 1869 tautum
460 1840 575 1880 capita,
599 1845 631 1870 et
653 1841 738 1871 velut
760 1841 859 1878 initia,
875 1843 930 1872 de-

175 1881 362 1912 scribuntur.

217 1926 269 1954 ΞΟ.
297 1924 395 1954 Unum
415 1925 536 1965 aiebat]
583 1925 661 1961 Quis
683 1926 776 1956 fuerit
800 1927 853 1958 ille
880 1937 930 1957 ex-

172 1966 220 1996 sul
250 1968 418 2003 restitutus,
448 1978 510 1998 non
549 1968 639 1999 facile
673 1968 845 2008 judicatur,
872 1971 932 2000 nisi

173 2010 213 2038 sit
236 2009 344 2040 Sextus
364 2010 504 2046 Clodius,
521 2010 625 2041 Publii
642 2011 749 2042 Clodii
770 2012 862 2048 filius,
877 2013 930 2053 qui

173 2052 318 2083 Ciceroni
334 2053 392 2083 fuit
406 2053 638 2084 infensissimus.
667 2054 759 2085 Certe
775 2056 807 2085 id
824 2056 930 2094 aperte

170 2100 303 2126 testatur
315 2095 471 2127 Antonius
484 2096 617 2137 epistola
631 2098 768 2139 quadam
783 2099 823 2129 ad
840 2098 931 2130 Cice.

172 2148 290 2176 runem,
307 2138 360 2169 lib.
378 2142 430 2169 14.
445 2140 483 2169 ad
500 2139 569 2169 Att.

216 2184 268 2212 21.
294 2182 498 2213 Immunitates
520 2182 620 2222 datm]
669 2183 814 2214 Dabatur
839 2185 933 2216 alicui

171 2225 290 2265 populo
300 2225 348 2255 vel
362 2225 481 2255 civitati
493 2225 681 2262 immunitas,
694 2226 763 2257 curu
777 2228 796 2257 a
807 2228 931 2264 tributo,

172 2269 256 2308 quod
284 2268 401 2309 populo
427 2268 573 2299 Romano
599 2270 794 2310 pendebant,
819 2271 932 2302 libera-

170 2311 294 2343 bantur.

215 2357 267 2384 202.
300 2355 360 2384 Ser.
382 2354 538 2395 Sulpicia]
596 2355 754 2396 Sulpicius
776 2356 930 2397 juriscon-

171 2397 268 2426 sultus
292 2398 350 2427 suit
372 2397 565 2428 doctissimus
591 2404 623 2428 et
648 2398 928 2440 eloquentissimus.

169 2439 215 2473 Is,
238 2439 308 2470 curn
333 2441 453 2471 videret
483 2441 594 2471 multas
625 2442 834 2474 immunitates
862 2449 927 2474 tum

170 2483 357 2517 civitatibus,
378 2489 441 2513 tum
466 2484 641 2514 ‘nominibus
665 2485 720 2524 qui
743 2484 859 2516 Caesari
879 2487 926 2517 sa-

168 2532 276 2556 verant
302 2531 407 2556 contra
434 2526 632 2566 Pompeium,
657 2529 696 2556 ab
722 2529 834 2558 eodem
858 2539 925 2560 esse

170 2569 271 2605 datas,
287 2575 382 2609 atque
397 2568 515 2598 illarum
532 2569 758 2600 immunitatum
774 2572 879 2602 edicta
893 2572 925 2602 in

168 2612 290 2642 tabulas
319 2622 414 2642 aereas
442 2611 549 2649 incidi,
578 2618 609 2642 et
634 2612 666 2642 in
688 2612 846 2653 Capitolio
870 2615 924 2656 figi

168 2655 207 2684 ad
240 2655 418 2685 memoriam
444 2655 680 2695 sempiterna1n3
709 2656 924 2689 senatus-con-

166 2697 281 2728 sultum
305 2698 370 2729 lieri
393 2698 538 2735 obtinuit,
562 2709 601 2729 ne
628 2698 661 2730 id
692 2699 840 2743 deinceps
868 2702 924 2732 fie-

164 2746 222 2773 ret.

207 2784 258 2817 Ib.
278 2789 327 2818 Ne
353 2796 409 2828 qua
433 2785 562 2828 tabula-J
604 2785 718 2829 Leges,
739 2787 869 2826 foedera,
889 2792 923 2820 et

1038 1313 1233 1355 dsublatct
1248 1318 1458 1368 potestate
1477 1313 1606 1366 regid-

981 1541 1108 1571 decreta
1127 1551 1196 1581 quae
1221 1540 1285 1571 lata
1306 1541 1440 1577 fuerant,
1460 1539 1492 1570 in
1514 1538 1628 1569 tabulis
1651 1539 1737 1570 aereis

979 1583 1089 1619 incisa,
1102 1584 1133 1614 in
1150 1584 1226 1614 locis
1249 1584 1393 1625 publicis,
1410 1584 1464 1615 sed
1480 1581 1610 1613 maxime
1627 1583 1657 1612 in
1674 1582 1735 1615 Ca-

979 1627 1101 1667 pitolio,
1117 1627 1210 1658 clavis
1223 1629 1263 1658 ad
1276 1628 1411 1668 parietes
1423 1631 1477 1657 aut
1486 1626 1645 1657 columnas
1661 1626 1738 1667 fige-

980 1671 1100 1701 bamur.

1020 1715 1073 1745 25.
1105 1713 1318 1755 Dictaturam]
1364 1712 1508 1743 Dictator
1533 1712 1606 1742 hinc
1633 1710 1734 1754 dietus

977 1761 1035 1793 est,
1051 1757 1135 1798 quod
1153 1758 1171 1787 a
1187 1758 1313 1788 consule
1334 1756 1504 1787 dicebatur.
1550 1754 1734 1793 Aliquando

976 1801 1069 1830 etiam
1086 1801 1104 1830 a
1118 1801 1235 1841 populo
1258 1801 1434 1830 nominatus
1449 1805 1515 1838 est3
1541 1799 1595 1828 sed
1612 1797 1665 1838 qui
1690 1802 1736 1827 ta-

976 1853 1046 1872 men
1073 1844 1091 1873 εἰ
1119 1843 1245 1873 consule
1276 1844 1442 1878 diceretur,
1471 1847 1507 1872 ut
1539 1841 1645 1872 Livius
1681 1841 1736 1870 ob-

977 1891 1090 1920 servat,
1106 1885 1158 1915 lib.
1170 1888 1222 1917 27.
1235 1886 1424 1926 quandoque
1436 1884 1507 1914 vero
1518 1885 1557 1914 ab
1569 1884 1735 1923 interrege,

974 1933 1010 1957 ut
1033 1929 1052 1958 ἃ
1067 1928 1195 1958 Valerio
1218 1929 1331 1959 Flacco
1347 1927 1510 1959 Cornelius
1531 1926 1631 1969 Sylla,
1653 1930 1735 1957 teste

975 1970 1125 2011 Appiano
1142 1971 1194 2002 lib.
1213 1974 1242 2000 1.
1257 1971 1340 2002 Bell.
1356 1970 1449 2002 Civil.
1462 1970 1599 2011 denique
1608 1969 1701 2004 etiam
1715 1969 1734 1999 εὶ

975 2019 1105 2050 senatu;
1130 2014 1174 2044 sic
1197 2015 1281 2044 enim
1296 2014 1391 2045 Caius
1413 2013 1514 2044 Julius
1539 2013 1644 2044 Coesar
1666 2012 1735 2046 die-

976 2061 1056 2087 tator
1072 2063 1193 2087 creatus
1209 2062 1267 2094 est,
1282 2063 1317 2087 ut
1340 2056 1523 2087 Plutarchus
1538 2056 1568 2086 in
1585 2055 1653 2096 ejus
1668 2055 1732 2096 vira

974 2100 1092 2130 scribit.
1137 2100 1231 2130 Porro
1246 2100 1407 2131 creabatur
1420 2100 1547 2141 quaudo
1570 2098 1732 2139 discordiae

973 2142 1085 2173 civium
1109 2144 1262 2183 graviores
1286 2143 1467 2184 poscebant,
1491 2147 1526 2173 ut
1547 2141 1667 2172 notavit
1679 2141 1734 2172 Ci-

977 2196 1048 2216 cero
1065 2186 1118 2217 lib.
1143 2189 1173 2218 3.
1198 2187 1238 2217 de
1255 2186 1411 2227 Legibu33
1435 2185 1485 2216 vel
1507 2185 1616 2216 crebra
1641 2184 1735 2220 bella,

976 2239 1077 2270 eaque
1094 2230 1246 2269 graviora,
1263 2239 1282 2259 a
1296 2229 1433 2259 finitimis
1455 2228 1578 2270 populis
1593 2227 1736 2259 orieban-

976 2277 1035 2303 tur.
1081 2273 1215 2304 Tantum
1239 2278 1343 2303 autem
1368 2272 1452 2303 illius
1474 2272 1534 2302 fuit
1555 2270 1734 2313 imperi-um,

976 2320 1020 2351 ut,
1047 2326 1085 2346 eo
1112 2321 1228 2352 creato,
1258 2317 1455 2357 magistratus
1479 2325 1597 2350 ornnes,
1617 2319 1729 2354 praeter

974 2359 1121 2396 tribunos,
1137 2359 1319 2390 auctoritate
1335 2369 1402 2389 sese
1419 2358 1609 2388 abdicarent.
1632 2356 1729 2396 Haud

973 2401 1105 2442 amplius
1118 2403 1210 2444 quain
1225 2413 1279 2443 per
1294 2413 1346 2433 sex
1359 2400 1567 2436 menses,sine
1581 2409 1731 2441 provoca-

972 2445 1069 2481 tione,
1091 2451 1122 2475 et
1146 2445 1261 2486 majore
1284 2446 1376 2486 quam
1398 2443 1539 2475 consules
1561 2447 1732 2484 potestate,

969 2488 1153 2528 imperabat.
1201 2489 1321 2518 Primus
1336 2487 1472 2518 omnium
1495 2486 1595 2528 Sylla,
1611 2485 1726 2516 deinde

971 2530 1085 2566 Caesar,
1116 2537 1300 2572 perpetuam
1328 2531 1408 2561 hanc
1446 2529 1504 2560 sibi
1539 2532 1729 2577 potestatem

968 2573 1173 2613 usurparunt3
1193 2575 1276 2604 unde
1291 2573 1344 2610 ait,
1362 2573 1517 2604 Caesarem
1533 2581 1729 2612 usurpaV1sse

969 2616 1026 2646 sibi
1039 2617 1153 2657 regiam
1167 2622 1365 2658 potestatem,
1375 2615 1438 2657 qua
1449 2614 1569 2646 summa
1580 2615 1627 2645 uti
1640 2615 1726 2657 apud

967 2668 1074 2690 omnes
1092 2661 1262 2691 videbatur.

1009 2704 1063 2734 31.
1100 2702 1169 2733 Non
1198 2703 1279 2734 morli)
1306 2702 1422 2744 regum]
1466 2701 1621 2743 Intelligit
1656 2700 1723 2733 dic-

967 2749 1110 2785 taturam,
1136 2757 1229 2790 quam
1259 2753 1442 2792 perpetuam
1469 2747 1626 2778 invaserat
1651 2744 1721 2777 (ἴω-

965 2799 1026 2824 Sal*-
