1790 3090
1 141 57 185 16

541 137 594 171 IN
617 136 871 177 CAECILIUM,
891 134 1153 173 DIVINATIO.

62 214 231 258 factura
259 214 332 258 sit.
391 214 500 264 Quae
532 215 630 257 cum
664 216 826 273 cogito,
850 216 943 273 jam
969 231 1086 259 nunc
1115 216 1264 270 timeo,
1294 215 1512 275 quidnam,
1542 232 1620 275 pro

65 271 303 315 offensione
341 272 566 314 hominum
588 271 662 328 qui
693 273 755 314 illi
793 273 956 315 inimici
987 273 1228 331 infensique
1253 281 1366 326 sunt,
1398 282 1624 331 exspecta-

61 329 180 371 tione
199 329 404 380 omnium,
436 335 480 370 et
496 329 791 384 magnitudine
806 345 958 383 rerum,
976 331 1155 387 dignum
1176 331 1319 388 eloqui
1341 331 1519 388 possim.
1556 331 1622 374 Tu

0 386 50 427 55
63 385 214 427 horum
232 386 341 427 nihil
373 385 543 436 metuis,
574 385 681 426 nihil
701 386 883 442 cogitas,
915 387 1022 428 nihil
1049 388 1242 438 laboras3
1273 394 1331 440 et,
1362 388 1398 429 si
1431 387 1533 444 quid
1568 402 1622 430 ex

59 450 202 485 vetere
239 442 387 498 aliqua
416 442 622 491 oratione,
653 444 845 484 “Jovem
875 458 950 496 ego
973 446 1194 497 Optimum
1226 445 1487 494 Maoeimum,

1494 446 1518 463 '5

1548 450 1623 485 aut

61 504 90 523 “
109 501 272 549 Vellem,
289 501 440 555 sifleri
452 502 676 553 potuisset,
682 499 896 551 judices?
917 506 992 540 aut
1004 499 1168 554 aliquid
1186 500 1413 555 ejusmodi,
1428 501 1620 543 ediscere

59 555 264 611 potueris,
277 554 480 612 praeclare
494 562 537 596 te
550 562 745 611 paratum
758 555 802 596 in
810 555 1025 611 judicium
1037 561 1263 596 venturum
1279 557 1506 599 arbitraris.
1537 558 1620 609 Ac,

60 611 97 653 si
113 611 191 653 tibi
203 626 329 654 nemo
343 626 623 668 responsurus
638 618 913 663 esset,tamen
926 611 1064 668 ipsam
1077 626 1266 664 causam,
1277 621 1324 654 ut
1337 628 1418 668 ego
1427 615 1620 665 arbitror,

0 667 48 709 50
62 668 351 710 desslonstrare
371 682 458 710 non
478 683 643 725 POSSGS·

704 668 832 710 Nunc
848 684 902 711 ne
915 668 1023 710 illud
1036 668 1211 725 quidem
1224 668 1406 726 cogitas,
1426 670 1505 712 tibi
1522 685 1621 712 cum

58 724 231 766 homine
260 724 558 778 disertissimo,
587 731 631 766 et
661 725 714 766 ad
747 725 977 767 dicendum
997 725 1285 782 paratissimo,
1316 726 1505 767 futurum
1526 741 1621 769 esse

60 788 302 834 certamem
333 781 536 838 dquicum
555 781 686 824 modo
706 781 1017 831 disserendum,
1039 781 1171 824 modo
1194 781 1310 824 omni
1331 782 1494 824 ratione
1514 798 1624 840 pug-

57 838 248 879 nandum
269 839 606 895 certandumque
627 839 710 880 sit?
760 838 895 895 Cujus
910 854 990 896 ego
1004 839 1225 896 ingenium
1238 839 1299 880 ita
1313 839 1457 891 laudo,
1470 847 1520 881 ut
1533 840 1623 883 non

55 894 387 950 pertimescam3
417 895 479 936 ita
507 896 658 952 probo,
688 902 737 937 ut
758 910 825 937 me
860 897 914 938 ab
951 910 1002 937 eo
1042 896 1248 938 delectari
1283 896 1469 949 facilius,
1492 898 1621 953 quam

0 950 45 992 35
57 950 214 1006 decipi,
231 958 377 1007 putem
397 967 539 1007 posse.
599 952 832 1008 Nunquam
851 953 925 993 ille
945 967 1013 994 me
1036 953 1250 1009 opprimet
1271 953 1454 994 consilio
1471 968 1482 995 τ
1513 967 1622 994 nun-

56 1021 187 1063 quam
199 1009 288 1049 ullo
305 1007 487 1050 artificio
499 1015 731 1064 pervertet:
752 1023 971 1066 nunquam
984 1009 1156 1065 ingenio
1173 1024 1242 1051 me
1263 1024 1342 1051 suo
1362 1010 1620 1053 labefactare

54 1070 181 1117 atque
203 1064 416 1106 infirmare
449 1065 696 1106 conabitur:
731 1065 831 1107 novi
871 1080 1020 1107 omnes
1056 1065 1242 1107 hominis
1276 1066 1526 1121 petitioneS,
1555 1080 1622 1107 ra-

53 1119 282 1176 tionesque
299 1121 499 1163 dicendi:
521 1121 635 1177 saepe
654 1122 699 1162 in
715 1121 884 1172 iisdem,
916 1120 1030 1177 saepe
1046 1121 1090 1162 in
1111 1122 1351 1173 contrariis,
1369 1122 1511 1164 causis
1532 1136 1622 1164 ver-

54 1175 136 1217 sati
157 1191 318 1218 sumus.
378 1177 446 1218 Ita
467 1184 617 1218 contra
632 1191 699 1219 me
720 1177 791 1218 ille
809 1177 942 1228 dicet,
973 1178 1170 1233 quamvis
1191 1177 1248 1219 sit
1273 1177 1541 1235 ingeniosus,
1571 1184 1623 1220 ut

0 1234 42 1274 70
54 1233 307 1274 nonnullum
324 1233 454 1275 etiam
472 1234 525 1275 de
544 1249 624 1276 suo
645 1233 820 1290 ingenio
835 1233 1048 1290 judicium
1062 1234 1154 1276 fieri
1175 1234 1415 1277 arbitretur.

112 1289 194 1330 XI.
225 1289 286 1330 Te
306 1305 421 1342 vero,
451 1290 614 1341 Caecili,
647 1290 1011 1347 quemadmodum
1031 1291 1088 1332 sit
1108 1292 1319 1343 elusurus,
1351 1291 1485 1348 quam
1501 1291 1617 1334 omni

53 1346 219 1388 ratione
234 1347 491 1401 jactaturus,
512 1347 656 1389 videre
671 1348 765 1402 jam
783 1346 957 1389 videor:
979 1347 1150 1404 quoties
1164 1347 1236 1389 ille
1257 1347 1337 1390 tibi
1357 1355 1618 1405 potestatem

54 1402 362 1460 optionemque
371 1403 562 1445 facturus
574 1404 643 1453 sit,
657 1410 706 1445 ut
714 1403 847 1460 eligas
858 1410 1000 1445 utrum
1012 1404 1134 1456 velis,
1147 1404 1310 1446 factum
1324 1420 1434 1457 esse,
1448 1420 1625 1457 nec-ne3

53 1474 202 1501 verum
219 1474 327 1511 esse,
346 1475 402 1501 an
421 1460 576 1502 falsum
593 1476 604 1512 ;
634 1467 775 1501 utrum
791 1460 963 1511 dixeris,
980 1460 1025 1501 id
1043 1467 1193 1502 contra
1211 1467 1255 1501 te
1274 1461 1482 1503 futurum:
1513 1468 1531 1486 ³
1545 1462 1619 1525 qui

14 1517 42 1558 5
54 1516 133 1558 tibi
146 1522 292 1568 aestus,
314 1517 388 1573 qui
405 1531 532 1568 error,
554 1532 649 1573 quae
667 1517 854 1558 tenebrae
872 1516 964 1571 (Dii
978 1516 1242 1558 immortales
1256 1517 1286 1569 !)
1302 1524 1440 1570 erunt,
1452 1518 1618 1559 hommi

51 1572 227 1614 minime
252 1573 269 1596 b
281 1574 392 1614 malo
408 1575 416 1616 Ξ

478 1573 621 1622 Quid?
653 1573 749 1614 cum
777 1572 1066 1615 accusationis
1086 1579 1173 1614 tuae
1209 1574 1401 1616 membra
1427 1574 1617 1617 dividere

52 1629 244 1685 coeperit,
263 1636 306 1672 et
327 1629 372 1671 in
393 1629 540 1687 digitis
554 1630 642 1672 suis
663 1630 853 1687 singulas
869 1636 1012 1686 partes
1029 1644 1171 1672 causae
1185 1630 1476 1673 constituere?
1497 1631 1618 1687 quid,

53 1685 151 1728 oum
171 1687 508 1743 unumquodque
521 1687 773 1744 transigere,
795 1686 1010 1743 expedire,
1032 1687 1282 1729 absolvere?
1312 1689 1406 1744 ipse
1419 1687 1616 1744 profecto

52 1749 242 1785 metuere
261 1743 459 1800 incipies,
480 1751 495 1768 ⁰
510 1758 564 1785 ne
584 1743 804 1786 innocenti
824 1744 1062 1800 periculum
1081 1743 1322 1787 facesseris.
1355 1744 1500 1793 Quid?
1519 1743 1617 1787 cum

167 1856 185 1881 ἃ
197 1871 295 1899 eum«
310 1873 408 1912 quo.

639 1864 656 1882 ²
669 1872 771 1911 quae
790 1859 1073 1900 conturbatio.

1301 1858 1320 1882 ι’
1335 1860 1502 1900 callido.

281 1921 362 1956 cne
376 1916 589 1957 vocaveris
607 1916 876 1956 innocentem
895 1917 944 1957 in
954 1916 1200 1970 periculum
1220 1914 1388 1972 capitis.

93 2038 148 2069 56.
171 2037 269 2070 Jovem
293 2049 346 2082 ego
372 2039 538 2080 optimum]
583 2039 704 2071 Festive
730 2040 812 2071 ridet

51 2080 226 2120 Caecilium,
255 2082 308 2123 qui
336 2087 399 2112 tarn
425 2083 585 2124 imperitus
615 2088 664 2113 est
697 2088 812 2120 orator,

50 2129 87 2154 ut
101 2123 225 2165 aliquod
252 2125 354 2155 tritum
373 2131 405 2155 et
427 2126 553 2166 vulgare
580 2125 744 2156 causidicis
771 2126 812 2156 sit

51 2166 198 2197 allaturus
214 2168 384 2204 exordium,
407 2172 460 2198 aut
475 2168 514 2198 ab
529 2168 741 2205 invocatione,
758 2173 811 2199 aut

51 2210 70 2239 ὲ
85 2209 250 2250 superioris
263 2211 411 2251 temporis
425 2211 676 2251 reprehensione.

96 2254 149 2284 61.
175 2252 394 2295 Disertissim]
438 2253 580 2285 Disertus
609 2259 667 2291 est,
689 2254 742 2296 qui
757 2265 813 2285 na-

51 2294 131 2330 tura,
145 2301 220 2332 arte,
236 2307 305 2332 usu,
319 2303 413 2338 atque
434 2297 667 2334 exercitatione,
687 2303 813 2338 paratus

53 2342 100 2369 est
116 2339 155 2368 ad
171 2338 350 2369 dicendum.

96 2383 150 2412 62.
173 2380 260 2412 Μοᾱό
272 2383 476 2418 disserendum,
498 2382 578 2412 mod&
587 2382 810 2424 pugnandum]

53 2425 215 2455 Disserere
231 2430 279 2455 est
301 2425 392 2456 acute
417 2435 452 2456 ac
477 2426 628 2456 subtiliter
652 2426 755 2456 dicere
780 2431 813 2456 et

53 2467 259 2508 argumentari
273 2478 282 2506 3
304 2478 440 2509 pugnare
456 2467 540 2505 vero,
554 2468 616 2498 vim
631 2473 663 2499 et
687 2467 810 2508 copiam

54 2509 202 2541 orationis
216 2521 369 2541 exercere.
411 2510 482 2542 Hoc
511 2516 674 2553 utrumque
700 2521 810 2542 munus

54 2558 166 2584 oraton
181 2554 329 2584 convenit
342 2554 483 2584 maxime.

98 2598 152 2627 63.
193 2598 284 2636 Cujus
317 2597 496 2638 ingenium]
546 2596 587 2627 Se
620 2607 728 2638 parem
760 2596 812 2629 hic

55 2638 221 2670 Hortensio
243 2639 352 2670 Cicero
374 2640 537 2680 significat,
552 2650 622 2670 cum
645 2651 707 2682 quo
725 2640 812 2681 eaepe

53 2681 108 2713 vel
126 2682 162 2712 in
191 2682 348 2714 contrariis
378 2683 477 2714 causis
508 2688 645 2714 versatus
679 2690 737 2720 est,
759 2684 809 2714 vel

55 2723 88 2755 in
113 2725 239 2763 iisdem,
259 2724 330 2758 cum
361 2730 497 2769 uterque
524 2727 670 2759 defendit
697 2732 730 2759 et
760 2737 811 2760 ac-

54 2768 188 2800 cusavit.

897 2043 928 2072 1.
950 2040 1129 2081 Elusurus]
1158 2039 1346 2081 Metaphora
1361 2040 1380 2070 εἴ
1396 2038 1617 2081 gladiatoribus

853 2090 988 2124 sumpta,
1001 2083 1055 2124 qui
1067 2083 1130 2113 tela
1144 2089 1177 2113 et
1189 2083 1268 2114 ictus
1292 2088 1379 2114 motu
1401 2082 1538 2123 corporis
1551 2082 1617 2115 evi-

852 2130 930 2156 tant.

896 2171 928 2200 3.
953 2168 1100 2208 Optionem
1114 2168 1285 2211 factm-ua]
1332 2169 1439 2210 Pergit
1459 2168 1492 2199 in
1519 2172 1616 2199 meta-

856 2212 974 2252 phora:
1012 2222 1085 2242 nam
1116 2212 1170 2253 qui
1196 2212 1408 2252 praevalebant
1433 2211 1466 2241 in
1495 2211 1616 2251 proelio,

856 2255 1037 2295 quaerebant
1066 2255 1106 2285 ab
1144 2255 1336 2295 adversariis,
1366 2265 1406 2284 an
1434 2253 1538 2295 supra,
1565 2254 1614 2284 vel

856 2297 948 2333 infra,
961 2297 1019 2328 &c.
1033 2297 1115 2328 feriri
1128 2298 1255 2329 vellent.

896 2341 929 2371 ’7.
950 2344 995 2372 Et
1010 2341 1042 2370 in
1052 2341 1183 2382 digitis]
1226 2340 1276 2370 Ita
1303 2339 1477 2380 insequitur
1496 2338 1616 2370 Caeciui

854 2382 1052 2423 imperitiam,
1067 2389 1101 2412 ut
1115 2383 1217 2413 rideat
1230 2383 1324 2414 etiam
1336 2381 1549 2417 Hortensium,
1563 2382 1615 2423 qui

855 2426 1001 2456 orationis
1035 2425 1219 2457 divisionem
1248 2426 1281 2456 in
1310 2425 1424 2466 digitos
1452 2424 1612 2455 diductam

852 2468 1000 2499 habebat.

898 2514 929 2542 8.
954 2511 1150 2553 Transigere]
1209 2511 1248 2542 In
1284 2511 1436 2552 principio
1469 2510 1616 2542 orationis

854 2554 1051 2595 transigimus
1079 2565 1150 2585 cum
1176 2554 1362 2591 adversario,
1393 2553 1613 2594 distinguendo

856 2602 890 2627 et
903 2597 1088 2638 explicando
1105 2597 1171 2638 ejus
1186 2603 1377 2638 argumenta.

898 2640 949 2671 lb.
971 2640 1139 2682 Expedire]
1177 2640 1394 2680 Expedimusin
1409 2639 1615 2676 medio,affe·

853 2684 951 2714 rendo
964 2689 1082 2714 nostras
1095 2684 1388 2725 argumentationes.

897 2727 948 2758 Ib.
971 2727 1143 2769 Abwlvera]
1183 2726 1386 2758 Absolvimus
1405 2726 1439 2756 in
1460 2725 1535 2765 fine,
1549 2736 1615 2758 aua-

856 2769 1025 2812 plificando
1040 2775 1074 2802 et
1086 2770 1307 2805 concludendo
1322 2769 1506 2804 orationem.
