1858 3095
702 142 793 176 no
819 141 1032 175 Muniam.
1638 143 1714 191 ιω

89 215 145 258 sit
163 214 350 272 denique
371 214 416 257 in
436 212 611 256 ‘civitate
632 227 683 255 ea
700 214 834 270 prima
853 229 935 265 res,
957 221 1130 271 propter
1149 227 1277 272 quam
1298 215 1393 272 ipsa
1408 221 1474 257 est
1493 215 1647 259 civitas

91 272 282 314 omnium
334 272 514 326 rinceps.

146 327 275 370 Vlll.
349 327 463 369 erum
503 326 598 368 haec
634 325 744 368 Cato
786 327 965 368 nimium
1005 341 1084 369 nos
1122 329 1282 370 nostris
1313 327 1453 370 verbis
1492 340 1648 385 magna

88 384 228 426 facere
249 385 526 431 demonstrat,
548 391 592 423 et
613 383 771 425 oblitos
801 399 910 435 esse,
930 385 1088 425 bellum
1120 384 1226 425 illud
1261 398 1386 426 omne
1420 384 1650 426 Mithrida-

91 441 225 483 ticum
244 455 342 483 cum
364 440 626 480 mulierculis
646 454 740 482 esse
762 448 956 496 gestum3
988 442 1102 496 quod
1120 455 1200 496 ego
1217 440 1344 497 longe
1361 440 1485 483 secus
1502 441 1650 483 existi·-

90 512 176 548 mo,
203 497 399 554 judices:
432 497 484 537 de
520 510 572 536 ue
605 511 655 537 eo
690 512 828 553 pauca
862 498 1092 539 disseram:
1126 512 1264 553 neque
1301 497 1412 538 enim
1445 511 1575 539 causa
1603 497 1649 539 in

90 553 174 596 hoc
187 553 443 595 continetur.
489 511 629 603 <llam,
655 553 690 593 si
709 554 852 595 onmia
871 555 994 604 bella,
1013 568 1108 609 quae
1125 568 1222 594 cum
1240 553 1402 594 Graecis
1423 554 1648 609 gessimus,
1695 552 1721 592 5

92 609 408 651 contemnenda
447 616 570 660 sunt3
602 609 843 651 derideatur
882 611 934 651 de
973 624 1073 665 rege
1113 609 1274 664 Pyrrho
1306 609 1545 665 triumphus
1584 610 1648 651 M.

92 665 237 717 Curii;
279 665 332 706 de
375 665 591 721 Philippo,
631 665 680 707 T.
722 666 942 714 Flaminii3
974 666 1027 706 de
1067 665 1242 716 AEtolis,
1282 665 1346 705 M.
1388 665 1553 716 Fulvii3
1595 666 1650 707 de

90 735 189 777 rege
224 721 369 772 Perse,
403 722 448 763 L.
483 721 633 772 Pauli;
664 722 717 762 de
751 721 1138 777 Pseudophilippo,
1171 721 1225 769 Q.
1255 720 1446 772 Metelli3
1483 722 1536 763 de
1565 721 1650 763 Co-

89 777 274 829 rinthiis,
292 779 338 819 L.
354 777 552 819 Mummii
568 793 577 818 :
610 777 675 818 sin
690 779 782 819 haec
795 778 906 819 bella
923 778 1189 833 gravissima,
1206 777 1482 834 victoriaeque
1503 791 1651 820 eorum

89 833 301 875 bellorum
331 834 592 890 gravissimae
624 833 814 886 fuerunt;
846 849 921 876 cur
942 834 1147 875 Asiaticae
1177 834 1390 885 nationes,
1421 841 1550 891 atque
1578 835 1650 876 ille
1672 832 1724 874 10

93 888 120 931 ὲ
136 897 179 931 te
200 890 338 932 hostis
360 890 680 932 contemnitur?
741 891 889 947 Atqui,
912 905 964 931 ex
984 897 1175 932 veterum
1195 905 1333 931 rerum
1361 891 1650 942 monimentis,

90 947 158 987 vel
192 947 423 988 maximum
454 946 613 988 bellurn
644 948 849 1003 populum
881 947 1065 988 Roman.
1094 962 1190 988 cum
1219 947 1436 989 Antiocho
1463 948 1651 1003 gessisse

90 1002 242 1045 video:
274 1004 396 1058 cujus
435 1003 539 1044 belli
574 1004 711 1044 victor
748 1003 794 1045 L.
830 1004 994 1060 Scipio,
1034 1003 1157 1059 pai-tii
1193 1018 1291 1044 cum
1328 1003 1482 1044 Publio
1524 1004 1653 1045 fratre

94 1059 245 1114 gloria,
265 1074 394 1116 quam
424 1060 595 1100 laudem
625 1061 711 1111 ille,
736 1060 886 1102 Africa
914 1060 1134 1116 oppressa,
1156 1059 1412 1116 cognomine
1442 1059 1536 1115 ipso
1568 1074 1651 1115 prae

95 1129 140 1156 se
168 1116 344 1166 ferebat,
373 1116 568 1157 eamdem
599 1116 670 1157 hic
702 1116 785 1157 sibi
817 1131 870 1157 ex
904 1117 1020 1157 Asiae
1050 1116 1223 1157 nomine
1250 1117 1496 1173 assumpsit.
1555 1118 1652 1165 Quo
1674 1114 1725 1156 15

95 1172 269 1228 quidem
300 1172 344 1212 in
371 1172 485 1213 bello
513 1172 647 1213 virtus
679 1173 833 1214 enituit
863 1173 1038 1229 egregia
1068 1173 1133 1214 M.
1161 1172 1353 1222 Catonis,
1385 1172 1531 1228 proavi
1563 1173 1651 1214 tui:

96 1230 181 1284 quo
202 1229 273 1270 ille
294 1227 411 1280 (cum
433 1235 560 1278 esset,
582 1236 630 1269 ut
660 1243 741 1285 ego
774 1229 878 1270 mihi
909 1237 1066 1279 statuo,
1088 1229 1202 1279 talis,
1223 1230 1392 1284 qualem
1413 1236 1456 1270 te
1478 1244 1572 1271 esse
1591 1229 1655 1270 vi-

96 1285 196 1336 deo)
217 1298 433 1339 nunquam
455 1298 553 1325 cum
576 1284 778 1340 Scipione
801 1292 917 1326 esset
940 1286 1173 1341 profectus,
1196 1285 1232 1325 si
1264 1300 1361 1326 cum
1391 1285 1654 1328 mulierculis

94 1340 342 1382 bellandum
363 1354 457 1381 esse
478 1340 765 1382 arbitraretur.
821 1342 973 1397 Neque
994 1343 1092 1382 vero
1114 1356 1211 1382 cum
1234 1341 1285 1382 P.
1305 1341 1510 1382 Africano
1532 1356 1656 1384 senaa

94 1403 162 1439 tus
182 1397 357 1455 egisset,
376 1403 426 1438 ut
452 1397 618 1453 legatus
639 1397 755 1438 fratri
775 1398 1118 1454 proficisceretur
1142 1398 1257 1452 (cum
1277 1397 1370 1453 ipse
1390 1398 1518 1454 paulo
1540 1397 1654 1451 ante,
1673 1398 1729 1439 20

139 1611 171 1640 6.
194 1608 242 1640 Μ.
257 1609 368 1651 Curii]
413 1609 462 1640 M.
481 1608 593 1640 Curius
608 1609 648 1639 de
665 1608 786 1650 Pyrrho
804 1609 856 1640 tri·
899 1620 964 1640 rum
980 1613 1116 1640 montem
1132 1615 1190 1647 est,
1205 1610 1371 1640 decedere.
1417 1610 1500 1642 Vide
1517 1610 1585 1644 Liv.
1600 1611 1658 1644 lib·

95 1653 271 1693 umphavit,
283 1652 353 1683 cum
368 1651 479 1683 iterum
495 1651 547 1682 ille
564 1662 602 1682 ex
618 1652 726 1682 Sicilia.
742 1654 775 1682 in
790 1652 856 1683 Ita-

94 1695 169 1726 liam
191 1696 316 1731 rediret,
336 1706 374 1726 ex
397 1694 460 1737 qua
482 1704 605 1736 prorsus
630 1705 702 1725 eum
724 1695 855 1736 expulit.

99 1738 185 1769 Vide
201 1738 336 1774 Livium,
351 1738 406 1768 lib.
423 1740 475 1769 14.

139 1783 172 1813 7.
195 1781 242 1811 De
257 1781 404 1821 Philippo,
421 1780 454 1810 T.
472 1779 642 1820 Flaminii]
699 1781 777 1811 Post
791 1780 858 1810 bel-

96 1823 161 1854 lum
186 1823 340 1854 Punicum
367 1823 550 1855 secundum.
596 1823 777 1864 Philippus,
803 1833 856 1854 rex

99 1865 311 1902 Macedoniae,
332 1866 448 1897 bellum
468 1876 539 1897 cum
562 1876 638 1907 pop.
656 1865 752 1897 Rom.
765 1876 856 1897 reno-

97 1909 195 1945 vavit,
219 1910 304 1950 quod
327 1908 347 1939 ὅ
369 1909 408 1940 Τ.
424 1908 578 1940 Flaminio
596 1908 772 1939 confectum
797 1915 855 1941 est.

98 1951 182 1983 vide
200 1952 334 1990 Livium,
348 1952 403 1984 lib.
423 1953 478 1983 32.
500 1957 534 1982 et
554 1952 677 1982 duobus
699 1952 857 1994 sequenti·

98 1994 167 2026 bus.

141 2036 192 2068 Ib.
216 2036 263 2068 De
282 2036 418 2078 AEtolis.]
461 2036 587 2067 Fulvius
611 2035 756 2067 Nobilior
781 2047 857 2067 con-

96 2079 156 2115 sul,
172 2080 307 2111 subactis
331 2078 613 2115 Ambraciensibus,
631 2078 754 2109 AEtolos
770 2080 857 2115 vicit,

97 2128 130 2154 et
153 2122 292 2163 Reipub.
307 2132 418 2163 pacem
439 2122 542 2160 dedit;
567 2122 606 2152 ob
629 2122 725 2162 idque
748 2121 856 2151 triurn-

120 2166 218 2198 havit.

97 2176 119 2207 p
142 2208 191 2239 Ib.
219 2207 262 2238 De
275 2217 341 2248 rege
356 2207 468 2248 Persa]
512 2207 622 2237 Perses
636 2206 701 2242 ille,
718 2205 858 2247 Philippi

97 2252 178 2292 regis
201 2251 401 2281 Macedoniae
425 2251 517 2285 filius,
540 2249 559 2279 εἴ
587 2249 685 2279 Paulo
707 2248 805 2278 victus
827 2254 860 2278 et

96 2300 208 2334 captus
224 2299 271 2324 est
291 2303 360 2324 cum
377 2293 458 2328 filiis,
473 2292 527 2333 qni
551 2298 621 2323 ante
645 2291 713 2332 ejus
735 2301 856 2322 currum

99 2347 156 2378 per
170 2338 359 2376 triumphum
375 2336 460 2365 ducti
477 2340 558 2366 sunt.

144 2382 175 2410 8.
199 2379 462 2419 Pseudophilippo]
492 2376 780 2417 Pseudophilippus
797 2376 858 2415 pri-

101 2422 184 2453 mum
200 2422 372 2453 Andriscus
395 2420 570 2462 appellatus
586 2425 645 2454 est,
660 2425 692 2449 et
713 2429 745 2450 se
761 2418 858 2449 filiurn

100 2465 207 2496 Persei
221 2465 318 2496 finxit.
365 2464 441 2502 Hic,
451 2461 821 2503 occupat31Macedonifi,
837 2462 856 2492 ὁ.

101 2507 144 2544 Q.
167 2507 293 2539 Caecilio
314 2507 450 2538 Metello
472 2506 572 2537 victus
599 2510 658 2542 est,
680 2510 712 2536 et
734 2509 856 2545 captus.

102 2550 170 2581 Liv.
186 2550 238 2581 lib.
254 2552 308 2581 49.
325 2554 358 2580 et
371 2551 424 2580 50.

145 2592 194 2623 Ib.
219 2592 264 2623 De
278 2592 461 2634 Corinthiis]
498 2592 584 2623 Vide
598 2590 686 2622 Orat.
701 2601 757 2632 pro
773 2590 859 2631 Lege

103 2635 214 2666 Manil.
229 2645 347 2676 paragr.
361 2636 403 2668 iv.
418 2635 439 2667 l.
452 2637 506 2666 43.

147 2681 199 2710 12.
223 2677 294 2708 Cum
307 2677 475 2719 Antiocho]
495 2677 668 2709 Antiochus
684 2676 769 2718 pacis
785 2685 860 2706 con-

105 2720 275 2753 ditionibus
287 2721 308 2750 i
329 2731 404 2762 pop.
418 2720 514 2752 Rom.
529 2726 655 2752 coactus
670 2726 718 2751 est
737 2720 776 2750 ab
795 2718 858 2749 Eu-

105 2764 183 2807 ropa
204 2763 368 2801 abstinere,
382 2768 413 2796 et
426 2764 512 2796 omni
524 2763 615 2802 Asia,
629 2773 700 2805 qua
714 2762 759 2794 cis
777 2761 860 2792 Tau-

900 1654 954 1689 35,
970 1654 1024 1687 36,
1040 1655 1093 1688 37,
1107 1658 1139 1683 et
1153 1655 1206 1683 38.

944 1697 994 1726 13.
1019 1694 1057 1726 L.
1068 1695 1192 1737 Scipio]
1227 1695 1264 1726 L.
1279 1695 1333 1736 qui
1347 1694 1504 1728 Asiaticus
1515 1697 1657 1728 nomina-

900 1743 948 1768 tus
964 1744 1022 1769 est.

942 1781 991 1812 Ib.
1018 1780 1091 1811 Cum
1107 1781 1213 1811 Publio
1216 1779 1350 1822 fratre]
1384 1780 1416 1811 Is
1431 1786 1478 1812 est
1493 1781 1575 1814 Pub.
1590 1782 1657 1814 Sci-

898 1823 951 1865 pio
971 1822 1135 1855 Africanus
1159 1824 1268 1865 major,
1288 1823 1342 1863 qui
1364 1824 1449 1854 fratri
1468 1825 1587 1856 consuli
1610 1825 1657 1856 le-

899 1873 987 1907 gatus
1013 1867 1170 1907 profectus
1194 1871 1242 1898 est
1265 1866 1297 1896 in
1322 1865 1443 1904 Asiam,
1469 1868 1509 1898 ad
1540 1867 1656 1899 bellum

897 1909 1060 1941 Antiochi.

943 1955 995 1984 14.
1021 1952 1195 1993 Cognomina
1215 1951 1300 1993 ipsa]
1345 1952 1460 1982 Lucius
1482 1952 1534 1983 ille
1550 1953 1656 1995 Scipio

899 1995 1014 2035 primus
1028 1994 1165 2025 omniurn
1187 1994 1407 2034 imperatorum
1426 1996 1557 2027 devictae
1580 1996 1599 2026 ὲ
1619 2004 1656 2026 se

899 2037 1032 2068 nationis
1044 2038 1170 2067 nomine
1182 2037 1344 2077 insignitus
1357 2042 1415 2069 est.

944 2083 997 2112 16.
1023 2080 1068 2110 Μ.
1083 2079 1225 2119 Catonia]
1271 2080 1319 2109 M.
1336 2079 1428 2116 Cato,
1441 2080 1473 2109 in
1488 2080 1573 2110 bello
1589 2082 1657 2110 An-

899 2123 1006 2158 tiochi,
1020 2132 1090 2152 cum
1104 2122 1225 2151 duobus
1241 2122 1374 2152 millibus
1399 2121 1528 2152 militum
1545 2122 1655 2153 miss'us

902 2166 940 2195 ab
960 2165 1146 2205 imperatore
1169 2174 1223 2194 suo
1239 2165 1402 2199 Flaminio,
1419 2164 1656 2203 Callidromum,

903 2218 996 2237 unnrn
1012 2218 1050 2238 ex
1072 2207 1350 2248 Thermopylarum
1367 2206 1462 2249 jugis,
1479 2208 1656 2249 occupavit.

904 2251 987 2281 Vide
1000 2250 1133 2287 Livium,
1147 2250 1197 2279 lib.
1213 2252 1266 2281 36.

943 2293 992 2324 Ib.
1016 2292 1124 2323 Proavi
1146 2292 1220 2332 tui.]
1276 2291 1356 2322 Cato
1380 2293 1479 2322 minor
1500 2298 1655 2334 pronepos

898 2336 958 2366 fuit
974 2335 1106 2376 majoris,
1121 2340 1156 2365 ut
1169 2335 1262 2365 refert
1277 2335 1362 2366 Geli.
1376 2334 1430 2366 lib.
1448 2338 1500 2367 13.
1518 2347 1588 2375 cap.
1603 2338 1657 2368 19.

943 2380 996 2410 19.
1023 2378 1096 2408 Cum
1113 2377 1149 2408 P.
1167 2377 1336 2419 Africuno.]
1374 2378 1466 2408 Libro
1481 2381 1534 2410 37.
1550 2379 1657 2410 Livius

901 2427 1004 2452 narrat
1018 2421 1251 2451 contentionem
1266 2421 1360 2451 fuisse
1383 2421 1463 2452 inter
1482 2421 1519 2452 L.
1536 2421 1658 2462 Scipio-

900 2475 973 2495 nem
998 2469 1031 2494 et
1055 2463 1093 2494 C.
1120 2462 1249 2493 Laelium
1282 2463 1424 2494 consules
1459 2465 1499 2494 de
1523 2464 1657 2500 Graeciiz,

902 2518 995 2549 quam
1018 2512 1147 2546 uterque
1168 2506 1226 2536 sibi
1248 2506 1372 2536 decerni
1389 2507 1576 2547 postulabat,
1593 2507 1659 2537 bel.

902 2551 966 2580 lum
981 2549 1110 2590 gerendi
1122 2548 1216 2579 caus&
1231 2559 1300 2579 cum
1316 2548 1482 2580 Antiocho.
1527 2548 1657 2586 Verum,

902 2592 972 2623 curn
988 2591 1065 2623 Pub.
1082 2591 1189 2632 Scipio
1208 2590 1371 2622 Africanus
1395 2592 1532 2627 dixisset,
1548 2592 1573 2622 si
1595 2591 1659 2622 Lu·

901 2636 950 2666 cio
963 2635 1050 2665 fratri
1073 2645 1128 2664 suo
1150 2634 1275 2664 daretur
1294 2633 1359 2670 illa,
1379 2644 1412 2665 se
1433 2634 1569 2674 legatum
1585 2644 1658 2665 cum

899 2678 953 2709 illo
976 2677 1197 2719 profecturum;
1221 2677 1289 2708 haec
1303 2687 1373 2712 vox,
1396 2687 1509 2718 magno
1531 2679 1658 2708 assensu

902 2720 1021 2758 audita,
1033 2725 1192 2752 certamen
1205 2730 1297 2751 omne
1313 2719 1446 2750 sustulit.
