1838 3017
747 141 806 173 m:
831 140 857 172 Λ
865 143 894 173 M
904 141 1055 175 ιςιϊιΑ.
1591 143 1677 190 503

110 216 237 260 beati.
297 213 337 260 O
369 219 613 276 praeclaram
645 218 920 276 sapientiam!
983 219 1127 261 Solem
1160 217 1271 262 enim
1292 216 1316 260 ὲ
1337 220 1498 263 mundo
1521 224 1673 268 tollere

107 273 319 326 videntur,
350 276 423 332 qui
455 276 687 318 amicitiam
717 276 740 317 ὲ
769 276 856 317 vita
880 276 1064 326 tollunt3
1128 276 1183 316 ua
1204 276 1228 318 a
1249 276 1332 318 diis
1353 277 1670 324 immortalibus

107 330 211 371 nihil
234 333 383 373 melius
404 332 627 384 habemus,
656 333 761 374 nihil
787 333 1038 389 jucundius.
1095 291 1206 380 311ae
1228 341 1294 374 est
1314 334 1426 376 enim
1445 334 1528 376 ista
1549 350 1671 379 secu-

106 385 208 427 ritas
227 388 243 428 ?
273 388 416 444 specie
434 389 607 445 quidem
630 390 800 442 blanda,
827 390 901 432 sed
925 404 1072 445 reapse
1093 389 1239 430 multis
1260 390 1367 431 locis
1389 391 1670 447 repudianda,

108 441 259 499 Neque
280 446 392 487 enim
414 455 479 487 est
499 454 850 497 consentaneum,
881 447 1011 487 ullam
1028 446 1253 487 honestam
1275 460 1363 488 rem
1384 449 1669 501 actionemve,

106 512 159 540 ne
173 500 384 542 sollicitus
403 503 476 554 εἰς,
494 511 568 544 aut
584 518 668 544 non
686 504 917 559 suscipere,
930 511 1004 543 aut
1020 509 1266 558 susceptam
1280 504 1507 559 deponere.
1538 505 1669 554 Quod

105 555 139 595 si
161 570 304 598 curam
327 558 532 614 fugimus,
554 560 685 600 virtus
706 560 911 616 fugienda
931 567 1019 609 est3
1050 574 1160 614 quae,
1181 573 1359 600 necesse
1377 568 1456 611 est,
1474 576 1572 602 cum
1589 563 1665 604 ali-

104 612 189 667 qua
210 613 312 654 cura
332 630 397 656 res
419 616 500 657 sibi
523 615 756 658 contrarias
777 616 1056 672 adspernetur
1085 623 1214 670 atque
1234 615 1391 666 oderit;
1423 624 1470 657 ut
1498 617 1669 661 bonitas

104 668 616 729 malitiam,temperantia
633 672 871 722 libidinem,
884 671 1100 727 ignaviam
1114 671 1334 712 fortitudo.
1358 671 1508 728 ltaque
1523 674 1669 716 videas

103 725 231 767 rebus
254 727 578 784 injustisjustos
595 727 778 769 maxime
795 729 955 776 dolere,
974 726 1261 767 imbecillibus
1277 727 1423 779 fortes,
1440 729 1670 785 flagitiosis

102 782 335 824 modestos.
382 784 498 840 Ergo
519 785 603 826 hoc
623 784 838 840 proprium
859 790 924 824 est
939 782 1069 823 animi
1089 783 1198 823 bene
1219 783 1459 836 constituti,
1474 794 1518 827 et
1538 787 1673 829 laetari

102 838 227 879 bonis
249 840 390 891 rebus,
411 849 454 882 et
475 841 618 882 dolere
636 840 870 881 contrariis.
933 839 1236 890 Quamobrem,
1255 840 1289 881 si
1309 841 1427 883 cadit
1441 841 1484 883 in
1501 844 1673 900 sapien‘

102 901 190 935 tem
225 895 356 937 animi
383 897 506 938 dolor
525 897 618 953 (qui
637 895 831 952 profecto
853 896 987 947 cadit,
1010 895 1090 936 nisi
1114 910 1165 936 ex
1188 897 1278 952 ejus
1299 897 1442 939 animo
1464 901 1673 957 exstirpa·

102 957 191 992 tam
211 951 520 994 humanitatem
541 953 826 1004 arbitremur),
858 967 953 1008 quae
974 967 1104 993 causa
1124 959 1204 1004 est,
1226 968 1301 994 cur
1320 954 1554 998 amicitiam
1577 957 1674 999 sun·

103 1007 217 1049 ditus
234 1009 436 1051 tollamus
458 1009 481 1051 ὲ
504 1010 609 1059 vita,
635 1025 687 1051 ne
708 1010 872 1064 aliquas
895 1018 1068 1065 propter
1088 1023 1182 1050 eam
1213 1010 1497 1066 suspiciamus
1518 1014 1675 1054 moles-

103 1064 219 1105 tias?
251 1066 366 1113 Quid
388 1067 500 1108 enim
523 1067 714 1115 interest,
735 1073 855 1107 motu
883 1065 1014 1106 animi
1035 1065 1219 1117 sublato,
1239 1080 1323 1107 non
1346 1067 1444 1109 dico
1464 1068 1574 1111 inter
1594 1070 1675 1111 ho-

104 1122 264 1163 minem
295 1131 338 1164 et
369 1124 594 1180 pecudem,
626 1125 702 1164 sed
735 1123 846 1163 inter
875 1121 1093 1163 hominem
1127 1130 1169 1163 et
1189 1137 1340 1164 saxum
1361 1132 1436 1165 aut
1456 1132 1675 1179 truncum,

102 1186 177 1219 aut
197 1179 367 1235 quidvis
390 1180 556 1236 generis
579 1179 802 1236 ejusdem?
834 1178 988 1234 Neque
1009 1179 1123 1219 enim
1145 1186 1246 1220 suut
1268 1179 1337 1220 isti
1358 1181 1572 1234 audiendi,
1594 1184 1672 1239 qui

101 1235 301 1277 virtutem
323 1237 486 1287 duram,
520 1243 564 1277 et
591 1237 714 1292 quasi
736 1236 927 1286 ferream,
960 1250 1054 1277 esse
1075 1235 1249 1287 volunt3
1281 1251 1375 1292 quae
1397 1238 1570 1294 quidem
1587 1247 1675 1293 est,

102 1291 199 1333 cum
228 1293 371 1334 multis
405 1293 447 1333 in
479 1293 620 1343 rebus,
649 1301 741 1334 tum
771 1293 815 1332 in
844 1291 1050 1342 amicitia,
1083 1298 1230 1333 tenera
1259 1301 1388 1349 atque
1405 1296 1673 1349 tractabilis;

100 1355 150 1389 ut
169 1356 213 1390 et
230 1349 357 1390 bonis
379 1349 505 1391 amici
523 1349 645 1405 quasi
661 1348 969 1399 diffundantur,
986 1354 1030 1390 et
1045 1348 1331 1390 incommodis
1348 1352 1676 1394 contrahantur..

101 1404 391 1452 Quamobrem
411 1420 546 1463 angor
565 1406 663 1457 iste,
685 1407 756 1462 qui
777 1420 853 1462 pro
883 1405 1024 1446 amico
1058 1420 1172 1461 saepe
1201 1405 1436 1461 capiendus
1470 1416 1550 1461 est,
1580 1424 1673 1451 non·

100 1468 267 1503 tantum
278 1463 404 1513 valet,
421 1471 470 1504 ut
489 1463 612 1504 tollat
627 1462 651 1503 e
665 1463 753 1503 vita
766 1461 1021 1512 amicitiam3
1042 1476 1128 1503 non
1144 1462 1255 1518 plus,
1272 1465 1400 1518 quam
1415 1470 1462 1506 ut
1474 1466 1673 1519 virtutes,

101 1518 203 1574 quia
222 1520 450 1560 nonnullas
473 1534 595 1561 curas
618 1527 662 1561 et
681 1518 902 1560 molestias
923 1518 1117 1568 afferunt,
1133 1520 1418 1575 repudientur.

157 1575 278 1616 XIV.
313 1575 424 1617 Cum
451 1583 595 1617 autem
624 1576 849 1617 contrahat
868 1575 1100 1616 amicitiam
1130 1579 1198 1626 (ut
1224 1575 1354 1632 supra
1375 1577 1496 1630 dixi),
1526 1578 1561 1620 si
1584 1593 1669 1636 qua

102 1630 365 1687 significatio
381 1632 552 1674 virtutis
576 1632 758 1684 eluceat,
778 1632 832 1673 ad
861 1646 989 1687 quam
1018 1646 1063 1673 se
1099 1631 1250 1672 similis
1281 1633 1446 1675 animus
1478 1635 1668 1691 applicet

102 1696 145 1728 et
166 1689 396 1745 adjungat3
414 1689 456 1730 id
478 1688 575 1731 clim
595 1689 823 1745 contingit,
846 1703 964 1729 amor
984 1688 1210 1739 exoriatur,
1233 1703 1410 1731 necesse
1432 1699 1512 1732 est.
1547 1692 1668 1740 Quid}

100 1745 215 1786 enim
251 1752 339 1787 tam
371 1746 620 1794 absurdum,
655 1745 786 1801 quam
822 1744 1024 1786 delectari
1058 1744 1204 1785 multis
1225 1744 1424 1788 inanibus
1445 1748 1587 1800 rebus,
1617 1756 1669 1791 ut

98 1801 278 1853 honore,
324 1809 372 1843 ut
405 1802 558 1859 gloria,
603 1809 652 1843 ut
687 1801 885 1853 aedificio,
930 1808 977 1842 ut
1008 1801 1181 1851 vestitu,
1214 1802 1415 1859 cultuque
1447 1806 1668 1860 corporis;

100 1857 242 1899 animo
271 1865 416 1900 autem
449 1858 602 1900 virtute
643 1858 839 1915 praedito,
871 1872 935 1908 eo,
969 1857 1043 1914 qui
1064 1858 1130 1898 vel
1150 1872 1306 1910 amare,
1337 1860 1405 1900 vel
1436 1863 1502 1916 (ut
1520 1862 1582 1902 ita
1601 1863 1671 1903 di-

100 1919 216 1966 cam)
246 1915 462 1956 redamare
486 1916 637 1971 possit,
660 1930 747 1956 non
773 1915 1006 1955 admodum
1026 1914 1260 1955 delectari?
1322 1916 1442 1957 Nihil
1462 1925 1530 1958 est
1549 1919 1667 1961 enim

100 1971 441 2012 remuneratione
460 1971 785 2021 benevolentiae,
805 1970 910 2011 nihil
927 1970 1222 2011 vicissitudine
1242 1972 1478 2013 studiorum
1499 1974 1667 2015 officio-

99 2041 293 2083 rumque,
307 2027 557 2083 jucuudius.
603 2026 730 2075 Quod
753 2028 788 2067 si
806 2027 933 2067 etiam
949 2027 1055 2067 illud
1072 2026 1283 2075 addimus,
1299 2029 1413 2082 quod
1431 2029 1546 2071 recte
1563 2031 1667 2072 addi

98 2090 258 2140 potest,
294 2084 399 2124 nihil
434 2099 541 2134 esse,
575 2083 691 2140 quod
723 2084 778 2124 ad
806 2098 851 2125 se
873 2097 960 2124 rem
981 2083 1110 2123 ullam
1131 2090 1219 2123 tam
1239 2083 1400 2125 alliciat
1416 2092 1460 2126 et
1482 2093 1570 2128 tam
1599 2094 1668 2128 at-

99 2142 256 2192 trahat,
278 2139 411 2197 quam
442 2141 494 2181 ad
521 2139 756 2181 amicitiam
777 2139 1036 2190 similitud03
1068 2139 1330 2181 concedetur
1350 2141 1561 2196 profecto,
1592 2158 1667 2186 ve-

101 2211 194 2238 rum
216 2212 325 2247 esse,
358 2205 406 2238 ut
425 2197 563 2238 bonos
584 2196 684 2239 boni
706 2196 902 2253 diligant,
935 2195 1267 2252 adsciscantque
1289 2197 1386 2249 sibi,
1417 2200 1538 2254 quasi
1570 2214 1666 2256 pro-

101 2253 342 2316 pinquitate
375 2255 630 2309 conjunctos
663 2260 790 2309 atque
824 2252 1000 2294 natur-si:
1033 2252 1138 2293 nihil
1170 2260 1237 2294 est
1257 2253 1370 2294 enim
1390 2257 1666 2311 appetentius

102 2310 310 2352 similium
331 2310 410 2359 sui,
430 2310 535 2351 nihil
556 2310 767 2366 rapacius,
788 2309 919 2366 quam
938 2315 1102 2350 natura.
1164 2309 1454 2358 Quamobrem
1469 2312 1553 2354 hoc
1573 2313 1667 2370 qui-

103 2367 216 2418 dem,
248 2366 385 2408 Fanni
419 2374 462 2408 et
495 2367 703 2418 Scaevola,
730 2373 914 2417 constat,
947 2373 996 2407 ut
1027 2365 1350 2422 opium-,bonis
1386 2368 1495 2409 inter
1525 2369 1667 2410 bonos

101 2425 225 2480 quasi
242 2423 526 2465 necessariam
542 2423 886 2465 benevolentiam
901 2437 1020 2465 esse:
1045 2422 1119 2478 qui
1136 2430 1203 2464 est
1216 2423 1417 2465 amicitiae
1434 2425 1529 2467 fons
1547 2425 1573 2466 a
1589 2440 1670 2466 na-

101 2480 198 2521 tura
218 2480 493 2522 constitutus.
525 2480 612 2522 Sed
634 2481 782 2522 eadem
798 2479 970 2522 bonitas
987 2479 1116 2521 etiam
1133 2480 1186 2520 ad
1204 2480 1522 2523 multitudinem
1538 2481 1671 2537 perti..

102 2544 195 2578 net:
218 2551 304 2579 non
318 2544 385 2578 est
400 2537 515 2579 enim
528 2537 759 2578 inhumana
775 2537 922 2588 virtus,
935 2551 1074 2592 neque
1093 2536 1349 2590 [immunis,]
1367 2552 1506 2593 neque
1523 2551 1671 2594 super-0·

102 2592 179 2643 ba;
210 2608 304 2649 quae
335 2594 464 2635 etiam
485 2595 665 2650 populos
690 2594 910 2635 universos
928 2593 1052 2643 tueri,
1073 2593 1221 2649 eisque
1243 2592 1405 2648 optime
1426 2595 1668 2648 consulere,

104 2649 266 2691 soleat:
297 2651 415 2706 quod
437 2665 519 2692 non
541 2651 702 2693 faceret
726 2648 936 2706 profecto,
967 2649 1004 2690 si
1025 2648 1051 2689 -ἒι
1071 2650 1248 2690 caritate
1270 2649 1385 2705 vulgi
1406 2649 1665 2693 abhorreret.

105 2706 250 2762 Atque
283 2707 410 2748 etiam
439 2707 544 2748 mihi
581 2707 754 2764 quidem
787 2706 996 2756 videntur,
1028 2706 1103 2762 qui
1130 2705 1325 2746 utilitatis
1347 2704 1476 2747 causa
1496 2707 1669 2763 fingunt:

102 2763 329 2816 amicitiaS,
359 2764 713 2807 amabilissimum
733 2764 893 2806 nodum
914 2762 1114 2806 amicitiae
1135 2762 1304 2807 tollere:
1335 2775 1422 2805 non
1441 2763 1555 2821 enim
1576 2771 1666 2818 tam
