1858 3095
845 198 951 230 vim
964 221 971 230 .
1649 192 1726 248 χ’ῑ-,ξ

89 270 202 328 peio‚
220 272 470 314 muneribus
484 274 711 328 corruptus
724 272 964 324 liberasset,
974 274 1026 314 de
1042 272 1157 315 illius
1172 275 1312 316 reditu
1327 272 1456 331 opera
1470 274 1705 318 amicorum

88 342 215 370 affere
234 330 379 385 coepit.
441 327 688 370 Resistente
713 329 869 370 frustra
891 330 1062 381 Clodio,
1085 331 1248 386 placuit
1280 331 1475 381 Senatui,
1511 330 1617 371 nihil
1657 332 1702 373 in

89 366 260 441 ffepub.
296 385 539 434 decernere,
561 385 679 426 nulla
702 386 754 427 de
790 401 832 427 re
865 400 1005 442 agere,
1036 387 1117 428 nisi
1143 387 1256 442 prius
1291 387 1444 428 Cicero
1471 387 1522 427 ab
1548 387 1699 428 exsilio

90 451 370 483 revocaretur.
422 441 586 490 Quarto
610 442 709 483 Kal.
725 442 978 484 Novembris
1001 450 1099 484 octo
1117 443 1294 485 Tribuni
1317 444 1455 500 plebis
1478 443 1531 484 de
1555 442 1700 484 Cicer-

91 498 185 538 onis
200 497 339 539 reditu
353 498 494 554 legem
510 498 852 557 promulgarunt:
869 499 1412 556 iisdemquereferentibus,
1425 499 1702 549 P.Lentulus‚

92 553 256 595 Consul
279 553 545 610 designatus,
568 555 969 611 praestantissimam
990 556 1250 597 sententiam
1267 557 1319 598 de
1344 556 1559 598 Cicerone
1577 555 1702 598 dixit.

530 664 698 693 ANNUS
737 666 883 694 imnis
919 666 1152 695 CONDITAE
1177 654 1277 695 696.

97 737 210 780 Coss.
241 740 294 782 P.
315 736 511 782 Cornelio
535 739 741 791 Lentulo,
769 744 819 790 Q.
837 740 1012 783 Ccecilz'o
1033 742 1209 783 illetello
1231 742 1412 795 Nepote,
1434 747 1536 783 ante
1560 738 1706 783 Chris-

462 803 554 838 tum
574 798 643 839 56.
708 801 923 840 Ciceronis
942 800 1347 852 quinquagesimus.

148 883 247 926 Non
268 885 383 942 prius
406 885 610 928 Lentulus
626 900 724 928 cum
746 886 927 928 Metello
946 882 1231 928 Consulatum
1247 885 1384 937 inivit,
1400 884 1533 941 quam
1552 884 1609 926 de
1629 885 1700 927 Ci-

92 953 246 983 cerone
265 943 507 985 revocando
529 943 743 999 agendum
760 943 944 1000 putavit.
1007 943 1158 1000 Itaque
1192 943 1244 984 de
1267 942 1380 983 illius
1404 942 1544 983 reditu
1566 941 1702 984 Sena-

91 1003 206 1039 tores
228 1000 484 1041 sententiam
502 1000 639 1056 rogati
661 1007 773 1042 sunt.
836 1000 966 1041 Cotta
988 1000 1112 1051 dixit,
1134 999 1242 1040 nihil
1257 1000 1352 1055 jure
1374 1005 1517 1040 actum
1535 1013 1633 1040 esse·
1643 999 1699 1040 de

95 1053 319 1107 Cicerone,
336 1056 442 1097 nihil
462 1071 578 1098 more
599 1057 822 1114 majorum,
848 1055 954 1097 nihil
967 1057 1153 1112 legibus,
1176 1055 1365 1112 ideoque
1382 1056 1476 1111 lege
1494 1068 1579 1095 non
1594 1064 1703 1111 opus

93 1124 188 1152 esse
220 1118 267 1152 ut
303 1120 597 1163 revocaretur3
628 1120 672 1154 at
694 1114 861 1154 censuit
881 1113 1133 1168 Pompeius,
1158 1120 1205 1153 ut
1245 1110 1430 1153 Senatfi‘s
1460 1111 1702 1153 auctoritas

94 1167 306 1210 beneficio
328 1170 473 1225 populi
490 1170 739 1210 firmaretur.
798 1169 886 1210 Res
905 1169 1046 1210 subito
1068 1169 1271 1210 confecta
1292 1175 1420 1219 esset,
1437 1168 1520 1209 nisi
1539 1168 1702 1210 Sextus

99 1223 280 1266 Attilius
300 1224 323 1267 ὲ
346 1225 533 1267 factione
557 1226 715 1274 Clodii,
736 1225 798 1265 vir
817 1226 1103 1276 turbulentus,
1126 1240 1212 1266 non
1235 1239 1364 1265 ausus
1386 1224 1561 1280 quidem
1575 1225 1702 1265 inter-

101 1280 266 1331 cedere,
298 1288 471 1322 noctem
493 1282 573 1323 sibi
613 1282 666 1322 ad
688 1282 1010 1322 deliberandum
1031 1281 1307 1337 postulasset.
1370 1280 1471 1330 Sed,
1495 1279 1592 1321 cum
1613 1295 1709 1336 per-

97 1343 249 1391 specta
274 1344 389 1378 esset
410 1336 594 1378 Senatus
612 1338 827 1387 voluntas,
855 1352 987 1377 causa
1015 1338 1069 1377 ad
1103 1337 1311 1392 populum
1334 1349 1443 1376 viil.
1464 1335 1565 1376 Kal.
1600 1336 1705 1378 Feb.

99 1392 243 1433 delata
263 1393 359 1435 fuit.
421 1393 539 1434 Nihil
557 1408 642 1434 non
662 1393 844 1434 effecere
868 1393 1084 1443 Clodiani,
1107 1400 1155 1433 ut
1169 1392 1392 1433 Ciceronis
1408 1392 1592 1432 reditum
1609 1405 1705 1447 pro-

96 1448 307 1491 hiberent.
368 1449 466 1506 Ipse
481 1449 676 1500 Clodius,
694 1449 884 1505 acceptis
900 1450 925 1489 a
942 1450 1068 1490 fratre
1087 1448 1230 1505 Appio
1249 1448 1575 1504 gladiatoribus,
1593 1462 1702 1504 quos

96 1504 141 1545 in
161 1505 307 1547 funere
339 1506 478 1548 Marci
500 1506 724 1562 propinqui
749 1507 813 1547 sui
841 1506 1017 1546 daturus
1039 1512 1144 1556 erat,
1165 1505 1210 1545 in
1231 1504 1550 1546 multitudinem
1570 1504 1704 1561 impe-

99 1567 191 1602 tum
211 1561 328 1604 fecit.
389 1562 520 1603 Multi
542 1562 657 1604 cives
680 1576 777 1604 cum
810 1561 1010 1603 Tribunis
1032 1562 1170 1617 plebis
1201 1561 1407 1602 vulnerati
1438 1567 1552 1612 sunt,
1577 1559 1704 1602 multi

100 1618 245 1660 occisi.
306 1619 361 1668 Q.
385 1619 538 1661 Cicero
560 1620 671 1660 inter
692 1619 902 1660 cadavera
921 1626 1142 1674 tamquam
1159 1618 1330 1659 occisus
1353 1617 1494 1673 jacuit
1512 1633 1522 1658 ε
1555 1617 1704 1659 crude-

100 1674 274 1717 lissimae
294 1675 339 1717 in
367 1675 459 1717 foro
489 1676 630 1717 caedes
646 1675 770 1717 factae
802 1682 913 1717 sunt.
978 1675 1101 1726 Milo,
1133 1675 1207 1730 qui
1226 1688 1391 1716 summo
1415 1673 1558 1715 studio
1581 1673 1705 1716 Cice-

98 1745 246 1774 ronem
266 1733 619 1789 prosequebatur,
635 1732 837 1774 Clodium
851 1732 904 1774 de
921 1731 960 1773 vi
974 1731 1225 1788 postulavit.
1254 1729 1415 1772 Verum
1434 1730 1476 1770 in
1487 1729 1704 1787 judicium

100 1802 186 1829 non
227 1790 441 1831 adductus
481 1796 560 1841 est,
620 1789 720 1845 quia
758 1789 889 1830 creati
925 1790 1118 1829 nondum
1155 1788 1420 1836 Quaesitoi’es
1461 1793 1594 1835 erant,
1626 1800 1703 1842 per

101 1859 210 1900 quos
247 1845 414 1887 sortitio
441 1846 639 1902 judicum
673 1845 764 1887 fieri
798 1845 998 1886 debebat.
1059 1844 1217 1896 Quare,
1258 1843 1354 1885 cum
1388 1843 1504 1884 Milo
1538 1842 1705 1900 videret

94 1901 263 1956 judicio
291 1903 435 1944 locum
461 1917 547 1943 non
580 1917 690 1953 esse,
728 1917 781 1944 ne
823 1901 965 1942 omnia
1004 1901 1173 1942 interim
1205 1900 1384 1942 Clodius
1415 1899 1701 1956 perturbaret,

102 1957 257 2013 emptis
272 1958 597 2015 gladiatoribus,
619 1960 654 2014 ej
664 1974 710 2000 us
731 1959 895 1999 furores
918 1964 960 1999 et
983 1965 1161 1999 conatus
1178 1956 1391 2012 repressit.

158 2014 409 2071 Antequam
430 2021 571 2056 autem
588 2015 641 2056 de
657 2015 880 2056 Ciceronis
896 2014 1037 2055 reditu
1051 2014 1267 2055 sententia
1281 2013 1472 2065 ferretur,
1485 2010 1541 2053 iis
1559 2011 1705 2054 civita-

101 2070 215 2111 tibus
238 2071 395 2127 gratias
417 2072 606 2127 agendas
634 2086 728 2112 esse
751 2071 934 2112 Senatus
957 2070 1139 2119 censuit,
1176 2084 1273 2125 quae
1295 2069 1359 2109 M.
1379 2068 1565 2110 Tullium
1587 2082 1704 2109 rece-

102 2135 277 2182 perant:
306 2128 497 2168 decrevit
513 2127 657 2179 etiam,
677 2135 739 2178 ut,
761 2128 835 2184 qui
858 2127 1097 2182 provincias
1115 2139 1214 2167 curn
1235 2125 1413 2180 imperio
1436 2124 1703 2175 obtinebant,

104 2183 287 2224 salutem
301 2190 344 2224 et
358 2184 490 2225 vitam
507 2183 728 2224 Ciceronis
744 2183 1023 2232 custodirent,
1044 2189 1087 2223 et
1103 2188 1305 2223 cunctam
1323 2181 1366 2222 in
1389 2180 1556 2222 Italiam
1569 2180 1705 2222 literae

105 2239 366 2281 Consulares
387 2240 671 2292 mitterentur,
693 2247 754 2292 ut,
790 2239 865 2296 qui
886 2238 1040 2294 Remp.
1062 2239 1224 2279 salvam
1243 2252 1338 2279 esse
1354 2238 1533 2288 vellent,
1546 2251 1706 2279 convo-

106 2302 318 2348 carentur,
340 2302 390 2338 ut
410 2297 463 2337 de
486 2296 697 2338 Cicerone
719 2302 931 2353 ageretur.
992 2294 1104 2336 Cum
1118 2294 1250 2351 igitur
1267 2308 1320 2335 ex
1345 2293 1543 2335 omnibus
1566 2292 1706 2335 Italiae

106 2351 300 2408 partibus
327 2359 448 2394 tanta
468 2352 714 2404 multitudo,
746 2359 907 2409 quanta
937 2366 1169 2409 nunquam,
1200 2350 1386 2392 Romam
1406 2350 1705 2402 confluxisset,

107 2409 313 2450 Lentulus
335 2409 541 2451 Senatum
561 2409 604 2450 in
627 2409 892 2467 Capitolium
913 2407 1182 2449 convocavit.
1213 2407 1460 2448 Adfuerunt
1475 2405 1706 2448 Senatores

105 2465 408 2522 quadringenti
429 2472 473 2507 et
487 2465 684 2522 amplius.
743 2465 798 2514 Q.
814 2465 978 2521 Nepos,
995 2464 1160 2506 Consul
1175 2464 1294 2516 alter,
1313 2463 1387 2520 qui
1401 2460 1602 2505 Ciceroni
1615 2468 1706 2504 erat

107 2520 324 2574 inimicus,
344 2531 435 2564 tum
455 2521 639 2565 Senatus
671 2521 943 2572 auctoritate,
979 2528 1072 2563 tum
1093 2520 1203 2562 Pub.
1224 2519 1392 2562 Servilii
1413 2517 1622 2576 gravitate
1643 2517 1706 2559 di-

108 2578 234 2620 cen‘di
252 2585 487 2641 permotus,
505 2594 603 2621 cum
620 2577 685 2620 M.
703 2578 845 2620 Tullio
865 2578 1021 2619 absens
1042 2577 1170 2618 rediit
1188 2577 1234 2618 in
1250 2576 1445 2633 gratiam,
1466 2591 1517 2632 ac
1546 2580 1622 2632 pro
1652 2587 1705 2617 eo

108 2633 382 2676 mitissimam
393 2635 545 2677 habuit
557 2635 808 2677 orationem.
833 2634 1066 2690 Pompeius
1075 2635 1128 2675 de
1143 2632 1304 2690 scripto
1318 2630 1706 2697 sententiamdxixit,

110 2690 269 2747 unique
286 2691 485 2734 Ciceroni
496 2691 766 2748 Reipublicae
787 2697 1049 2732 conservatae
1069 2689 1364 2732 testimonium
1385 2688 1524 2729 dedit:
1557 2701 1626 2729 om
1640 2692 1643 2696 ’
1659 2702 1706 2729 es

110 2746 308 2803 Pompeii
320 2748 578 2792 sententiam
586 2748 926 2804 secuti,exoepto
941 2761 1026 2789 uno
1041 2746 1214 2799 Clodio,
1222 2747 1276 2788 ab
1290 2745 1440 2797 exsilio
1451 2743 1640 2803 Ciceron>

111 2802 379 2847 revocarunt.
438 2803 624 2849 Senatfis
656 2804 762 2848 illud
783 2804 1029 2848 consultum
1049 2806 1214 2848 summo
1234 2802 1367 2845 totius
1387 2799 1533 2859 populi
1552 2800 1707 2858 pl'a'us‘u

877 2875 899 2901 c
927 2862 954 2902 2
