1858 3095
700 156 791 190 PRO
816 156 1010 189 MILONE.

88 237 258 280 tribuno

88 294 246 348 Tiberii

91 350 157 394 Ne
191 366 241 393 ue
261 350 375 392 enim
394 355 542 405 posset
562 356 637 390 aut
666 349 806 390 Ahala
831 348 902 389 ille
935 348 1151 398 Servilius,
1183 356 1258 390 aut
1291 349 1341 391 P.
1371 349 1544 400 Nasica,
1575 355 1651 390 aut

94 408 141 449 L.
205 406 375 463 pimius,
406 412 480 446 aut
509 405 560 447 C.
595 405 774 456 Marius,
804 411 891 456 aut,
923 419 989 446 me
1021 405 1212 454 consule,
1243 413 1431 458 senatus,
1463 419 1548 448 non
1577 409 1650 447 'ne-

92 463 223 505 farius
255 462 417 514 haberi,
448 462 485 503 si
516 463 747 503 sceleratos
779 462 895 503 cives
926 461 1108 503 interfici
1139 461 1260 502 nefas
1292 470 1420 504 esset.

91 519 391 575 hoc,judices,
422 533 509 560 non
530 518 623 560 sine
645 518 776 560 causi).
796 518 925 559 etiam
946 518 1058 560 fictis
1078 518 1233 558 fabulis
1255 519 1496 559 doctissimi
1517 516 1653 559 homi·
1669 517 1725 558 20

1498 462 1651 518 Itaque

94 590 170 617 nes
215 575 431 617 memoriae
470 575 764 630 prodiderunt,
813 590 926 626 eum,
965 575 1039 630 qui
1074 574 1205 628 patris
1250 575 1484 616 ulciscendi
1520 573 1654 616 causa

94 639 271 675 matrem
292 631 548 683 necavisset,
578 632 751 673 variatis
783 631 1002 673 hominum
1033 629 1272 681 sententiis,
1303 645 1389 672 non
1420 631 1560 672 solum
1589 631 1654 671 di-

94 688 206 737 vina,
236 689 313 730 sed
335 689 463 730 etiam
484 688 590 730 Deae
611 687 952 744 sapientissimae,
983 685 1198 727 sententia
1224 686 1466 728 liberatum.

1526 685 1655 735 Quod

95 744 132 787 si
154 744 398 788 Duodecim
418 745 592 786 Tabulae
619 751 871 785 nocturnum
908 744 1044 784 furem
1071 757 1246 798 quoquo
1282 744 1426 795 modo,
1457 743 1655 784 diurnum

97 806 254 852 autem,
283 801 319 843 si
340 816 385 843 se
405 802 491 842 telo
513 799 765 848 defenderit,
785 799 967 840 interfici
988 798 1163 854 impune
1181 800 1428 852 voluerunt3
1461 800 1558 856 quis
1575 806 1656 850 est,
1672 798 1727 839 25

98 857 186 913 qui,
230 872 404 920 quoquo
453 857 582 898 modo
632 856 727 912 quis
778 856 1042 906 interfectus,
1091 855 1161 906 sit,
1211 857 1472 911 puniendum
1518 863 1656 912 putet,

97 915 198 955 cum
218 914 363 955 Videat
383 913 616 970 aliquando
633 913 822 970 gladium
840 912 966 954 nobis
986 913 1041 953 ad
1064 912 1349 954 occidendum
1369 912 1584 955 hominem
1601 913 1655 953 ab

100 969 206 1026 ipsis
236 969 396 1027 porrigi
427 970 623 1027 legibus?
674 969 824 1026 Atqui,
858 969 893 1010 si
914 976 1082 1025 tempus
1105 978 1171 1011 est
1191 970 1322 1010 ullum
1346 971 1441 1026 jure
1472 969 1657 1010 hominis

98 1026 281 1069 necandi
300 1030 416 1085 (quae
436 1027 569 1069 multa
588 1027 722 1079 sunt),
753 1025 868 1068 certe
888 1027 995 1068 illud
1017 1032 1191 1068 estnon
1218 1026 1346 1069 modo
1375 1028 1555 1083 justum,
1587 1041 1658 1068 ve·

101 1378 153 1408 ties
177 1377 290 1417 quidem
316 1376 410 1412 vellet,
432 1378 527 1407 creari
548 1377 656 1412 liceret,
685 1378 864 1417 rogationem

100 1422 162 1461 ejus
177 1419 215 1452 Ρ.
229 1418 389 1461 Africanus
407 1420 577 1461 gravissim&
599 1420 726 1450 oratione
751 1421 863 1450 dissua-

101 1463 152 1499 sit,
174 1463 206 1493 in
227 1461 285 1503 qud
305 1463 389 1499 dizit,
412 1462 473 1494 Tib.
490 1462 655 1493 Gracchum
666 1464 740 1502 jure
763 1473 864 1493 caesum

102 1505 206 1536 videri.
254 1504 322 1536 Liv.
338 1505 416 1544 epit.
429 1505 483 1536 lib.
499 1507 551 1536 59.

150 1550 203 1579 15.
239 1547 375 1578 seditiose*
410 1548 665 1590 interrogaretur]

107 1591 203 1632 gabat
214 1591 374 1628 seditiose,
390 1592 464 1631 quia
476 1594 620 1632 sperabat
635 1602 705 1622 eum
717 1591 805 1621 aliter
820 1602 867 1622 re-

107 1644 303 1675 sponsurum,
326 1632 410 1674 quod
436 1634 650 1674 Semproniam
667 1634 800 1665 Gracchi
816 1645 865 1664 so-

106 1687 205 1708 rorem
221 1677 251 1706 in
269 1676 461 1707 matrimonio
478 1678 618 1707 haberet.

153 1722 205 1749 17.
242 1719 338 1749 Ahala
369 1720 420 1750 ille
447 1719 614 1761 Servilius]
660 1719 707 1749 Ex
729 1719 866 1760 epitome

110 1762 181 1794 Liv.
206 1762 259 1795 lib.
285 1765 316 1793 4.
366 1761 439 1792 Ctim
457 1761 544 1804 fame
564 1763 690 1803 populus
721 1761 869 1792 Romanus

108 1806 259 1841 laboraret,
276 1804 399 1844 Spurius
410 1805 528 1842 Melius,
539 1816 618 1846 eques
630 1804 870 1847 Romanus,sru-

109 1854 237 1878 mentum
248 1848 354 1888 populo
364 1847 419 1878 5αά
432 1849 556 1888 imperasti
570 1850 694 1890 largitus
707 1854 762 1878 est.-
784 1853 822 1883 εἰ,
839 1849 870 1878 ob

109 1892 140 1921 id
144 1890 268 1932 sactum
286 1891 440 1921 conciliato
460 1892 513 1921 sibi
533 1892 624 1931 plebe,
645 1901 769 1932 regnum
784 1889 871 1933 affec-

108 1936 186 1971 tam,
209 1933 229 1963 ὰ
247 1931 285 1963 Ὀ.
306 1933 426 1964 Ser-vicio
452 1933 549 1964 Ahala
570 1936 709 1976 magistro
732 1935 870 1974 equitum,

102 1978 191 2016 jussu
209 1975 327 2010 Quincti
342 1976 514 2007 Cincinnati
525 1978 688 2015 dictatoris,
702 1978 805 2007 occisus
818 1983 869 2012 est,

113 2028 196 2048 anno
209 2019 301 2049 Urbis
314 2020 390 2049 314.

157 2060 207 2092 lb.
249 2061 312 2091 Aut
345 2060 383 2090 Ρ.
418 2059 555 2103 Nauem]
615 2060 695 2092 Cum
730 2061 872 2092 Tiberius

115 2103 277 2135 Gracchus
297 2103 330 2134 in
353 2103 520 2139 tribunatu,
552 2103 682 2144 profusis
703 2104 873 2144 largitioni-

115 2146 172 2177 bus
194 2146 298 2176 savore
322 2145 430 2187 populi
455 2152 620 2187 occupato,
651 2147 874 2187 rempublicam

116 2199 298 2230 oppressam
314 2188 444 2224 teneret,
460 2189 490 2219 in
506 2190 606 2219 aedem
617 2188 707 2220 Fidei
723 2199 875 2221 convoca-

119 2237 168 2263 tus
193 2237 318 2263 senatus
338 2231 356 2261 ῑι
371 2232 497 2263 consule
514 2231 623 2263 Mucio
639 2231 789 2270 Scaevolii,
808 2231 876 2272 jus·

119 2275 160 2306 sit
181 2279 215 2305 ut
242 2275 349 2305 consul
373 2274 464 2305 armis
486 2274 706 2315 rempublicam
730 2280 876 2306 tueretur.

117 2317 260 2349 Scaevola
276 2322 421 2357 negante,
445 2316 551 2357 Scipio
569 2317 685 2347 Nasica
710 2328 742 2347 se
764 2318 876 2349 ducem

121 2360 251 2391 obtulit:
275 2365 382 2401 atque,
398 2370 435 2390 eo
452 2360 672 2401 proclamante,
690 2360 750 2395 Qui
770 2362 879 2391 salvam

119 2403 323 2443 rempublicam
366 2412 422 2433 esse
472 2403 583 2439 volunt,
626 2414 670 2434 me
711 2410 878 2444 sequantur,

124 2445 284 2477 Gracchos
299 2456 367 2477 cum
384 2445 440 2475 sna
454 2445 590 2476 factione
606 2445 809 2487 interemptus
822 2456 880 2482 cst,

120 2498 206 2519 ‘anno
237 2489 330 2520 Urbis
359 2489 435 2519 ⁶20.
479 2488 584 2519 Valcr.
613 2489 744 2520 Maxim.
772 2489 826 2520 lib.
847 2492 879 2522 3.

124 2541 194 2572 cap.
210 2534 241 2562 2.

171 2575 223 2603 18.
248 2573 285 2605 L.
302 2574 458 2615 Opimius]
484 2574 630 2616 Opimius
645 2574 682 2606 C.
694 2573 880 2612 Gracchum,

127 2615 245 2646 Tiberii
267 2617 400 2652 fratrem,
430 2628 524 2647 novas
555 2618 720 2648 seditiones
743 2619 881 2649 excitan-

123 2663 204 2693 tem,
225 2659 349 2695 occidit,
369 2657 453 2690 'a'nno
467 2660 561 2691 Urbis
577 2663 651 2692 632.

173 2700 222 2732 Ib.
259 2700 293 2734 C.
308 2700 452 2744 Mariua]
497 2702 536 2735 C.
554 2703 673 2734 Marius
686 2703 884 2735 Saturninum

127 2743 292 2783 interfecit.
347 2744 432 2776 Vide
457 2745 546 2776 Orat.
571 2756 627 2788 pro
653 2746 783 2779 Rabirio
814 2757 883 2789 per-

130 2786 294 2818 duellionis
309 2797 374 2824 reo,
396 2787 448 2819 ubi
463 2789 530 2820 fuse
544 2789 576 2820 id
591 2789 703 2831 'agitur-

732 1547 867 1579 Interro-

950 1376 998 1407 Ib.
1023 1376 1095 1412 Aut,
1110 1375 1300 1416 mecomule]
1347 1374 1458 1406 Cicero
1473 1374 1592 1411 consul,
1609 1375 1665 1416 ju-

907 1420 1000 1450 bente
1015 1424 1137 1456 senatu,
1162 1418 1328 1448 Lentulum
1350 1424 1383 1449 et
1397 1418 1571 1458 Cethegum
1595 1427 1665 1448 cum

906 1462 974 1493 aliis
998 1461 1163 1503 conjuratis
1179 1461 1366 1492 Catilinariae
1388 1461 1550 1492 seditionis
1573 1461 1667 1492 inter·

908 1506 993 1536 fecit.

952 1551 1005 1579 21.
1031 1547 1225 1588 Quipatris]
1263 1546 1314 1578 De
1328 1546 1440 1578 Oreste
1453 1546 1598 1588 loquitur,
1612 1546 1667 1588 qni

910 1597 1039 1622 matrem
1057 1591 1326 1632 Clytaemnestram
1342 1591 1512 1626 occiderat,
1528 1600 1597 1630 quae
1613 1601 1669 1631 pa-

909 1643 986 1664 trem
1022 1634 1119 1675 ipsius
1153 1633 1423 1674 Agamemnonem
1459 1633 1668 1664 interfecerat.

911 1676 991 1708 Cum
1019 1677 1050 1707 in
1070 1677 1223 1718 judicium
1249 1676 1402 1706 adductus
1426 1680 1519 1711 esset,
1543 1676 1669 1706 variatis

904 1717 1047 1760 judicum
1064 1719 1238 1754 sententiis,
1259 1719 1387 1749 deorum
1411 1718 1532 1759 questio
1554 1719 1672 1749 consti-

913 1768 978 1794 tuta
994 1768 1057 1801 est;
1084 1767 1115 1794 et
1130 1773 1201 1793 euin
1216 1761 1363 1792 Minerva
1375 1761 1599 1792 absolvendum
1617 1761 1670 1802 ju-

912 1806 1041 1838 dicavit.

957 1851 1009 1879 ⁰22.
1057 1848 1186 1879 Variacis
1221 1848 1365 1878 hominum
1401 1847 1574 1888 sententiis]
1630 1846 1669 1877 In

915 1890 1084 1932 Areopago
1119 1891 1138 1921 Ξι
1167 1890 1323 1921 sexdecim
1355 1889 1515 1930 judicibus
1541 1891 1670 1921 Orestes

914 1935 1130 1970 damnabatur,
1157 1939 1189 1964 ct
1209 1934 1227 1964 a
1243 1934 1420 1975 quindecim
1436 1933 1672 1970 absolvebatur3

915 1979 1046 2008 accessit
1061 1977 1213 2007 Minervae
1239 1977 1388 2014 calculus,
1411 1982 1505 2018 atque
1525 1976 1570 2006 ita
1590 1978 1673 2014 'exat‘-

912 2020 1017 2062 'quatis
1031 2019 1191 2051 sententiis
1204 2019 1349 2049 liberatus
1365 2024 1423 2050 est.

959 2065 1011 2094 23.
1041 2062 1110 2093 Deae
1134 2063 1371 2104 sapientissima]
1427 2061 1573 2092 Minerva
1601 2059 1675 2091 Dea

915 2105 1074 2146 sapientiae
1092 2105 1272 2145 tingebatur.

961 2147 1010 2177 Ib.
1035 2147 1119 2181 Quod
1147 2149 1172 2177 si
1202 2147 1362 2177 Duodecim
1386 2145 1527 2187 Tabulae]
1573 2145 1674 2187 Leges

918 2189 1095 2220 Duodecim
1112 2190 1297 2220 Tabularum
1311 2189 1374 2220 illae
1395 2196 1476 2226 sunt,
1500 2199 1569 2230 quae
1585 2188 1603 2218 ἃ
1619 2189 1676 2218 d'e-

918 2232 1057 2264 ceniviris
1080 2233 1207 2273 perlatae
1229 2237 1309 2268 sunt,
1334 2237 1366 2263 et
1390 2233 1423 2262 in
1446 2231 1612 2263 duodecim
1628 2235 1675 2272 ta-

916 2275 1000 2306 bulis
1030 2275 1116 2306 aercis
1145 2275 1261 2308 incisae.
1307 2275 1386 2306 Haec
1407 2280 1509 2306 autem
1532 2275 1572 2304 de
1595 2275 1676 2304 furto

919 2318 968 2348 lex
991 2318 1110 2359 perlata
1133 2324 1191 2356 est,
1216 2319 1255 2348 tle
1279 2318 1342 2358 qua
1364 2317 1557 2353 Macrobius,
1580 2317 1677 2348 lib.'1.

923 2361 1046 2392 Saturn.
1091 2361 1122 2391 Si
1149 2372 1202 2391 nox
1217 2360 1342 2402 furtum
1361 2361 1457 2403 suxit,
1486 2367 1512 2392 et
1534 2361 1573 2390 im
1594 2360 1630 2401 (i.
1647 2369 1678 2390 e.

920 2403 1001 2444 eum)
1021 2405 1126 2445 aliquis
1145 2405 1248 2440 occisit,
1261 2407 1335 2444 jure
1356 2414 1441 2435 caesus
1462 2410 1528 2436 esto.
1571 2402 1678 2442 Prisco

922 2452 1025 2478 autem
1049 2447 1198 2478 idiomate
1221 2448 1286 2478 haec
1309 2446 1403 2478 verba
1419 2447 1520 2487 posita
1543 2450 1624 2482 sunt,
1646 2445 1678 2475 id

923 2488 970 2520 cs't
985 2490 1080 2525 enim,
1101 2497 1190 2525 nocte,
1213 2501 1287 2525 eum,
1310 2490 1455 2521 occiderit.

967 2535 1019 2564 24.
1040 2533 1158 2574 Quoquo
1171 2533 1280 2574 moda]
1315 2533 1388 2563 Sive
1403 2544 1435 2564 sc
1451 2533 1513 2563 telo
1529 2530 1680 2562 defende-

924 2574 972 2610 rit,
987 2576 1051 2606 sive
1061 2587 1134 2611 non,
1149 2575 1214 2617 sine
1229 2577 1415 2616 exceptione
1430 2575 1504 2606 licet
1518 2574 1684 2612 occi'dere3

926 2617 976 2648 liic
1001 2624 1104 2649 autem
1128 2618 1222 2649 telum
1241 2621 1368 2649 sumitur
1378 2629 1436 2659 pro
1461 2617 1606 2658 pugione,
1629 2619 1683 2646 aut

926 2671 1022 2702 parvo
1037 2662 1142 2702 aliquo
1157 2661 1274 2702 gladio,

971 2706 1023 2736 27.
1054 2705 1099 2735 Ab
1126 2706 1192 2745 ipsis
1210 2705 1324 2750 porrigi
1345 2702 1480 2746 legibus]
1529 2701 1685 2734 Dicuntur

927 2746 1012 2793 leges
1029 2747 1194 2790 porrigere,
1215 2747 1286 2780 curn
1308 2746 1426 2788 aliquid
1447 2743 1538 2777 nobis
1561 2738 1687 2788 petiuit·

927 2794 1008 2821 {uni-
1461 2807 1465 2809 “

1635 157 1720 202 305

319 235 445 287 lebis,
486 233 531 276 i'n
565 233 774 276 concione
809 234 1014 276 seditiose
1055 234 1399 292 interrogaretur,
1442 236 1547 292 quid
1593 236 1646 280 de
1669 235 1721 276 15

278 251 465 335 &racchi
494 298 629 333 morte
661 291 851 342 sentiret,
893 291 1127 347 respondit,
1166 293 1262 348 jure
1303 307 1463 334 caesum
1499 293 1647 334 videri.
