1790 3090
95 158 178 202 150
794 166 885 199 PRo
909 166 1121 200 MURENA.

97 237 149 279 15
165 238 276 281 Asia
294 240 562 282 continenter
580 239 753 294 vixisse,
769 243 1029 285 laudandum
1051 249 1130 285 est.
1189 243 1491 294 Quamobrem,
1504 258 1589 285 non
1608 243 1727 286 Asiae

168 311 325 338 nornen
346 297 634 352 objiciendum
657 298 850 340 Murenae
871 300 966 351 fuit,
999 315 1050 341 ex
1086 300 1172 356 qua
1195 302 1284 341 laus
1306 300 1490 351 familiae,
1521 300 1726 341 memoria

168 353 326 407 generi,
359 353 494 394 honos
516 360 558 393 et
580 354 716 409 gloria
735 356 897 397 nomini
917 357 1153 397 constituta
1174 364 1262 407 est3
1294 358 1369 398 sed
1391 357 1564 412 aliquod
1585 363 1658 397 aut
1677 356 1721 397 in

168 409 278 449 Asia
305 416 566 464 susceptum,
589 416 664 450 aut
684 425 735 451 ex
756 412 863 452 Asia
886 413 1168 467 deportatum,
1199 413 1412 468 flagitium
1438 427 1488 453 ac
1517 413 1721 453 dedecus.

169 463 382 506 Meruisse
405 465 502 506 vero
527 466 742 522 stipendia
762 467 804 507 in
828 482 877 508 eo
898 469 1025 517 bello,
1058 469 1174 523 quod
1195 476 1285 509 tum
1299 470 1479 525 populus
1496 469 1718 510 Romanus

92 520 150 561 20
169 536 253 563 non
286 521 412 563 modo
439 523 687 573 niaximum,
718 524 795 564 sed
818 523 946 564 etiam
968 525 1107 564 solum
1129 525 1316 579 gerebat,
1347 525 1568 576 cvirtutis3
1599 531 1718 580 patre

167 579 421 634 imperatore
457 578 740 620 libentissime
773 580 991 628 meruisse,
1023 580 1220 636 pietatis3
1251 582 1380 621 finem
1410 582 1719 637 stipendiorum

166 635 299 689 patris
316 635 537 677 victoriam
568 651 619 676 ac
641 636 898 692 triumphum
920 637 1066 687 fuisse,
1097 637 1316 678 felicitatis
1330 638 1423 678 fuit.
1483 637 1718 678 Maledicto

168 691 344 745 quidem
370 691 533 733 idcirco
567 692 674 732 nihil
709 692 753 733 in
788 693 908 734 hisce
939 694 1065 734 rebus
1097 693 1183 734 loci
1216 701 1293 741 est,
1327 693 1442 748 quod
1464 694 1607 734 omnia
1625 694 1718 734 laus

168 748 410 804 occupavit.
469 748 724 790 Saltatorern
738 750 923 804 appellat
943 750 987 789 L.
1003 749 1229 790 Murenam
1251 749 1376 790 Cato.
1437 750 1722 790 Maledictum

92 802 151 843 25
170 812 250 856 est,
282 806 319 845 si
336 804 430 847 vere
451 805 666 862 objicitur,
697 806 960 847 vehementis
982 806 1266 856 accusatoris3
1298 806 1363 846 siu
1377 805 1498 854 falso,
1521 804 1719 846 maledici

168 861 488 902 conviciatoris.
547 862 706 913 Quare,
738 862 835 904 cum
861 862 946 903 ista
978 864 1036 903 sis
1059 863 1328 913 auctoritate,
1358 877 1446 903 non
1477 862 1624 912 debes,
1656 860 1722 902 M.

170 917 298 967 Cato,
330 918 511 973 arripere
549 919 824 960 maledictum
854 934 906 960 ex
940 919 1078 970 trivio,
1110 927 1185 960 aut
1219 934 1269 960 ex
1303 934 1539 960 scurrarum
1580 918 1723 973 aliquo

168 973 383 1023 convicio,
413 989 551 1029 neque
572 974 731 1015 temere
763 976 985 1016 consulem
1015 976 1161 1031 populi
1182 975 1365 1017 Romani
1387 976 1630 1017 saltatorem
1650 988 1725 1015 vo·

169 1043 289 1081 care3
319 1030 393 1071 sed
424 1030 688 1087 conspicere,
719 1031 875 1086 quibus
916 1031 1122 1086 praeterea
1143 1032 1257 1072 vitiis
1287 1031 1489 1073 affectum
1523 1046 1617 1072 esse
1648 1045 1722 1072 ne-

90 1084 152 1127 30
171 1101 291 1128 cesse
305 1087 361 1128 sit
374 1102 483 1136 eum,
506 1087 573 1128 cui
598 1088 693 1127 vere.
707 1087 824 1128 istud
846 1087 977 1143 objici
996 1088 1150 1143 possit.
1200 1087 1339 1128 Nemo
1361 1088 1474 1128 enim
1491 1086 1577 1127 fere
1594 1088 1723 1128 saltat

168 1143 335 1184 sobrius
357 1143 456 1199 (nisi
474 1142 583 1185 forte¹
606 1143 796 1195 insanit),
827 1158 966 1200 neque
997 1145 1040 1183 in
1068 1143 1313 1193 solitudine,
1344 1158 1484 1200 neque
1507 1142 1552 1183 in
1579 1143 1722 1184 convi-

168 1199 237 1240 vio
261 1201 480 1241 moderato
502 1207 632 1254 atque
660 1200 856 1242 honesto.
916 1199 1205 1255 dTempestivi
1226 1200 1425 1252 convivii,
1446 1199 1603 1240 amoeni
1624 1199 1724 1249 loci,

168 1257 397 1298 multarum
414 1256 676 1307 deliciarum,
708 1271 851 1298 comes
877 1264 943 1297 est
973 1264 1161 1297 extrema
1189 1257 1374 1298 saltatio.
1434 1256 1497 1297 Tu
1520 1255 1623 1296 mihi
1659 1270 1724 1297 ar-

168 1312 272 1368 ripis
293 1313 350 1364 id,
382 1314 500 1369 quod
522 1328 697 1354 necesse
720 1321 786 1354 est
805 1313 995 1355 omnium
1010 1313 1210 1354 vitiorum
1228 1328 1320 1354 esse
1344 1320 1629 1369 postremum:
1662 1327 1725 1353 re-

93 1368 150 1410 35
168 1369 329 1426 linquis
350 1370 436 1418 illa,
466 1369 622 1425 quibus
650 1370 839 1420 remotis,
871 1370 954 1411 hoc
982 1369 1133 1410 vitium
1155 1368 1329 1410 omnino
1351 1385 1444 1411 esse
1467 1384 1552 1410 non
1568 1375 1724 1425 potest.

168 1426 345 1467 Nullum
361 1434 483 1482 turpe
505 1426 761 1477 convivium,
782 1441 869 1467 non
889 1440 1022 1477 amor,
1053 1441 1139 1467 non
1160 1426 1426 1477 comissatio,
1457 1440 1544 1466 non
1573 1425 1725 1476 libido,

167 1497 254 1524 non
271 1490 477 1539 sumptus,
499 1483 751 1524 ostenditur.
811 1483 881 1531 Et,
898 1482 996 1523 cum
1010 1498 1060 1523 ea
1071 1497 1158 1523 non
1173 1483 1446 1537 reperiantur,
1468 1497 1564 1538 quae
1580 1482 1727 1537 volup-

168 1539 268 1581 tatis
285 1554 441 1580 nomen
457 1540 634 1590 habent,
656 1554 836 1595 quaeque
857 1538 1014 1580 vitiosa
1029 1546 1155 1590 sunt;
1185 1539 1225 1578 in
1247 1552 1331 1594 quo
1359 1539 1496 1595 ipsam
1513 1537 1726 1579 luxuriam

167 1595 350 1651 reperire
366 1611 453 1636 non
473 1603 611 1652 potes,
640 1595 686 1635 in
707 1610 757 1636 eo
791 1602 834 1637 te
866 1596 1060 1636 umbram
1086 1594 1262 1636 luxuriae
1282 1602 1546 1650 reperturum
1564 1594 1724 1650 putas?

92 1651 150 1694 40
169 1652 288 1693 Nihil
310 1652 440 1708 igitur
458 1652 504 1693 in
529 1652 662 1693 vitam
682 1652 728 1693 L.
750 1652 942 1693 Murenae
963 1652 1049 1693 dici
1068 1651 1241 1707 potest?
1271 1651 1392 1702 nihil,
1414 1651 1604 1706 inquam,
1635 1665 1725 1692 om-

166 1708 285 1761 nino,
299 1709 486 1765 judices.
517 1707 590 1749 Sic
606 1707 631 1749 a
644 1723 711 1749 me
725 1710 875 1750 consul
890 1708 1140 1764 designatus
1158 1707 1416 1759 defenditur,
1436 1715 1485 1748 ut
1500 1708 1590 1763 ejus
1607 1707 1728 1751 nulla

166 1765 297 1817 fraus,
320 1766 438 1806 nulla
464 1765 655 1816 avaritia,
678 1766 796 1806 nulla
817 1765 1009 1821 perfidia,
1040 1765 1159 1805 nulla
1189 1764 1434 1815 crudelitas,
1454 1765 1619 1805 nullum
1654 1779 1727 1819 pe-

167 1823 310 1863 tulans
332 1822 509 1871 dictum,
533 1822 577 1862 in
589 1821 674 1862 vita
691 1822 938 1876 proferatur.
999 1820 1118 1861 Bene
1136 1821 1287 1870 habet3
1313 1821 1434 1875 jacta
1456 1828 1555 1861 sunt
1575 1821 1726 1860 sunda-

168 1885 314 1919 menta
339 1878 620 1928 defensionis3
651 1878 842 1919 nondum
872 1877 983 1918 enim
1012 1876 1169 1919 nostris
1203 1877 1417 1927 laudibus,
1448 1876 1606 1932 quibus
1632 1883 1727 1917 utar

94 1933 152 1977 45
169 1934 337 1990 postea,
378 1935 451 1975 sed
477 1933 609 1991 prope
630 1934 897 1975 inimicorum
919 1933 1204 1983 confessione,
1235 1933 1371 1973 virum
1389 1934 1564 1984 bonum,
1595 1939 1726 1988 atque

168 1991 382 2047 integrum
401 1990 631 2040 hominem,
653 1990 948 2040 defendimus3
971 2005 1055 2044 quo
1078 1989 1331 2040 constituto,
1352 1989 1519 2030 facilior
1541 1995 1607 2029 est
1619 1987 1725 2029 mihi

169 2047 312 2089 aditus
345 2047 399 2089 ad
431 2047 755 2090 contentionem
786 2045 1037 2102 dignitatis3
1069 2060 1163 2101 quae
1184 2060 1281 2101 pars
1303 2046 1437 2087 altera
1452 2045 1532 2087 fuit
1551 2060 1728 2087 accusa-

166 2112 316 2147 notus.

424 2172 734 2227 ‘fortitudinia
984 2169 1001 2193 d
1016 2173 1064 2211 in
1085 2172 1261 2223 longum
1275 2173 1500 2224 protracti.

220 2277 272 2305 520.
297 2272 365 2304 Non
382 2272 462 2303 modi)
487 2272 669 2312 maximum]
715 2270 838 2301 Bellum
864 2270 928 2300 Mi-
973 2271 1055 2311 apud
1069 2271 1228 2301 Romanos
1244 2270 1366 2301 saltare.

175 2317 386 2350 tliridaticuiu,
411 2316 494 2356 quod
521 2315 613 2345 etiam
627 2314 659 2344 in
676 2313 763 2344 Orat.
777 2324 831 2354 pro
845 2314 929 2353 Lege
1017 2316 1070 2344 27.
1095 2313 1139 2343 Er
1152 2314 1267 2354 trivia]
1291 2314 1498 2344 Maledictum
1514 2324 1552 2345 ex
1562 2312 1653 2344 trivio
1677 2325 1732 2348 seu

183 2360 297 2390 Manil.
312 2359 476 2390 maximum
493 2362 593 2393 vocat,
608 2357 660 2387 ubi
675 2356 741 2386 snae
757 2358 796 2387 de
814 2367 851 2386 eo
865 2357 932 2388 ‹lic-
974 2356 1051 2387 saece
1066 2356 1186 2397 populi,
1210 2356 1297 2396 cujus
1314 2367 1378 2386 mos
1394 2363 1452 2393 est,
1474 2355 1586 2387 utcfim
1602 2359 1670 2398 quis
1681 2361 1733 2391 cui

176 2408 242 2432 tuin
259 2408 315 2432 est.
977 2399 1176 2434 conviciatur,
1200 2410 1270 2429 eum
1286 2399 1462 2429 saltatorem
1474 2405 1575 2430 vocet.

221 2445 271 2475 Ib.
292 2444 346 2474 Sed
368 2445 455 2474 etiam
480 2441 598 2481 solum]
642 2440 793 2470 Nondum
819 2440 934 2471 belluni
1020 2441 1069 2471 Ib.
1106 2441 1310 2482 Scin-rarum]
1355 2442 1514 2472 Meriones
1558 2442 1577 2472 a
1613 2443 1731 2475 Graecis

177 2486 306 2517 Sertorii
329 2490 483 2517 exarserat
509 2485 541 2514 in
567 2482 734 2524 Hispania,
753 2484 837 2523 quod
861 2483 933 2513 ante
976 2485 1250 2523 scurraedicuntur,
1274 2484 1342 2515 leve
1360 2485 1518 2515 hominum
1534 2496 1633 2525 genus
1648 2493 1681 2517 et
1693 2488 1733 2518 ri-

178 2531 238 2562 fuit
253 2534 390 2560 exortum
408 2528 500 2569 quani
517 2526 664 2557 Lucullus
685 2531 792 2556 contra
806 2526 934 2556 Mithri·
977 2526 1127 2558 diculuni.
1580 2535 1584 2537 “

178 2574 283 2604 darem
300 2572 553 2611 proficisceretur.
1020 2571 1072 2599 34.
1106 2570 1251 2600 Vitiorum
1270 2579 1324 2600 esse
1345 2569 1542 2610 postremum-J
1608 2570 1732 2612 Repreo

223 2618 276 2648 22.
298 2613 481 2653 Maledicta]
527 2611 735 2642 Maledictum
750 2610 826 2641 nihil
841 2611 937 2641 habet
979 2611 1089 2641 hendit
1115 2611 1280 2646 Catonem,
1303 2611 1400 2652 quod,
1423 2611 1494 2642 cfnn
1511 2623 1609 2643 mores
1625 2614 1733 2646 Mure-

180 2657 331 2698 propositi
346 2663 456 2698 praeter
473 2653 710 2690 contumeliam;
737 2664 818 2694 quae,
842 2654 866 2683 si
883 2664 938 2693 pe·
982 2664 1029 2684 nae
1044 2654 1154 2694 reliqui
1168 2654 1288 2684 honesti
1305 2656 1378 2690 sint,
1401 2665 1477 2696 quos
1489 2665 1552 2686 non
1567 2658 1733 2698 reprehen-

180 2699 328 2731 tulantius
353 2700 501 2741 jactatur,
524 2697 715 2735 convicium,
740 2698 766 2727 si
792 2696 934 2733 facetius,
978 2697 1035 2737 dit,
1057 2703 1226 2727 extremum
1251 2697 1436 2736 convicium,
1463 2704 1496 2730 et
1510 2699 1647 2733 omnium
1671 2706 1733 2733 tur-

179 2743 350 2777 urbanitas,
367 2747 505 2773 vocatur.
978 2739 1148 2781 pissimum,
1170 2739 1305 2781 arripiat.

224 2788 276 2822 241.
299 2783 497 2826 saltatorem]
519 2783 623 2825 Turpe
635 2781 695 2814 fuit
710 2787 742 2814 et
754 2782 935 2816 indecorum
