1858 3095
708 163 759 197 IN
782 164 1001 199 PISONEM.

74 239 313 282 demersum
328 239 372 282 in
385 237 747 282 Minturnensium
763 240 1014 295 paludibus3
1036 237 1195 290 Africa,
1213 237 1382 280 devicta
1395 238 1448 278 ab
1466 238 1634 292 eodem,

72 309 126 337 ex
159 296 299 339 ulsum
320 304 363 339 et
382 296 647 352 naufragum,
670 295 790 338 vidit.

852 295 1048 337 Fortunae
1070 296 1183 337 enim
1203 295 1286 337 ista
1306 296 1393 337 tela
1414 302 1526 345 sunt,
1548 309 1636 336 non

74 366 126 394 cu
148 368 234 409 pae:
265 352 523 410 supplicium
551 359 693 393 autem
721 359 787 394 est
814 367 940 408 poena
963 353 1153 407 peccati:
1191 366 1327 407 neque
1348 350 1446 392 vero
1468 365 1566 412 ego,
1597 352 1634 392 si

75 423 264 464 unquam
284 409 405 450 vobis
427 409 539 449 mala.
559 423 765 464 precarer,
790 409 923 464 (quod
947 407 1060 464 saepc
1085 409 1182 459 feci,
1214 408 1257 448 in
1278 422 1363 463 quo
1386 407 1446 448 dii
1467 421 1637 448 immor·
1653 408 1710 450 80

73 465 181 506 tales
201 479 316 506 meas
338 479 485 520 preces
505 465 776 515 audiverunt)
811 465 1019 514 morbum,
1051 472 1124 506 aut
1148 471 1343 514 mortem,
1374 471 1449 504 aut
1475 463 1637 504 crucia-

70 526 162 561 tum
177 535 380 583 precarer.

455 520 669 577 Thyestea
689 521 771 562 ista
791 522 1027 562 exsecratio
1050 528 1116 562 est
1136 521 1286 576 poetae,
1319 519 1434 574 vulgi
1454 519 1636 570 animos,

70 590 156 617 non
172 577 427 633 sapientum,
445 578 672 619 moventis:
704 584 751 619 ut
768 584 831 627 tu,
851 579 1087 632 naufragio
1103 579 1310 629 eoepulsns
1324 578 1508 628 uspiam,
1519 579 1637 616 saris

55 635 186 687 'fia-us
206 636 385 687 asperis,
405 637 678 683 evisceratus,
711 637 842 675 latere
859 635 1079 686 penderes,
1112 637 1178 684 (ut
1197 631 1257 672 ait
1277 631 1364 681 ille)
1384 645 1491 671 sacca
1519 645 1641 684 spar-

64 703 173 741 gens
194 691 304 740 tabo,
334 694 471 738 sanie,
503 697 543 732 et
562 693 780 742 sanguine
800 696 903 730 atro.

125 743 252 786 VIII.

72 806 213 842 tamen
251 808 391 843 ⁸esset:
427 802 671 842 humanum.

313 746 412 787 Non
441 747 590 787 ferrem
617 745 790 789 omnino
820 743 1017 793 moleste,
1049 743 1083 785 si
1116 743 1176 784 ita
1203 742 1459 784 accidisset:
1491 742 1567 784 sed
1594 743 1640 784 id

750 800 815 842 M.
847 800 1096 850 Marcellus,
1138 799 1211 854 qui
1251 806 1315 840 ter
1355 799 1505 840 consul
1543 799 1638 850 fuit,

72 856 240 897 summa
272 857 442 908 virtute,
473 857 648 913 pietate,
680 857 817 912 glori-21.
850 856 1038 907 militari,
1069 855 1194 911 periit
1228 855 1271 895 in
1303 855 1405 895 mari

73 926 188 963 men,
227 912 284 954 ob
320 913 535 964 virtutem,
567 913 706 970 glori-21
737 920 781 954 et
816 913 941 954 laude
974 912 1091 953 vivit.

71 975 138 1010 est
167 968 241 1010 illa
270 983 398 1020 mors,
438 984 524 1011 non
555 969 598 1010 in
629 970 773 1026 poenfi,
805 969 1007 1026 putanda.

1421 872 1432 906 ;
1473 855 1547 910 qui
1578 862 1641 896 ta-

1171 911 1220 951 lu
1257 911 1426 953 fortuna
1455 910 1640 967 quadam

1085 968 1194 1016 Quae
1224 975 1292 1009 est
1321 967 1451 1024 igitur
1485 968 1638 1024 poena?

72 1024 188 1080 quod
218 1025 507 1081 supplicium?
548 1041 644 1082 quae
677 1026 804 1067 saxa?
845 1040 940 1081 quae
980 1025 1158 1066 cruces?
1219 1023 1328 1065 Esse
1364 1024 1473 1065 duos
1507 1025 1641 1066 duces

70 1080 115 1121 in
155 1081 386 1136 provinciis
425 1082 571 1138 populi
603 1082 729 1123 Rom.
763 1082 919 1123 habere
959 1081 1187 1130 exercitus,
1227 1080 1428 1136 appellari
1462 1080 1643 1136 impera·

73 1144 212 1188 tores;
242 1137 394 1179 horum
414 1139 592 1180 alterum
613 1139 676 1180 sic
698 1139 829 1180 fuisse
858 1138 1115 1178 infirmatum
1141 1136 1407 1178 conscientia
1433 1137 1643 1178 scelerum

74 1200 120 1235 et
145 1193 341 1234 fraudum
370 1209 553 1245 suarum,
587 1202 635 1236 ut
658 1209 710 1236 ex
740 1195 791 1236 ea
817 1193 1053 1250 provincia,
1083 1208 1178 1249 quae
1207 1193 1333 1234 fuerit
1363 1207 1415 1234 ex
1443 1193 1643 1234 omnibus

75 1263 161 1290 una
190 1249 376 1291 maxime
408 1251 693 1306 triumphalis,
724 1251 860 1292 nullas
897 1250 954 1291 sit
984 1250 1037 1290 ad
1071 1256 1265 1290 senatum
1298 1249 1441 1290 literas
1474 1249 1641 1291 mittere
1667 1251 1718 1294 10

74 1319 219 1346 ausus.

278 1304 345 1348 Ex
366 1305 454 1362 qua
474 1307 695 1362 provincia
716 1306 843 1348 modo
861 1306 925 1347 vir
947 1305 1062 1347 omni
1090 1305 1300 1362 dignitate
1330 1305 1642 1357 ornatissimus,

76 1361 123 1402 L.
141 1361 401 1417 Torquatus,
433 1361 601 1418 maguis
632 1363 759 1404 rebus
791 1362 942 1417 gestis,
973 1377 1039 1402 me
1070 1362 1292 1412 referente,
1325 1362 1478 1402 absens
1511 1362 1645 1418 impe-

74 1423 189 1459 rator
214 1424 282 1459 est
311 1418 571 1474 appellatus3
602 1419 731 1469 unde,
763 1419 829 1458 his
856 1418 1005 1474 paucis
1035 1419 1172 1466 aunis,
1204 1417 1285 1458 Cn.
1308 1417 1561 1469 Dolabellae,
1593 1418 1647 1461 C.

75 1472 292 1524 Curionis,
323 1474 389 1515 M.
420 1474 600 1525 Luculli,
624 1474 886 1530 justissimos
914 1474 1153 1529 triumphos
1186 1473 1386 1524 vidimus,
1417 1488 1471 1515 ex
1501 1474 1570 1525 ea,
1600 1481 1644 1515 te

75 1529 348 1584 imperatore,
376 1530 552 1571 nuntius
572 1531 626 1571 ad
649 1538 845 1572 senatum
865 1531 1020 1571 allatus
1042 1537 1109 1571 est
1123 1530 1282 1571 nullus.

75 1585 175 1628 latae
211 1584 361 1638 literae,
396 1586 610 1638 recitatae3
652 1587 830 1628 relatum
869 1587 924 1628 ad
962 1594 1173 1628 senatum.

1340 1530 1410 1571 Ab
1430 1530 1563 1572 altero
1585 1530 1644 1571 al-

1248 1586 1323 1628 Dii
1364 1587 1644 1629 immortales!

433 1762 448 1778 ²
453 1761 595 1810 posset
614 1758 802 1799 accidere
822 1755 1019 1798 omnibus
1039 1758 1289 1798 hominibus.

122 1926 174 1954 77.
213 1918 407 1967 Deniersum.]
464 1925 545 1957 Cum
572 1925 690 1968 Syllam
721 1925 842 1956 Marius

77 1969 210 2007 sugeret,
231 1968 356 1999 delituit
378 1969 408 1998 in
431 1968 696 1999 Minturnensium
719 1969 842 2011 paludi·

80 2010 147 2045 bus,
171 2015 206 2039 ut
221 2017 348 2041 mortem
362 2011 502 2042 evitaret.

123 2052 172 2082 ΙΙ).
193 2051 324 2094 Africa-J
370 2051 451 2083 Cum
471 2052 640 2093 trajecisset
654 2054 687 2084 in
707 2053 840 2084 Africam

81 2094 214 2132 Marius,
236 2105 406 2135 pauperem
430 2095 525 2125 vitam
548 2096 580 2125 in
605 2096 725 2136 tugurio
741 2097 843 2126 ruina-

81 2148 147 2167 rum
164 2136 467 2177 Carthaginiensium
485 2137 637 2169 toleravit.

124 2181 178 2210 82.
202 2178 370 2220 Thyestem]
427 2179 582 2221 Thyestes
606 2179 734 2223 Pelopis
763 2180 843 2212 filius

81 2222 150 2253 suit.

126 2264 174 2294 Ib.
200 2263 323 2305 Po'e'eae.]
368 2264 488 2295 Ennius
517 2264 583 2296 haec
605 2265 741 2296 carmina
769 2277 845 2297 con-

84 2306 216 2348 scripsit.

83 2361 87 2363 ·
126 2352 157 2380 2.
190 2348 235 2379 M.
251 2348 438 2390 Marcellus]
485 2349 654 2381 Marcellus
676 2349 728 2381 ille
748 2361 846 2392 nepos

81 2391 152 2432 ejus
176 2392 244 2427 suit,
263 2391 317 2432 qui
338 2392 421 2422 bello
446 2392 563 2423 Punico
585 2393 724 2423 secundo
750 2393 844 2435 Syra.

83 2445 172 2465 cusas
195 2434 280 2471 vicit,
302 2440 335 2465 et
356 2435 494 2476 quinque
516 2435 693 2465 consulatus
709 2436 843 2476 adeptus

83 2482 142 2508 est.
199 2476 262 2507 Hic
288 2482 390 2507 autem
421 2477 590 2508 Marcellus
618 2478 779 2518 naufragio
805 2479 845 2509 ad

85 2519 183 2559 ipsam
207 2518 345 2550 Africam
371 2519 478 2560 periit,
500 2519 594 2560 paulo
611 2526 686 2550 ante
707 2526 844 2562 coeptum

87 2560 202 2591 bellum
218 2561 371 2592 Punicum
387 2562 522 2592 tertium.

132 2605 163 2634 6.
185 2604 256 2638 Quae
267 2614 334 2635 sara
345 2605 372 2645 2]
417 2604 568 2634 Homines
592 2604 693 2643 liberi,
715 2604 768 2645 qui
790 2603 845 2635 ali-

84 2655 149 2686 quo
170 2645 282 2686 insigni
303 2647 431 2678 crimine
453 2647 497 2677 rei
515 2648 718 2683 habebantur,
740 2647 757 2679 ὁ
772 2658 846 2678 saxo

87 2687 221 2727 Tarpeio
237 2688 472 2729 dejiciebantur.

132 2729 182 2761 lb.
210 2730 283 2763 Quoe
309 2733 437 2775 cruce-³2]
483 2732 569 2764 Servi
599 2732 642 2764 rei
669 2732 700 2764 in
722 2742 844 2765 crucem

88 2772 270 2813 agebantur.

930 1925 978 1956 Ib.
1004 1926 1087 1956 Duos
1099 1926 1212 1967 duces-J
1258 1926 1426 1958 Gabinium
1443 1933 1474 1957 et
1490 1927 1650 1958 Pisonem.

933 1972 982 2000 1⁰2.
1020 1969 1071 1999 Me
1103 1969 1269 2010 referente]
1331 1969 1410 2000 Cum
1446 1970 1552 2001 consul
1582 1976 1649 2000 erat

887 2010 1009 2046 Cicero,
1033 2011 1137 2042 retulit
1160 2012 1198 2041 ad
1224 2005 1377 2048 senatum,
1401 2018 1434 2043 ut
1457 2012 1649 2053 imperatoris

886 2054 1010 2084 nomine
1033 2054 1208 2094 Torquatus
1229 2054 1282 2084 ille
1305 2061 1475 2091 ornaretur,
1503 2066 1563 2096 quo
1580 2054 1648 2094 jam

886 2096 989 2126 fuerat
1003 2096 1042 2125 ab
1058 2096 1192 2126 exercitu
1209 2097 1384 2127 decoratus.

931 2140 982 2168 13.
1010 2137 1064 2168 Cn.
1082 2138 1265 2178 Dolabella]
1313 2139 1371 2169 Cn.
1386 2138 1555 2169 Dolabella
1572 2138 1650 2169 dici-

888 2184 935 2210 tur
950 2180 968 2209 a
985 2180 1090 2211 Gellio
1104 2180 1186 2210 Asiae
1202 2182 1366 2220 proconsul
1383 2182 1487 2213 fuisse.

931 2222 980 2252 Ib.
1005 2222 1038 2253 C.
1057 2223 1216 2263 Curionis]

890 2264 984 2295 rionis
1011 2266 1123 2295 tribuni
1153 2265 1263 2306 plebis.
1310 2265 1342 2296 Is
1368 2277 1490 2308 senzper
1519 2266 1649 2297 Caesaris

890 2314 992 2347 partes
1007 2313 1130 2338 secutus
1146 2313 1203 2343 est,
1227 2309 1272 2338 vir
1287 2307 1356 2338 luxu
1379 2314 1412 2338 et
1433 2308 1565 2339 audacia
1587 2310 1649 2339 sin-

913 2350 1001 2380 ulari.

889 2361 908 2390 g
933 2395 984 2422 14.
1009 2392 1056 2423 M.
1073 2392 1221 2432 Luculli]
1268 2392 1316 2422 M.
1342 2392 1488 2424 Lucullus
1511 2393 1551 2424 de
1575 2393 1650 2424 Ma.

886 2435 1020 2466 ccdoniz't
1032 2435 1242 2475 triumphavit.

931 2477 981 2508 Ib.
1024 2477 1199 2508 Justissimos
1226 2476 1413 2517 triumphos]
1477 2478 1523 2509 Ut
1546 2478 1649 2519 justus

888 2519 1059 2561 triumphus
1089 2520 1266 2556 haberetur,
1300 2520 1481 2560 requisitum
1510 2522 1579 2556 fuit,
1615 2526 1650 2550 ut

888 2566 918 2592 1.
944 2573 1006 2593 ren}
1032 2562 1092 2593 suis
1120 2563 1265 2603 auspiciis
1292 2563 1322 2593 in
1350 2563 1509 2603 provincii:
1538 2563 1649 2603 gessis-

888 2610 975 2643 sent;
1014 2608 1046 2636 2.
1068 2611 1102 2635 ut
1131 2610 1255 2636 auctum
1280 2612 1361 2636 esset
1384 2606 1556 2645 imperium,
1585 2615 1648 2636 non

889 2654 1119 2688 recuperatum:
1153 2650 1185 2679 3.
1209 2653 1242 2678 ut
1260 2648 1369 2678 saltem
1392 2648 1530 2688 quinque
1553 2649 1648 2679 bosti-

891 2700 940 2720 um
966 2690 1060 2721 millia
1083 2701 1164 2721 caesa
1188 2699 1308 2721 essent:
1333 2692 1365 2719 4.
1389 2695 1422 2718 nt
1443 2691 1483 2720 de
1499 2690 1651 2728 hostibus,

889 2743 950 2763 non
967 2733 1006 2763 de
1022 2733 1152 2771 civibus,
1174 2738 1259 2764 esset
1275 2732 1369 2762 relata
1387 2732 1524 2764 victoria.

932 2777 985 2808 15.
1005 2776 1050 2806 Ab
1063 2775 1182 2816 altero.]
1232 2774 1379 2806 Gabinio.

1256 2223 1294 2254 C.
1312 2223 1405 2254 Curio
1419 2225 1496 2254 lilius
1511 2224 1570 2254 fuit
1584 2223 1653 2255 Cu-

1626 166 1705 209 271

1657 689 1712 731 85

1658 973 1685 1013 5

1667 1532 1720 1577 15
