1858 3095
600 151 651 186 m
674 150 931 186 mmmmm
955 150 1019 184 111.
1605 148 1686 196 123

54 239 99 268 re
116 225 327 278 dixerunt,
356 228 393 270 si
414 227 515 270 illud
536 228 720 286 signum,
751 230 867 286 quod
898 229 1068 281 videtis,
1100 229 1203 271 solis
1225 235 1378 277 ortum,
1410 234 1454 270 et
1473 230 1612 274 forum

57 283 300 341 curiamque
322 285 603 340 conspiceret,
627 288 730 337 fore,
752 294 800 328 ut
819 302 870 328 ea
892 286 1085 338 consilia,
1107 302 1201 343 quac
1220 287 1328 328 clam
1346 295 1492 327 essent
1512 287 1615 329 inita

58 348 208 382 contra
227 344 407 384 salutem
420 341 548 383 Urbis
562 350 690 399 atque
711 344 892 398 imperii,
913 344 1235 395 illustrarentur,
1256 350 1302 384 ut
1319 342 1345 384 εὶ
1365 342 1410 384 S.
1427 342 1476 384 P.
1491 344 1544 392 Q.
1565 343 1615 385 R.

58 399 243 453 perspici
270 406 460 455 possent.
520 399 663 455 Atque
690 400 796 441 illud
823 400 882 441 ita
903 401 1202 441 collocandum
1225 400 1426 442 consules
1447 399 1507 440 illi
1530 407 1615 441 sta-
1635 401 1688 441 60

60 461 248 496 tuerunt:
280 455 356 496 sed
385 463 505 497 tanta
534 456 617 497 fuit
646 457 783 512 operis
815 457 1007 508 tarditas,
1039 465 1086 498 ut
1115 472 1252 513 neque
1282 456 1305 497 ’ἶι
1328 456 1619 511 superioribus

62 511 323 562 consulibus,
354 526 492 569 neque
526 512 551 553 ῑι
581 514 706 554 nobis
737 520 834 555 ante
867 515 1119 555 hodiernum
1150 514 1279 564 diem,
1321 513 1620 554 collocaretur.
1699 560 1709 566 ‚

65 565 149 608 Hic
170 567 265 623 quis
285 574 431 623 potest
451 584 559 620 esse,
582 570 786 620 Quirites,
806 578 893 611 tam
913 578 1110 611 gaversus
1127 569 1152 610 ἷι
1170 585 1283 619 vero,
1306 577 1393 610 tam
1413 584 1621 626 praecepS,
1670 576 1712 596 μ’

65 629 152 663 tam
174 632 314 664 mente
337 633 506 681 captus,
527 627 600 682 qui
622 634 751 682 neget
771 627 864 667 haec
887 626 1030 667 onmia
1045 642 1140 682 quae
1158 626 1365 675 videmus,
1387 625 1623 681 praecipue·
1692 608 1702 653 f

66 693 149 735 que
171 679 282 721 hanc
302 680 477 733 Urbem,
510 683 684 724 deorum
711 683 1013 723 immortalium
1041 690 1148 723 nutu
1169 689 1296 738 atque
1316 689 1528 737 potestate
1550 683 1623 724 ad-
1641 683 1696 724 65

66 735 318 778 ministrari?
379 738 565 790 Etenim,
597 739 692 780 cum
714 746 827 780 esset
847 739 906 779 ita
928 753 1193 794 responsum,
1225 738 1378 787 caedes‚
1411 739 1624 789 incendia,

66 791 369 851 interitumque
387 795 650 851 reipublicae,
671 795 923 851 comparari,
945 803 987 836 et
1001 810 1050 837 ea
1068 795 1093 836 a
1111 795 1286 850 perditis
1306 795 1496 847 civibus3
1529 811 1626 852 quae

68 854 159 889 tum
183 859 355 906 propter
384 852 721 907 magnitudinem
750 853 957 893 scelerum
986 851 1203 893 nonnullis
1224 851 1492 893 incredibilia
1511 853 1628 894 vide-

69 904 239 958 bantur,
259 920 308 948 ea
330 921 416 949 non
437 908 567 950 modo
584 909 776 963 cogitata
796 908 818 949 a
834 908 1006 950 nefariis
1024 908 1206 959 civibus,
1229 907 1371 949 verum
1389 909 1518 950 etiam
1535 924 1628 950 sus-

71 968 210 1017 cepta,
229 977 323 1005 esse
345 965 554 1006 sensistis.
615 966 729 1006 Illud
750 964 850 1006 verb
874 980 1033 1006 non-ne
1055 965 1115 1006 ita
1135 980 1321 1021 praesens
1344 972 1424 1017 est,
1456 973 1502 1006 ut
1523 973 1629 1007 nutu
1647 966 1702 1006 70

71 1017 192 1059 Jovis
233 1018 399 1076 Optimi
429 1021 610 1062 Maximi
643 1023 805 1063 factum
839 1037 933 1063 esse
965 1021 1173 1073 videatur,
1204 1029 1265 1073 ut,
1297 1021 1393 1062 cum
1423 1022 1630 1063 hodierno

74 1074 143 1116 die
165 1075 288 1117 mane
309 1092 383 1133 per
403 1078 554 1127 forum,
585 1093 680 1119 meo
707 1079 846 1134 jussu,
878 1086 920 1119 et
941 1078 1150 1133 conjurati
1173 1085 1215 1119 et
1236 1093 1380 1119 eorum
1400 1078 1567 1120 indices
1588 1078 1633 1119 in

76 1132 214 1173 aedem
235 1131 487 1174 Concordiae
506 1135 773 1185 ducerentur,
807 1150 857 1176 eo
885 1136 980 1190 ipso
1013 1143 1204 1190 tempore
1232 1135 1402 1190 signum
1429 1142 1635 1176 statuere-

75 1188 169 1229 tur?
199 1203 285 1245 quo
307 1191 534 1241 collocato,
557 1199 684 1247 atque
707 1192 761 1232 ad
782 1206 857 1232 vos
879 1198 1157 1246 senatumque
1181 1206 1404 1243 converso,
1427 1192 1571 1232 omnia
1591 1197 1638 1232 et

79 1252 269 1296 senatus,
291 1254 334 1287 et
354 1262 446 1298 vos,
468 1263 564 1303 quae
584 1255 703 1289 erant
724 1255 871 1289 contra
888 1249 1067 1289 salutem
1084 1248 1272 1288 omnium
1294 1248 1500 1304 cogitata,
1519 1248 1639 1289 illus·
1654 1249 1710 1289 75

79 1307 190 1342 trata
205 1309 249 1342 et
260 1304 476 1358 patefacta
488 1304 672 1344 vidistis.
709 1304 807 1352 Quo
825 1304 955 1344 etiam
971 1305 1129 1359 majore
1144 1313 1244 1344 suut
1265 1304 1335 1344 isti
1358 1305 1456 1345 odio
1478 1305 1640 1360 suppli-

81 1357 232 1413 cioque
263 1358 398 1414 digni,
431 1360 500 1415 qui
535 1374 620 1401 non
651 1360 789 1401 solum
812 1360 963 1401 vestris
984 1359 1216 1401 domiciliis
1238 1367 1366 1415 atque
1389 1361 1531 1411 tectis,
1563 1361 1640 1401 sed

80 1413 211 1455 etiam
241 1414 419 1456 deorum
448 1417 616 1472 templis
648 1423 775 1472 atque
807 1417 1012 1467 delubris,
1043 1422 1144 1457 sunt
1173 1416 1366 1457 funestos
1387 1432 1438 1458 ac
1458 1417 1644 1457 nefarios

81 1469 205 1527 ignes
234 1471 388 1514 inferre
418 1473 582 1514 conati:
615 1473 770 1529 quibus
792 1487 873 1529 ego
893 1473 929 1514 si
951 1487 1017 1514 me
1038 1472 1246 1514 restitisse
1277 1472 1434 1524 dicam,
1463 1473 1646 1513 nimium

82 1527 190 1568 mihi
219 1528 428 1581 hsumam,
475 1537 519 1572 et
548 1544 635 1571 non
666 1530 748 1570 sim.
778 1530 998 1571 ferendus:
1042 1529 1130 1580 ille,
1162 1529 1234 1571 ille
1260 1529 1428 1585 Jupiter
1461 1530 1642 1577 restitit;
1661 1531 1718 1573 80

82 1583 155 1625 ille
178 1583 458 1641 Capitolium,
478 1587 551 1628 ille
566 1587 662 1628 haec
682 1587 856 1642 templa,
877 1586 949 1627 ille
969 1586 1082 1627 hanc
1097 1586 1273 1638 Urbem,
1305 1587 1376 1628 ille
1396 1601 1473 1627 vos
1495 1601 1645 1627 omnes

85 1641 227 1683 salvos
248 1657 343 1683 esse
364 1643 514 1685 voluit.
566 1643 664 1684 Diis
682 1658 761 1699 ego
775 1642 1086 1684 immortalibus
1107 1643 1289 1684 ducibus
1311 1643 1422 1684 hanc
1442 1650 1646 1693 mentem,

87 1696 293 1750 Quirites,
322 1699 675 1756 voluntatemque
707 1700 893 1756 suscepi,
933 1706 1061 1755 atque
1102 1699 1154 1740 ad
1195 1699 1289 1741 haec
1328 1707 1449 1740 tanta
1485 1699 1650 1740 indicia

86 1757 275 1810 perveni.
332 1756 430 1798 Jam
459 1757 562 1798 verb
593 1757 668 1797 illa
695 1757 981 1813 Allobrogum
1014 1756 1265 1797 sollicitatio
1299 1755 1324 1797 ’ἲι
1357 1757 1536 1797 Lentulo
1567 1771 1651 1796 cae-

86 1811 277 1868 terisque
308 1813 556 1855 domesticis
587 1813 800 1865 hostibus,
839 1821 960 1854 tanta
997 1828 1079 1865 res,
1117 1819 1206 1854 tam
1237 1813 1456 1854 dementer
1485 1812 1652 1854 credita
1668 1814 1721 1856 85

89 1875 134 1909 et
172 1868 333 1925 ignotis
380 1877 424 1912 et
459 1871 668 1923 barbaris,
709 1870 1036 1926 commissaeque
1075 1870 1208 1911 literae
1249 1885 1468 1925 nunquam
1506 1876 1652 1911 essent

89 1925 298 1981 profecto,
328 1926 412 1968 nisi
453 1927 480 1968 a
518 1927 601 1970 diis
640 1927 954 1970 immortalibus
995 1927 1114 1970 ihuic
1154 1933 1286 1968 tantae
1324 1926 1515 1969 audaciae
1546 1941 1650 1969 con-

264 2140 281 2166 ἕ
283 2148 521 2189 perversus.
697 2134 940 2188 ιι(ιννοςαῦο.
1104 2132 1207 2176 *tam
1232 2133 1484 2175 audacibus.

142 2369 195 2399 60.
220 2365 355 2397 Consules
366 2365 439 2406 illan]
487 2363 581 2396 Cotta
596 2368 628 2395 et
641 2363 829 2405 Torquatus.
945 2365 998 2394 80.
1022 2361 1089 2393 Non
1113 2362 1165 2392 sim
1181 2361 1352 2405 ferendus]
1401 2361 1554 2392 Praedicat
1577 2369 1660 2391 sum·

143 2414 197 2443 61.
220 2410 418 2449 Superioribus
445 2408 634 2448 consulibus]
692 2408 728 2438 L.
754 2408 858 2438 Caesar
900 2416 984 2436 mum
1001 2407 1127 2436 deorum
1142 2406 1338 2441 beneficium,
1367 2415 1429 2445 quo
1453 2405 1492 2434 ab
1514 2404 1660 2434 incendio

100 2459 134 2485 et
171 2455 210 2486 C.
239 2452 368 2494 Figulus
396 2453 538 2484 consules
567 2451 638 2482 ante
676 2451 860 2481 Ciceronem
901 2449 1020 2490 templa
1035 2454 1068 2479 et
1080 2449 1161 2479 Urbs
1176 2449 1307 2479 liberata
1322 2454 1386 2485 est;
1408 2448 1492 2488 quod
1508 2447 1566 2477 sibi
1578 2457 1660 2476 arro-

100 2496 198 2528 suere.
904 2503 977 2534 gare
990 2491 1055 2522 sine
1071 2492 1189 2522 sumina
1204 2492 1365 2532 impietate
1380 2501 1442 2521 non
1457 2495 1573 2531 posset.

144 2542 199 2572 72.
220 2539 259 2570 In
281 2539 367 2570 erdem
389 2537 576 2576 Concordia]
623 2537 662 2567 In
683 2537 751 2567 aede
778 2536 861 2567 Con·
948 2538 1000 2566 85.
1035 2534 1131 2565 Tanta
1157 2546 1211 2570 res,
1243 2540 1303 2564 tam
1332 2533 1498 2574 dementer]
1558 2533 1661 2563 Tanta

103 2582 216 2614 cordiae
226 2583 337 2614 Cicero
351 2587 491 2613 senatum
503 2582 664 2611 habiturus
678 2586 754 2610 erat.
788 2579 862 2609 Tria
903 2578 1084 2618 conjurant),
1108 2583 1139 2608 et
1160 2577 1274 2608 bellum
1299 2583 1361 2607 tam
1383 2577 1588 2618 perniciosum
1607 2585 1660 2604 ex-

103 2626 230 2656 fuerunt
255 2625 368 2656 Romae
392 2624 510 2664 templa
536 2623 742 2661 Concordiae3
765 2633 861 2652 unuin
903 2623 1083 2662 cogitatum,
1113 2620 1178 2651 sine)¹
1201 2620 1319 2651 summa
1341 2618 1499 2650 dementia
1519 2627 1581 2647 non
1604 2627 1661 2658 po-

104 2669 138 2698 in
162 2668 234 2699 area
252 2668 400 2704 Vulcani,
423 2667 507 2698 aliud
529 2667 562 2697 in
585 2677 668 2704 arce,
692 2666 816 2697 tertium
829 2664 861 2694 in
906 2665 967 2694 tuit
988 2664 1138 2694 committi
1166 2664 1280 2703 ignotis
1309 2668 1342 2693 et
1365 2661 1500 2692 barbaris
1529 2659 1664 2690 homini-

102 2711 183 2744 foro.
905 2707 974 2742 bus,
1008 2707 1041 2737 id
1067 2712 1126 2743 est,
1153 2706 1383 2746 Allobrogibus,
1442 2702 1530 2734 Nota
1558 2707 1663 2733 autem

148 2756 203 2786 ¹73.
225 2754 350 2797 Signum
368 2754 574 2796 statueretur.]
621 2753 708 2786 Jovis
738 2751 864 2784 simula·
906 2749 991 2790 quod
1018 2750 1151 2781 barbaros
1172 2754 1312 2781 externos
1337 2756 1444 2779 omnes
1459 2744 1664 2788 appellabant

105 2807 202 2830 crum.
907 2793 1056 2826 Romani.
