1790 3090
446 76 467 104 s

78 122 159 165 130

707 111 759 144 ΙΝ
785 109 1043 144 CATILINAM
1065 109 1131 143 1V;

828 167 973 202 αιωκειψς
982 168 1016 191 eu
1031 154 1076 194 111
1093 165 1178 194 mus.

66 193 123 236 30
142 191 217 250 qui
256 191 358 234 huic
396 191 491 233 urbi
534 189 780 246 praesident,
815 203 912 245 prg-
930 203 981 230 eo
1020 202 1077 228 1111

1095 202 1141 239 11,
1180 199 1233 227 ac
1270 198 1450 236 mereor,
1487 184 1695 226 relaturos

141 249 323 306 gratiam
336 264 449 291 esse:
474 247 644 298 deinde,
659 246 694 287 si
708 246 813 302 quid
836 243 1051 301 obtigerit,
1066 242 1591 300 aequdansmoparatoque
1609 254 1696 281 mo-

141 307 248 358 riar,
279 320 419 362 neque
451 304 564 345 enim
596 303 730 359 turpis
761 318 872 344 mors
903 301 1002 344 forti
1033 301 1119 342 viro
1150 306 1295 356 potest
1326 299 1535 348 accidere,
1557 311 1696 353 neque

141 363 369 404 immatura
399 361 627 411 consulari,
650 375 729 401 nec
759 360 913 400 misera
945 357 1144 414 sapienti.

1204 357 1297 397 Nec
1326 363 1472 397 tamen
1496 368 1576 409 ego
1601 368 1697 395 sum

141 420 214 461 ille
250 420 425 469 ferreus,
455 417 531 474 qui
563 416 703 457 fratris
740 415 945 457 carissimi
985 421 1114 469 atque
1154 412 1437 454 amantissimi
1473 409 1697 467 praesentis

68 480 123 521 35
144 491 322 518 moerore
362 489 448 515 non
497 488 683 523 movear,
723 472 961 526 horumque
1000 470 1190 511 omnium
1229 469 1429 524 lacrymis
1473 468 1498 509 ἐι
1540 466 1696 523 quibus

143 549 211 576 me
242 533 596 573 dcircumsessum
630 529 809 571 videtis:
843 542 981 584 neque
1014 540 1153 567 meam
1185 533 1373 566 mentem
1404 540 1492 566 11011
1522 525 1698 565 domum

144 589 259 645 saepe
298 594 469 630 revocat
509 586 750 628 exanimata
783 599 904 635 uxor,
935 584 1106 638 abjecta
1143 588 1260 623 metu
1292 582 1381 622 filia
1421 589 1464 623 et
1500 580 1699 637 parvulus

145 646 274 698 filius,
296 660 425 702 quem
446 644 552 685 1111111
573 643 740 684 videtur
760 640 962 698 amplecti
984 639 1241 695 respublica,
1262 644 1482 694 tamquam
1503 637 1699 678 obsidem

147 704 395 745 consulatus
417 700 525 752 mei3
557 716 696 756 neque
727 700 814 750 ille,
847 698 933 754 qui,
967 703 1221 752 exspectans
1254 696 1382 750 hujus
1415 694 1579 735 exitum
1599 692 1700 744 diei,

72 761 129 802 40
149 760 292 801 adstat
313 759 353 799 in
377 764 612 813 conspectu
633 771 727 797 meo
751 770 902 811 gener:
935 768 1107 794 moveor
1137 752 1204 793 his
1231 753 1358 793 rebus
1387 751 1599 800 omnibus,
1622 750 1700 790 sed

147 817 193 858 in
216 831 309 858 eam
338 822 515 871 partem,
538 821 585 854 ut
615 813 719 854 salvi
751 813 836 854 sint
862 812 1086 852 vobiscum
1118 824 1280 860 omnes,
1302 808 1430 849 etiam
1451 808 1511 848 esi
1533 806 1596 847 vis
1626 805 1702 846 ali-

149 888 236 929 qua
264 887 332 913 me
361 870 634 927 oppresserit,
664 869 807 925 potius
838 868 968 924 quam
999 874 1046 908 ut
1075 872 1118 907 et
1137 866 1199 906 illi
1222 873 1266 907 et
1296 880 1375 906 nos
1396 864 1483 905 una
1514 862 1702 919 Reipub-

148 936 271 985 peste
302 942 539 984 pereamus.

601 927 756 976 Quare,
780 926 831 966 P.
853 926 904 966 C.
925 924 1160 965 incumbite
1192 923 1247 963 ad
1277 922 1463 976 Reipub.
1495 921 1700 961 salutem:

151 984 468 1039 circumspicite
499 997 646 1024 omnes
679 983 904 1038 procellas,
927 996 1021 1037 quae
1053 979 1317 1034 impendent,
1338 977 1421 1019 nisi
1452 975 1703 1033 providetiS.

75 1044 131 1087 45
151 1042 252 1084 Non
281 1040 376 1082 Tib.
399 1039 637 1091 Gracchus,
659 1039 731 1095 qui
762 1039 917 1079 iterum
948 1036 1142 1077 tribunus
1163 1034 1299 1090 plebis
1319 1034 1410 1075 fieri
1427 1034 1584 1084 voluit3
1615 1047 1702 1074 11011

117 1105 123 1108 “
153 1100 203 1141 C.
237 1097 476 1145 Gracchus,
506 1096 578 1152 qui
615 1095 803 1154 agrarios
839 1093 1056 1136 concitare
1093 1098 1273 1134 conatus
1310 1096 1393 1140 est3
1424 1103 1511 1131 non
1543 1089 1590 1131 L.
1628 1088 1706 1130 Sa·

328 1285 661 1327 ‘lca-cumdatzmz
670 1315 678 1324 .

197 1507 249 1535 30.
276 1503 348 1534 Urbi
366 1503 551 1543 praesident]
592 1501 773 1532 Credebant
795 1501 839 1531 illi
854 1511 908 1530 ve-

153 1553 234 1578 teres
255 1547 372 1577 Urbem
397 1546 567 1586 quamlibet
594 1555 663 1574 suos
690 1546 804 1574 habere
833 1545 909 1573 deos

154 1590 311 1622 tutelares.
356 1589 442 1619 Vide
479 1587 688 1622 Macrobium,
711 1587 764 1617 lib.
794 1589 824 1617 1.
854 1587 910 1616 Sa-

153 1638 235 1664 turn.
296 1633 391 1664 Unde
429 1631 578 1666 Romani,
603 1631 708 1660 urbem
746 1630 912 1664 obsessuri,

152 1675 239 1717 prius
255 1676 331 1706 deos
351 1674 417 1716 ejus
440 1674 585 1705 tutelares
608 1674 666 1703 sibi
690 1672 840 1714 propitios
862 1672 910 1702 in-

151 1720 317 1750 vocabant.

196 1762 247 1792 Ib.
272 1761 425 1791 Relaturos
437 1759 592 1801 gratiam]
632 1758 764 1789 Referre
781 1758 912 1799 gratiam

155 1804 200 1835 dii
223 1805 378 1840 dicuntur,
400 1802 470 1834 cum
501 1803 562 1833 suis
589 1802 756 1833 cultoribus
782 1802 912 1832 benefa-

152 1849 250 1880 ciunt.

199 1894 253 1922 32.
279 1890 384 1930 Turpis
398 1888 498 1928 mors]
543 1888 656 1928 Turpis
680 1898 758 1918 mors
773 1897 811 1918 ea
835 1885 913 1916 dici-

157 1941 205 1965 tur
242 1944 311 1975 quae
350 1933 390 1962 ob
418 1938 539 1972 turpem
567 1940 692 1961 causam
724 1929 855 1966 accidit;
882 1934 914 1958 at

156 1977 290 2018 gloriosa
318 1976 377 2006 erit
405 1974 560 2010 Ciceroni,
590 1975 616 2004 si
649 1974 682 2003 in
712 1971 914 2004 defendenda

156 2020 258 2062 patria
274 2019 429 2049 moriatur.

199 2065 253 2094 33.
289 2062 452 2093 Immazura
495 2059 667 2100 consulari]
741 2058 913 2088 Immatura

157 2116 238 2136 mors
251 2109 311 2144 est,
324 2115 393 2144 quae
406 2108 478 2133 ante
494 2112 615 2132 cursum
633 2102 738 2142 gloriae
753 2106 913 2142 peractum

159 2148 283 2180 accidit.
327 2147 407 2177 Cum
430 2146 523 2186 igitur
539 2145 577 2174 ad
598 2145 801 2179 consulatum,
818 2144 914 2173 maxi-

158 2203 239 2222 mam
269 2191 405 2221 omnium
436 2188 633 2229 dignitatem,
663 2187 836 2228 pervenerit
861 2186 914 2216 Ci-

158 2246 242 2271 cero,
263 2233 329 2275 jam
357 2233 386 2263 ei
414 2243 493 2262 mors
520 2232 647 2261 evenire
672 2231 835 2261 immatura
861 2240 915 2260 ne·

159 2279 240 2319 quit.

201 2321 250 2350 Ib.
276 2319 385 2349 Misera
396 2317 547 2356 sapientis]
572 2315 788 2351 Stoi'ci,etiam
804 2316 836 2345 in
853 2320 915 2346 tor-

158 2363 283 2400 mentis,
298 2363 424 2391 beatum
438 2370 504 2390 esse
520 2359 691 2389 censebant
705 2359 892 2398 sapientem.

202 2408 256 2438 34.
293 2404 408 2434 Fratris
438 2402 606 2441 carissimi]
675 2401 782 2431 Frater
819 2401 916 2441 ipsius

161 2449 307 2485 Quintus,
323 2446 448 2486 cognati
471 2444 584 2485 reliqui
605 2455 641 2475 30
664 2444 829 2485 propinqui
845 2445 921 2473 ade-

160 2498 241 2528 rant,
255 2495 291 2521 ut
303 2490 445 2519 viderent
458 2499 551 2528 quem
569 2488 682 2517 exitum
706 2497 752 2517 res
776 2487 918 2516 habitura

162 2540 256 2573 esset,
281 2539 313 2562 ct
337 2543 375 2562 an
401 2537 498 2560 morte
527 2530 727 2560 multarentur
751 2529 918 2570 conjurati.

163 2578 276 2608 Refert
285 2573 638 2609 Plutarchus‚Qu·1nm1n
649 2583 712 2602 non
726 2573 921 2602 mediocriter

164 2621 348 2652 Ciceronem
362 2616 521 2656 impulisse
535 2616 572 2646 ad
588 2616 769 2646 sumendum
787 2617 825 2645 de
842 2627 916 2647 con-

160 2664 273 2705 juratis
288 2659 486 2700 supplicium.

208 2709 262 2738 37.
287 2704 461 2735 Exanimem
476 2700 572 2740 moon]
600 2701 775 2732 Terentiam
792 2714 917 2735 uxorem

165 2755 251 2782 metu
267 2753 300 2780 et
315 2756 428 2790 pavore
443 2750 671 2778 consternatam
690 2755 757 2776 esse
773 2745 826 2780 ait.

1024 1287 1038 1304 ‘³
1042 1281 1314 1335 pereundum
1336 1281 1393 1322 sit
1412 1279 1528 1320 milei.

995 1497 1045 1529 Ib.
1069 1498 1175 1539 Filia]
1212 1498 1314 1529 Tullia
1326 1497 1484 1529 Ciceronis
1495 1494 1559 1527 filia
1570 1494 1710 1526 nomina-

952 1542 1055 1578 batur,
1086 1552 1155 1582 quae
1181 1541 1291 1577 forma,
1318 1542 1464 1578 moribus,
1493 1546 1525 1571 et
1556 1538 1708 1576 doctrina,

954 1584 1111 1615 excellens
1123 1584 1217 1615 fuisse
1232 1585 1356 1615 dicitur.

998 1627 1047 1659 Ib.
1071 1627 1218 1657 Paruulus
1228 1628 1344 1668 filius]
1389 1627 1485 1657 Filius
1509 1625 1669 1658 Ciceronis
1692 1624 1712 1655 a.

953 1675 1041 1711 patre
1065 1671 1176 1702 Marco
1200 1671 1328 1701 Marcus
1358 1670 1459 1701 dictus
1489 1675 1552 1708 est;
1576 1669 1614 1707 is,
1640 1673 1712 1708 post

955 1719 1085 1744 mortem
1109 1713 1216 1754 patris,
1242 1713 1377 1754 Augusti
1406 1713 1535 1746 Caesaris
1570 1711 1603 1742 in
1637 1721 1711 1742 con-

955 1757 1056 1787 sulatu
1072 1757 1194 1797 collega
1203 1757 1272 1793 fuit,
1287 1762 1320 1787 ut
1335 1756 1519 1787 Plutarchus
1532 1756 1636 1786 refert.

999 1802 1051 1830 38.
1075 1800 1231 1841 Tamquam
1245 1800 1390 1840 obsidem]
1438 1799 1574 1829 Obsides
1584 1797 1711 1838 quidem

958 1841 980 1872 ii
996 1843 1142 1873 dicuntur
1164 1844 1217 1884 qui
1241 1844 1259 1873 a
1274 1843 1362 1873 victis
1377 1843 1484 1873 victori
1501 1842 1628 1872 dantur:
1653 1840 1709 1870 sed

957 1884 1008 1916 hic
1031 1886 1120 1916 obses
1142 1886 1267 1927 ponitur
1287 1896 1343 1927 pro
1366 1895 1513 1927 sponsore
1536 1882 1713 1916 consulatus

958 1928 1127 1959 Ciceronis.
1172 1929 1267 1965 Nam,
1296 1927 1367 1959 cum
1394 1928 1484 1959 unice
1513 1928 1531 1958 a
1559 1927 1713 1958 Cicerone

958 1971 1038 2001 filius
1066 1972 1257 2013 diligeretur,
1291 1971 1503 2006 confirmabat,
1532 1970 1610 2000 nihil
1647 1980 1712 2000 sus-

955 2020 1119 2054 cepturum
1149 2020 1280 2056 patrem,
1311 2014 1372 2044 nisi
1402 2014 1488 2054 quod
1513 2012 1604 2043 saluti
1634 2011 1713 2042 Rei-

956 2058 1032 2097 pub.
1051 2057 1149 2087 soret.-
1172 2058 1244 2098 quin
1272 2057 1354 2087 salus
1377 2056 1542 2087 liberorum
1569 2061 1601 2086 et
1626 2056 1712 2086 inco-

956 2099 1080 2130 lumitas
1105 2101 1124 2130 a
1148 2101 1246 2131 salute
1275 2105 1306 2131 et
1334 2099 1545 2131 incolumitate
1573 2098 1714 2140 Reipub-

959 2143 1130 2182 dependet.

1003 2189 1055 2216 40.
1081 2187 1200 2227 Gemen]
1256 2185 1370 2221 Tullia,
1385 2185 1449 2216 filia
1465 2184 1634 2221 Ciceronis,
1650 2189 1712 2215 tres

958 2228 1066 2258 habuit
1089 2231 1225 2266 maritos,
1247 2239 1284 2259 ex
1308 2229 1407 2270 primo
1429 2229 1633 2265 matrimonio,
1665 2227 1714 2258 Pi-

958 2281 1077 2307 sonem,
1099 2278 1136 2303 ut.
1156 2285 1191 2304 ex
1218 2273 1272 2303 lib.
1299 2276 1326 2302 1.
1353 2272 1455 2313 Epist.
1477 2271 1576 2302 famil.
1600 2275 1710 2312 patet;

960 2325 997 2344 ex
1021 2316 1157 2346 secundo
1179 2315 1414 2355 Crassipedem3
1440 2325 1478 2345 ex
1500 2314 1590 2344 tertio
1613 2313 1712 2344 Dola-

959 2356 1072 2388 bellam
1088 2370 1094 2388 :
1119 2360 1170 2390 hic
1188 2361 1227 2389 de
1243 2358 1335 2398 Calp.
1352 2358 1466 2388 Pisone
1480 2358 1590 2398 agitur.

1003 2402 1056 2431 44.
1081 2402 1182 2432 Omnes
1199 2401 1362 2441 procellas]
1409 2401 1469 2431 Per
1489 2399 1651 2440 procellas,
1666 2399 1714 2430 in-

962 2442 1079 2484 telligit
1101 2446 1203 2475 omnia
1229 2443 1380 2484 pericula:
1404 2443 1563 2474 translatio
1587 2443 1605 2473 ὃ,
1626 2443 1716 2473 maris

962 2488 1160 2526 tempestate.
1579 2518 1580 2521 ,

1010 2532 1062 2561 45.
1087 2530 1214 2560 Tiberius
1239 2528 1414 2569 Gracchus]
1470 2529 1620 2566 Tiberius,
1643 2528 1716 2560 011111

962 2573 1027 2603 fieri
1055 2573 1149 2603 vellet
1179 2574 1318 2603 tribunus
1343 2573 1457 2613 plebis,
1473 2573 1593 2602 occisus
1622 2578 1670 2602 est.
1697 2572 1716 2602 εἴ

962 2615 1108 2657 Scipione
1125 2616 1253 2650 Nasica,
1270 2621 1303 2645 ut
1318 2616 1410 2645 refert
1426 2615 1542 2653 Livius,
1558 2615 1611 2646 lib.
1627 2617 1680 2646 58.
1716 2647 1718 2650 ,

1005 2659 1057 2690 46.
1081 2659 1248 2700 Agr-arios]
1289 2658 1460 2688 seditiosos
1476 2658 1544 2688 illos
1558 2663 1647 2688 notat
1662 2658 1716 2699 qui

962 2702 1025 2743 legi
1050 2701 1174 2742 agrariae
1199 2702 1358 2740 favebant,
1378 2702 1491 2743 nempe
1513 2706 1547 2732 ut
1569 2702 1634 2743 agri
1659 2701 1718 2732 sibi

963 2745 1228 2778 distribuerentur.
