1858 3095
769 162 821 195 IN
846 161 1060 196 PISONEM.

127 242 284 285 sidium
316 240 541 284 consulum
570 239 862 296 implorarem:
894 239 975 280 sibi
998 252 1211 294 quemque
1229 236 1450 279 consulere
1472 243 1682 292 oportere.

130 300 275 355 Atque
309 297 401 339 haec
436 297 577 338 dicere
610 297 681 337 vix
715 298 872 338 audeo:
912 310 1075 346 vereor,
1095 311 1146 336 nc
1175 294 1248 351 qui
1279 293 1350 342 sit,
1372 293 1444 349 qui
1475 293 1597 333 istius
1620 293 1683 333 in-

133 355 300 410 signem
321 353 568 409 nequitiam,
589 353 740 394 frontis
774 353 1008 394 involutam
1041 350 1362 407 integumentis,
1384 349 1574 390 nondum
1595 363 1685 390 cer-

130 420 230 461 nat3
261 409 401 451 dicam
423 417 588 450 tamen:
623 410 713 466 ipse
747 408 862 451 certi²
884 416 1105 464 agnoscet,
1127 415 1183 459 et,
1212 421 1308 449 cum
1343 405 1488 461 aliquo
1523 405 1685 455 dolore,
1703 405 1758 446 60

135 466 391 522 flagitiorum
427 480 600 507 suorum
635 465 940 507 recordabitur.

1006 463 1332 513 Meministi-ne,
1367 476 1554 512 coenum,
1589 460 1688 502 cum

135 523 189 564 ad
223 529 265 563 te
297 521 446 577 quinta
480 521 564 564 sere
598 522 703 563 lior-21
735 536 832 563 cum
863 521 913 562 C.
936 521 1094 562 Pisone
1115 519 1341 566 venissem,
1361 517 1507 559 nescio
1539 531 1626 573 quo
1662 514 1687 557 ὲ

136 579 357 635 gurgustio
393 585 434 618 te
470 579 652 634 prodire,
686 578 875 619 involuto
910 577 1064 633 capite,
1102 575 1336 616 soleatum‘?
1377 580 1434 624 et,
1470 575 1568 614 cum
1604 573 1688 614 isto

137 649 209 676 ore
231 634 382 675 foetido
405 635 664 675 teterrimam
686 634 810 675 nobis
838 633 1039 689 popinam
1072 631 1328 680 inlialfisses,
1348 629 1624 670 excusatione
1646 635 1689 670 te

135 690 197 731 uti
225 691 495 741 valetudinis,
528 690 643 747 quod
678 690 855 739 diceres,
876 687 1118 743 vtvinolentis
1150 694 1191 728 te
1218 686 1472 742 quibusdam
1505 685 1690 726 rnedicaf-
1708 684 1763 726 65

137 746 321 787 minibus
357 747 490 788 solere
525 745 687 788 curari?
733 745 873 793 Quam
906 758 985 785 nos
1017 758 1191 785 causam
1227 742 1325 784 cum
1358 741 1691 797 accepissemus,

139 803 260 858 (quid
295 803 408 844 enim
442 803 581 843 facere
617 801 907 858 poterainus?)
953 800 1166 856 paulisper
1202 798 1399 840 stetimus
1435 798 1478 838 in
1513 798 1583 838 illo
1619 811 1693 853 ga-

139 873 312 900 nearum
334 866 499 899 tuarum
525 858 689 906 nidore,
711 865 838 914 atque
860 857 1001 898 fumo:
1032 857 1145 898 unde
1167 862 1214 896 tu
1234 869 1328 904 nos,
1349 853 1446 895 cum
1471 853 1694 909 improbis-

138 913 246 955 sime
268 914 580 970 respondendo,
596 921 688 955 tum
705 912 948 971 turpissime
966 912 1215 962 eructando,
1231 910 1412 966 ejecisti.
1472 909 1606 960 Idem,
1620 909 1693 950 illo

140 969 228 1011 fere
238 969 387 1021 biduo,
400 971 634 1027 productus
649 970 692 1011 in
705 984 956 1012 concionem
969 970 1022 1010 ab
1036 983 1100 1019 eo,
1116 968 1184 1009 cui
1199 967 1261 1008 sic
1271 966 1525 1022 [aequatum]
1533 966 1695 1020 praebe-
1712 967 1767 1007 70

140 1025 218 1067 bas
239 1027 510 1068 consulatum
546 1034 681 1078 tuum,
705 1027 802 1069 cum
836 1041 952 1068 esses
988 1026 1288 1080 inte1·rogatuS,
1310 1023 1414 1078 quid
1439 1022 1618 1063 sentires
1640 1022 1695 1062 de

141 1083 369 1122 consulatu
386 1098 507 1130 οπεος
540 1084 678 1137 gravis
701 1090 863 1130 auctor,
880 1081 1138 1133 (Calatinus,
1152 1080 1294 1128 credo,
1309 1079 1478 1136 aliquis,
1494 1077 1697 1119 autAfri-

143 1151 292 1188 canuS,
312 1143 386 1178 aut
420 1137 656 1189 Maximus,
687 1146 729 1179 et
762 1152 850 1179 non
886 1137 1140 1179 Caesoninus
1178 1136 1564 1192 Semiplacentinus
1597 1134 1698 1176 Cal-

187 1339 240 1369 61.
267 1338 413 1380 Coemurn]
458 1339 528 1371 Jam
559 1340 665 1370 sordes
685 1344 717 1370 et
736 1340 898 1381 perfidiam

144 1381 265 1412 Pisonis
281 1383 420 1422 exponit,
435 1382 451 1412 εἷ
468 1393 530 1424 qno
547 1382 769 1413 Clodianorum
792 1383 899 1412 furori-

144 1424 201 1454 bus
215 1426 372 1464 expositus
388 1431 446 1457 est.
493 1425 596 1456 Vocat
617 1431 720 1456 autem
738 1425 822 1455 illum
839 1435 900 1455 cce-

143 1477 229 1502 num,
245 1467 333 1508 quasi
350 1474 435 1498 tanta
450 1474 534 1498 esset
548 1468 689 1498 vitiorum
713 1468 851 1505 foeditas,
867 1473 901 1498 ut

143 1519 205 1539 non
221 1514 285 1540 tam
299 1520 440 1541 eoenosus
456 1512 549 1552 quain
573 1521 694 1542 coenum
721 1521 788 1541 esse
810 1511 900 1541 vide-

146 1558 238 1582 retur.

191 1596 245 1626 62.
271 1594 381 1628 Quint&
398 1595 468 1637 fere
484 1596 580 1637 horti]
628 1596 667 1627 Id
691 1601 749 1632 est,
772 1601 904 1637 quatuor

146 1636 211 1668 fere
226 1638 308 1667 horis
333 1645 405 1668 ante
433 1639 570 1677 solitum,
591 1638 661 1669 cnm
690 1638 809 1669 tantum
829 1638 904 1669 hora

145 1679 227 1709 nona
243 1680 324 1710 soliti
347 1686 452 1711 essent
475 1681 588 1713 mensis
611 1680 905 1722 accumbere,juxta

147 1721 223 1752 illud
241 1722 413 1754 Martialis:

189 1764 316 1804 Imperat
329 1772 483 1796 nimietas
484 1767 631 1809 frangere
644 1778 722 1797 nona
736 1773 818 1798 toros.

191 1807 240 1837 Ib.
265 1808 340 1838 Cum
354 1808 486 1849 Pisone]
526 1810 588 1841 Hic
604 1810 640 1841 C.
655 1810 730 1841 Piso
746 1809 905 1850 Crassipes

149 1849 321 1899 dicebatur,
337 1851 496 1882 Ciceronis
509 1862 617 1894 gener,
631 1858 663 1884 et
677 1852 767 1894 hujus
783 1852 906 1884 Pisonis

148 1903 352 1934 propinquus.

191 1936 242 1966 Ib.
258 1937 287 1966 E
299 1937 484 1979 gurgustio]
518 1938 627 1969 Festus
643 1938 698 1974 ait,
715 1937 906 1978 gurgustium

151 1987 218 2008 esse
235 1989 331 2018 genus
351 1981 550 2012 habitationis
567 1986 742 2022 angustum,
758 1981 907 2011 arundine

150 2026 182 2050 et
197 2021 391 2052 straminibus
405 2024 622 2063 compositum.

195 2063 248 2093 63.
272 2062 406 2094 Involuta
418 2066 539 2106 capite]

152 2104 302 2140 Romani,
317 2105 438 2136 libidini
450 2113 481 2137 et
492 2108 626 2148 crapulae
642 2118 675 2138 se
691 2107 802 2138 daturi.
827 2108 911 2139 vide

154 2147 233 2180 Hor.
251 2148 304 2180 lib.
319 2151 348 2179 Ξ.
373 2148 437 2179 Sat.
453 2151 484 2179 7.

199 2190 304 2230 Turpis
317 2192 466 2222 odoratum
479 2198 567 2232 caput
580 2193 747 2223 obscurante
762 2192 886 2223 lac-md.

198 2233 247 2263 Ib.
270 2233 442 2275 solmam]
466 2235 566 2265 Soleae
582 2241 670 2265 erant
685 2235 910 2273 calceamenta,

155 2275 267 2316 quibus
284 2277 456 2316 plantarum
478 2278 578 2308 calces
593 2277 712 2307 tantum
737 2278 849 2308 infimae
865 2283 910 2308 te-

156 2319 319 2359 gebantur,
332 2325 364 2349 et
386 2330 456 2360 quae
481 2321 628 2351 teretibus
654 2321 784 2350 habenis
808 2321 911 2352 vincta

155 2367 263 2399 erant3
286 2362 369 2403 quod
386 2363 588 2393 calceamenti
603 2373 701 2404 genus
724 2363 854 2394 maxime
869 2363 909 2393 ad

156 2403 288 2434 feminas
313 2405 500 2443 pertinebat,
517 2411 549 2436 et
563 2406 712 2436 indecens
726 2406 798 2437 viris
814 2407 910 2436 habe·

158 2446 258 2476 batur.
301 2447 359 2477 His
384 2451 488 2478 tamen
515 2448 545 2478 in
571 2448 720 2479 conviviis
735 2449 910 2484 utebantur,

158 2493 193 2518 ut
210 2494 281 2519 ante
297 2489 471 2521 accubitum
490 2490 610 2521 facilius
634 2501 686 2521 eas
707 2491 912 2531 deponerent.

160 2530 245 2561 Vide
261 2531 371 2562 Horat.
386 2533 417 2562 in
430 2533 524 2564 citata
539 2532 679 2574 superius
695 2534 759 2564 Sat.

203 2575 256 2604 64.
302 2573 487 2606 Tem-rimam
512 2576 674 2616 popinam]
735 2575 796 2607 Per
819 2581 916 2606 meto·

162 2615 311 2663 nymiam,
326 2618 453 2648 odorem
477 2619 602 2660 popinae
626 2618 791 2660 significat,
805 2619 837 2649 in
852 2618 915 2659 qua

160 2658 302 2689 ebrietati
314 2661 475 2691 vacabant.

207 2700 262 2733 67.
299 2701 467 2734 Camarum
490 2704 642 2746 tuarum]
701 2703 820 2735 Ganeae
847 2702 917 2734 loca

165 2746 236 2771 »unt
250 2742 367 2780 abdita,
383 2756 420 2777 ac
439 2745 536 2777 veluti
562 2747 698 2785 defossa,
714 2746 767 2778 ubi
782 2746 917 2778 libidini-

167 2783 224 2814 bus
239 2788 270 2816 et
285 2787 417 2828 crapulae
433 2788 646 2830 indulgebant.

985 1341 1039 1369 70.
1065 1338 1231 1369 Productus
1243 1339 1273 1367 in
1285 1336 1472 1377 concionem-J
1501 1335 1641 1367 Vocatus
1653 1339 1702 1366 est

945 1382 1018 1412 Piso
1033 1382 1063 1411 in
1080 1382 1260 1411 concionem
1279 1381 1297 1410 a
1312 1380 1436 1415 Clodio,
1451 1379 1573 1409 tribuno
1588 1378 1701 1418 plebis,

944 1431 978 1455 ut
994 1435 1080 1455 suam
1106 1423 1291 1454 sententiam
1305 1423 1345 1453 de
1362 1421 1521 1454 Ciceronis
1536 1421 1702 1453 consulatu

945 1468 1074 1498 diceret.

988 1512 1041 1540 72.
1089 1509 1195 1540 Grau's
1208 1508 1340 1549 auctor]
1386 1507 1502 1539 Itonia.

987 1552 1038 1584 Ib.
1083 1552 1264 1592 Calatinus]
1299 1550 1350 1581 De
1366 1551 1549 1581 auctoritate
1566 1548 1702 1580 Calatini

947 1594 1085 1636 loquitur
1101 1595 1211 1626 Cicero
1227 1594 1259 1624 in
1271 1594 1326 1624 lib.
1337 1594 1376 1623 de
1393 1595 1518 1624 Senem.
1534 1598 1566 1622 et
1581 1593 1620 1622 de
1634 1591 1702 1632 ejus

948 1643 1134 1679 paupertate
1155 1636 1263 1668 Valer-
1284 1637 1372 1667 Max.
1398 1636 1451 1666 lib.
1466 1637 1496 1666 4.
1517 1645 1586 1675 cap.
1602 1638 1634 1665 4.
1649 1644 1703 1664 cu·

945 1681 997 1721 jus
1013 1681 1122 1711 attritae
1139 1690 1247 1710 manus
1262 1679 1375 1710 rustico
1391 1688 1485 1720 opere
1501 1677 1630 1708 salutem
1645 1687 1704 1718 pu·

950 1724 1062 1754 blicam
1077 1722 1302 1754 stabiliverunt.

993 1766 1041 1796 Ib.
1065 1764 1253 1807 Africanus]
1287 1763 1324 1795 P.
1334 1763 1517 1794 Africanum
1534 1760 1704 1792 &Numan-

951 1808 992 1838 ua
1008 1809 1200 1844 redeuntem,
1210 1809 1249 1838 ab
1264 1806 1333 1847 ipsa
1347 1806 1434 1846 paene
1444 1804 1575 1845 portain
1590 1804 1707 1835 Rostra

949 1853 1144 1893 perductum,
1169 1850 1243 1891 quid
1271 1851 1312 1880 de
1335 1849 1406 1879 Tib.
1434 1847 1567 1879 Gracclii
1596 1852 1707 1882 morte,

950 1894 1038 1934 cujus
1061 1904 1193 1924 sororem
1217 1893 1249 1922 in
1268 1890 1461 1922 matrimonio
1475 1890 1621 1925 habebat,
1637 1899 1707 1919 sen·

949 1937 1033 1976 tiret,
1052 1935 1251 1976 interrogavit
1266 1935 1303 1966 C.
1321 1934 1422 1965 Carbo
1436 1944 1444 1971 ;
1467 1939 1511 1969 ut,
1523 1932 1707 1963 auctoritate

951 1979 1110 2010 clarissimi
1132 1979 1200 2014 viri,
1226 1978 1370 2008 inchoato
1400 1976 1548 2006 incendio
1577 1974 1708 2004 multum

949 2022 1134 2053 incrementi
1150 2021 1311 2061 adjiceret.
1340 2019 1521 2059 Respondit
1531 2017 1709 2053 Africanus,

585 2065 690 2105 Caput
710 2064 912 2095 involvebant
942 2066 1016 2104 jure
1047 2075 1110 2094 eum
1134 2074 1234 2093 coesum
1262 2063 1375 2099 2·1'der1',·
1411 2061 1461 2091 cui
1487 2060 1558 2091 cum
1589 2059 1708 2090 succla-

954 2107 1103 2144 massent,
1127 2105 1200 2136 Non
1227 2105 1379 2140 efficietis,
1403 2102 1514 2143 inquit,
1530 2107 1564 2132 ut
1592 2101 1708 2131 solutos

954 2159 1074 2188 verear,
1092 2159 1170 2189 quos
1190 2148 1332 2188 alligatos
1355 2145 1481 2177 adduxi.
1525 2144 1612 2175 Vide
1635 2144 1710 2175 Val.

954 2192 1008 2222 lib.
1023 2194 1054 2222 6.
1068 2201 1138 2231 cap.
1152 2194 1183 2221 Ξ.

996 2236 1049 2265 73.
1073 2233 1246 2273 Maximus]
1281 2232 1322 2268 Q.
1336 2230 1450 2262 Fabius
1466 2228 1635 2265 Maximus,
1654 2229 1709 2270 qui

954 2276 1058 2307 Fabiae
1075 2277 1171 2316 genti,
1186 2277 1277 2306 rebus
1293 2273 1435 2316 praeclare
1457 2272 1563 2313 gestis,
1577 2271 1710 2302 Maximi

955 2329 1127 2360 cognomen
1156 2320 1286 2359 adeptus
1310 2323 1368 2352 est,
1392 2315 1544 2345 dictatura
1566 2314 1710 2345 consula-

953 2362 1032 2392 tibus
1043 2361 1194 2402 quinque,
1205 2361 1300 2391 tribus
1311 2358 1472 2399 triumphis
1482 2356 1711 2393 celeberrimus,

954 2410 997 2440 et,
1021 2411 1055 2435 ut
1069 2404 1112 2434 ait
1127 2403 1195 2434 Cic.
1213 2403 1267 2433 lib.
1283 2403 1323 2433 de
1339 2403 1521 2436 Senectute,
1537 2399 1637 2440 cujus,
1652 2410 1710 2429 non

954 2448 986 2477 t'n
1000 2447 1138 2477 sentencia
1148 2447 1250 2482 solum,
1261 2446 1307 2476 sed
1321 2446 1410 2476 etiam
1422 2445 1453 2474 in
1468 2449 1556 2478 nutu,
1571 2442 1711 2473 residebat

956 2490 1126 2520 auctoritas,

999 2532 1051 2564 Ib.
1094 2530 1381 2570 Semiplacentinus.]
1431 2525 1713 2568 Semiplacentinus

959 2574 1134 2615 appellatur
1157 2574 1244 2613 Piso,
1266 2574 1341 2615 quia
1370 2583 1408 2603 ex
1437 2579 1550 2611 genere
1575 2573 1711 2599 materno

959 2617 1158 2648 Placentinus
1186 2622 1262 2648 erat.
1323 2614 1504 2646 calventius
1531 2609 1615 2647 verti,
1638 2611 1713 2651 quia

961 2659 1153 2696 calventius,
1169 2665 1324 2689 maternus
1348 2668 1434 2694 avus,
1451 2653 1618 2685 Placentiae
1634 2664 1712 2694 prae-

960 2713 998 2734 co
1012 2703 1123 2733 fuerat.
1167 2701 1219 2732 De
1246 2700 1367 2733 Pisonis
1392 2707 1505 2741 genere
1533 2696 1651 2728 dictum
1666 2701 1714 2727 est

960 2745 994 2777 in
1008 2745 1098 2780 Orat,
1115 2755 1170 2788 pro
1187 2745 1273 2777 Sext.

1667 161 1753 205 255
