1858 3095
666 169 755 202 PRO
783 170 898 202 LEGE
924 167 1138 201 MAN1L1A.

109 262 217 304 quoe,
233 248 414 290 ducibus
428 246 699 296 Sertorianis,
710 245 763 287 ad
781 245 797 286 I
804 246 950 286 taliam
964 246 980 269 ⁴¹
994 246 1138 287 studio
1158 246 1421 286 inflammato
1438 253 1666 301 raperetur,

110 314 352 362 superatam
367 320 459 346 esse
473 311 603 359 atque
614 303 881 358 depressam:
904 317 1080 358 magnas
1095 303 1284 344 hostium
1297 302 1503 358 praeteresr
1518 305 1665 358 copias
1688 301 1738 341 15

109 363 254 403 multis
277 362 438 418 proeliis
457 376 550 402 esse
573 360 1114 415 deletaS,patefactumque
1132 360 1288 401 nostris
1306 359 1549 414 legionibus
1572 374 1665 400 esse

111 418 313 468 Pontum,
327 418 400 474 qui
418 416 516 458 ante
532 417 690 473 populo
708 415 834 456 Rom.
850 430 901 457 ex
919 416 1033 456 omni
1048 417 1167 457 aditu
1186 417 1357 458 clausus
1371 423 1486 456 esset
1501 432 1509 456 :
1525 456 1527 461 ,
1544 415 1667 456 Sino-

110 491 192 531 pen
211 484 335 531 atque
351 474 563 525 Amisum,
581 473 737 529 quibus
756 471 799 513 in
817 473 986 528 oppidis
1006 482 1127 514 erant
1145 472 1367 514 domicilia
1385 473 1511 528 regis,
1530 473 1667 513 omni-

109 533 188 574 bus
208 532 332 573 rebus
350 538 499 571 ornata
519 538 647 586 atque
669 531 836 579 referta,
855 538 1117 584 caeterasque
1139 531 1264 570 urbes
1287 528 1415 569 Ponti
1437 537 1479 570 ct
1500 528 1667 585 Cappa·

108 587 244 630 dociae
261 588 493 643 permultas
506 602 591 628 uno
609 586 726 627 aditu
741 594 870 648 atque
887 586 1072 626 adventu
1089 601 1183 626 esse
1201 592 1370 640 captas:
1393 599 1551 639 regem,
1569 600 1667 641 spo-
1682 583 1738 624 20

108 645 257 685 liatum
279 658 409 699 regno
434 643 568 700 patrio
590 651 718 698 atque
741 650 872 693 avito,
885 642 940 682 ad
957 642 1065 683 alios
1086 657 1131 683 se
1154 656 1276 698 reges
1297 649 1425 697 atque
1442 642 1546 682 alias
1564 656 1667 697 gen·

107 707 172 742 tes
186 701 426 757 supplicem
447 699 704 741 contulisse:
737 705 865 754 atque
887 698 980 739 haec
1001 698 1157 749 onmia,
1174 698 1303 739 salvis
1321 698 1468 754 populi
1482 698 1667 739 Romani

107 757 253 807 sociis,
267 764 396 813 atque
415 757 591 812 integris
609 755 909 810 vectigalibus,
925 769 1019 796 esse
1037 762 1174 810 gesta.
1207 754 1321 796 Satis
1336 755 1485 810 opinor
1500 755 1584 796 hoc
1601 769 1669 796 es-

109 829 154 855 se
172 814 310 855 laudis
327 830 335 854 :
367 821 495 869 atque
513 815 572 853 ita
588 819 753 868 reputo,
771 818 816 852 ut
832 812 915 852 hoc
933 826 1007 852 vos
1030 811 1294 867 intelligatis,
1311 810 1336 851 a
1352 811 1469 852 nullo
1488 811 1667 853 istorum

107 870 182 926 qui
203 870 304 912 huic
320 870 566 912 obtrectant
581 868 665 927 legi
683 875 812 924 atque
830 883 986 919 causae,
1005 867 1050 908 L.
1063 868 1285 909 Lucullum
1302 868 1497 909 similiter
1514 883 1566 910 ex
1584 869 1668 910 hoc
1684 867 1739 906 25

107 927 207 968 loco
228 941 322 968 esse
343 925 898 981 laudatumjfigRequiretur
929 923 1110 966 fortasse
1140 939 1269 976 nunc,
1291 925 1668 980 quemadmodum,

108 983 206 1025 cum
221 985 313 1025 haec
326 984 385 1024 ita
398 984 497 1035 siut,
507 982 717 1038 reliquum
732 982 869 1037 possit
877 996 970 1023 esse
985 996 1187 1036 magnum
1200 982 1359 1022 bellum
1372 997 1382 1029 ς
1400 983 1668 1037 cognoscite,

108 1040 296 1088 Quirites
315 1057 324 1081 :
356 1055 442 1081 non
463 1040 577 1080 enim
599 1038 691 1080 sine
724 1039 857 1079 causa
879 1038 1010 1094 quaeri
1042 1038 1223 1078 videtur.

1283 1037 1490 1089 Primum,
1514 1053 1566 1079 ex
1589 1053 1669 1080 suo

107 1111 239 1153 regno
254 1097 319 1139 sic
333 1097 606 1138 Mithridates
620 1095 826 1152 profugit,
836 1102 882 1137 ut
895 1110 946 1136 ex
961 1095 1113 1137 eodem
1124 1095 1265 1136 Ponto
1278 1094 1437 1136 Medea
1449 1095 1521 1136 illa
1533 1109 1672 1151 quon-

727 1267 743 1291 ‘¹
756 1271 849 1311 odio
877 1271 993 1310 mmm·
998 1284 1075 1311 mo.

151 1441 203 1468 10.
248 1437 354 1469 Multis
388 1440 498 1478 proelz‘is
533 1449 587 1469 esse
623 1439 755 1480 deletam]
831 1438 870 1469 In

106 1480 213 1522 pugn'a
228 1482 267 1512 ad
292 1481 506 1524 Rhyndacum
528 1481 666 1519 fluvium,
683 1481 785 1512 multis
800 1483 871 1512 hos-

107 1525 184 1555 tium
201 1525 372 1561 trucidatis,
386 1536 438 1555 scx
451 1524 599 1567 equitum,
617 1526 796 1566 quindecim
813 1535 869 1564 pc-

108 1568 209 1597 ditum
226 1567 320 1598 millia
336 1569 440 1609 cepit;
456 1568 488 1598 in
500 1568 593 1598 alterii
610 1568 716 1609 pugna
732 1569 771 1598 ad
789 1567 870 1598 Gra-

107 1610 212 1640 nicum
240 1611 367 1650 flumen,
384 1612 484 1651 captis
500 1611 650 1651 plurimis,
666 1611 774 1652 viginti
800 1612 871 1640 hos-

107 1654 183 1683 tium
200 1653 297 1684 millia
312 1654 441 1686 occidit.
483 1653 523 1683 In
539 1654 630 1684 tertia
646 1655 752 1694 pugna
767 1654 870 1684 navali

106 1696 197 1726 inulti
222 1697 341 1727 barbari
362 1697 553 1735 ceciderunt,
570 1702 602 1727 et
625 1697 703 1728 inter
726 1697 867 1737 captivos

107 1739 240 1775 Marius,
250 1740 303 1780 qui
320 1740 428 1771 missus
444 1740 545 1770 fuerat
560 1740 579 1770 ξι
595 1740 741 1777 Sertorio,
756 1745 867 1781 captus

107 1787 166 1817 est,
182 1787 214 1812 et
232 1783 340 1823 postea
355 1789 494 1814 necatus.

149 1824 200 1857 Ib.
241 1825 428 1867 Putqfizctum
464 1825 621 1866 Pontum]
676 1824 757 1857 Cum
781 1836 813 1855 se
836 1825 868 1855 in

106 1867 212 1908 sugam
226 1879 278 1899 rex
295 1870 445 1905 dedisset,
459 1869 490 1899 in
501 1868 635 1898 Pontum
652 1869 806 1909 ingressus
823 1873 870 1899 est

107 1910 264 1947 Lucullus,
282 1912 346 1948 ubi,
362 1913 469 1953 paucis
490 1912 640 1953 exceptis,
657 1922 762 1942 omnes
780 1911 869 1941 urbes

107 1954 164 1983 sibi
180 1955 324 1993 subjecit.

154 1999 205 2028 17.
226 1997 376 2038 sinopem]
419 1997 536 2038 Sinope
561 1998 632 2028 urbs
656 2002 703 2028 est
727 1998 764 2028 ad
785 1997 868 2027 Pon-

109 2045 173 2069 tum
199 2040 352 2070 Euxinum
375 2041 446 2076 sita,
469 2051 538 2081 quae
562 2040 714 2070 Romanis
737 2039 869 2081 primum

108 2083 242 2121 obstitit3
261 2083 328 2118 scd,
339 2081 409 2113 cum
423 2083 626 2123 adangustias
637 2085 764 2113 reducta
776 2089 869 2116 esset,

109 2125 203 2161 cives,
231 2126 359 2155 navibus
383 2124 548 2165 majoribus
575 2125 719 2160 incensis,
739 2127 769 2155 in
796 2125 870 2155 levi-

108 2179 176 2198 ores
202 2169 461 2203 conscenderunt,
486 2173 520 2198 ut
549 2168 624 2208 fuga
645 2168 736 2198 saluti
759 2178 869 2198 consu-

108 2210 228 2248 lerent3
253 2212 308 2241 scd
332 2215 456 2249 captam
481 2211 608 2241 tandem
625 2210 771 2241 Lucullus
795 2210 870 2241 libe-

108 2263 172 2283 ram
188 2254 347 2285 civitatem
363 2254 447 2288 fecit,
461 2253 543 2294 qudd
562 2264 617 2294 per
632 2264 783 2289 somnum,
795 2255 867 2283 <luni

108 2296 192 2331 illam
220 2298 388 2332 obsideret,
404 2297 487 2327 visus
511 2302 559 2326 est
582 2296 621 2326 ab
638 2296 799 2337 Antigono
815 2307 868 2326 vo-

109 2339 184 2376 cari,
207 2340 260 2381 qui
276 2350 379 2370 comcs
394 2339 467 2369 olim
485 2339 627 2370 Herculis
651 2345 758 2370 contra
773 2338 869 2370 Ama·

112 2393 206 2413 zonas
222 2385 301 2413 hanc
317 2383 375 2413 sibi
397 2382 569 2424 delegerat.

156 2428 207 2457 18.
230 2425 386 2467 Amisum]
424 2425 565 2455 Amisum
581 2425 732 2467 oppidum
745 2424 776 2454 iu
794 2435 868 2455 con-

110 2468 184 2498 finio
210 2468 435 2510 Paphlagoniae
458 2474 487 2498 et
505 2468 731 2510 Cappadociae,
752 2468 867 2497 distans

111 2511 130 2541 ῑι
145 2511 261 2553 Sinope
277 2513 339 2542 130
356 2523 398 2544 m.
415 2522 569 2553 passuum.
602 2511 707 2542 Primii
722 2510 780 2541 hfic
797 2511 871 2540 urbe

111 2554 248 2592 devicta,
263 2555 301 2584 ad
319 2555 408 2585 istam
423 2560 523 2584 castra
540 2555 663 2594 posuit;
681 2553 743 2595 quii
755 2554 871 2589 statim,

110 2597 304 2638 fugientibus
338 2597 468 2633 civibus,
492 2597 609 2637 potitus
633 2603 696 2634 θεὶς
722 2598 802 2626 hanc
826 2602 870 2625 ta-

112 2650 183 2670 men
205 2641 268 2672 suis
290 2641 412 2681 legibus
428 2639 577 2670 Lucullus
592 2640 695 2670 vivere
719 2639 870 2680 permisit,

111 2683 185 2724 quia
202 2683 276 2714 olim
290 2683 413 2714 colonia
427 2684 466 2714 ab
483 2682 729 2714 Atheniensibus
745 2682 873 2713 condita

113 2726 225 2756 suerat.

159 2770 209 2799 19.
244 2768 454 2810 Cappadociae.]
512 2767 762 2810 Cappadociam,
785 2767 875 2810 pulso

116 2811 304 2850 Nicomede,
320 2811 521 2844 Mithridates
545 2810 721 2853 occupavit.

957 1440 1010 1469 21.
1035 1437 1138 1479 Regno
1161 1440 1260 1478 patrio
1283 1444 1367 1480 atque
1395 1439 1501 1480 abiem]
1547 1438 1673 1471 Mithri-

916 1482 1006 1512 dates
1031 1482 1146 1523 primus
1168 1482 1227 1512 fnit
1253 1487 1336 1512 ortus
1359 1482 1376 1512 ἐ
1399 1482 1484 1522 regio
1509 1481 1673 1514 Persarum

913 1525 1076 1565 sanguine,
1091 1524 1145 1565 qui
1168 1535 1237 1556 cum
1255 1526 1363 1566 paucis
1378 1525 1534 1566 equitibus
1548 1525 1672 1566 fugiens

914 1567 1107 1608 Antigonum
1134 1567 1233 1609 Syrize
1247 1578 1365 1609 regem,
1378 1569 1396 1598 zi
1411 1579 1474 1609 quo
1497 1570 1588 1599 morti
1603 1569 1674 1599 fue-

913 1616 960 1640 rat
982 1610 1166 1647 destinatus,
1189 1612 1276 1641 venit
1298 1612 1329 1641 in
1353 1611 1603 1652 Cappadociam,
1619 1612 1674 1642 ubi

914 1653 1016 1684 locum
1039 1654 1098 1684 sibi
1130 1654 1281 1691 munivit3
1313 1655 1353 1684 ad
1378 1665 1449 1684 eum
1473 1654 1575 1685 multis
1597 1665 1673 1685 con.-

912 1697 1121 1732 venientibus,
1140 1697 1376 1738 Cappadociam
1393 1698 1518 1727 tandem
1534 1703 1565 1728 et
1579 1697 1674 1728 finiti-

911 1750 976 1770 mas
993 1739 1095 1769 Ponto
1116 1740 1255 1771 nationes
1279 1741 1455 1781 occupavit,
1471 1746 1503 1770 et
1519 1741 1672 1781 amplissi-

912 1792 994 1812 mum
1010 1782 1114 1812 liberis
1126 1783 1189 1812 suis
1202 1783 1364 1823 imperium
1380 1783 1518 1824 reliquit,
1529 1784 1615 1823 quod·
1631 1784 1672 1814 ad

913 1826 994 1855 hunc
1009 1825 1238 1862 Mithridatem,
1256 1825 1309 1867 qui
1326 1825 1345 1855 a
1360 1827 1459 1866 primo
1483 1833 1585 1856 sextus
1601 1826 1672 1862 fuit,

913 1868 959 1898 illi
974 1867 1207 1899 conservarunt.

956 1910 1006 1943 Ib.
1051 1912 1099 1941 Ad
1114 1912 1183 1941 alios
1196 1911 1302 1952 reges]
1349 1910 1401 1942 Ad
1426 1911 1590 1953 Tigranem
1619 1923 1673 1953 ge-

913 1964 1019 1984 nerum
1047 1965 1155 1992 suun13
1180 1960 1223 1993 et,
1239 1965 1276 1984 eo
1293 1954 1386 1990 victo,
1403 1955 1443 1984 ad
1467 1966 1570 1995 regem
1596 1955 1671 1986 Par-

913 1997 1046 2033 thorum,
1063 1998 1101 2027 nd
1119 2008 1212 2037 quem
1229 1997 1349 2037 legatos
1364 1997 1447 2028 misit
1462 1998 1575 2028 auxilia
1591 1999 1672 2039 peti-

916 2044 1011 2076 turos,
1028 2040 1176 2081 profugit.

957 2085 1008 2113 22.
1054 2082 1147 2113 Salvis
1166 2093 1235 2122 pop..
1256 2082 1356 2123 Ram]
1412 2083 1524 2113 Multis
1550 2084 1676 2125 regibus

914 2129 945 2154 et
961 2125 1085 2166 populis
1102 2126 1266 2165 pecuniam
1278 2126 1508 2156 conferentibus
1530 2125 1676 2163 Lucullo,

913 2167 998 2198 nulla
1021 2178 1058 2198 ex
1091 2168 1196 2197 aerario
1229 2167 1354 2208 publico
1388 2168 1524 2209 sumpta,
1546 2169 1615 2207 sua,
1637 2175 1674 2201 ut

913 2209 1098 2241 Plutarchus
1114 2211 1217 2246 refert,
1231 2210 1346 2241 bellum
1363 2211 1500 2251 gerebat.

957 2256 1010 2284 25.
1033 2253 1091 2287 Qui
1103 2253 1290 2294 obtrectant]
1336 2253 1521 2295 Perstringit
1536 2254 1674 2291 Q.Hor-

913 2298 1044 2326 tensium
1060 2301 1093 2326 et
1105 2296 1146 2332 Q.
1161 2296 1318 2331 Catulum,
1330 2297 1383 2336 qui
1399 2298 1478 2328 hanc
1494 2297 1597 2338 legem
1607 2299 1672 2329 dis-

912 2339 1095 2375 suadebant,
1132 2350 1224 2379 quam
1258 2339 1407 2370 Manilius
1442 2341 1483 2371 de
1515 2341 1675 2373 mittendo

914 2381 1068 2423 Pompeio
1086 2382 1165 2412 tulit.
1672 2409 1675 2413 .

955 2427 1007 2456 29.
1033 2424 1134 2455 Medea
1151 2424 1230 2465 illm]
1263 2424 1383 2456 Medea
1399 2425 1523 2456 AEetam
1540 2433 1677 2468 pat-nem,

912 2467 1098 2498 Colchorum
1109 2478 1224 2508 regem,
1233 2468 1273 2497 ob
1283 2468 1542 2508 pr‹›ditioneni,et
1551 2477 1675 2511 raptum

917 2510 1016 2540 vellus
1029 2521 1166 2547 aureum,
1188 2510 1323 2551 fugiens,
1347 2516 1381 2541 ut
1402 2510 1468 2551 ejus
1494 2512 1572 2543 iram
1586 2514 1672 2544 deui-

916 2557 1008 2588 taret,
1031 2553 1162 2595 Absyrti
1184 2553 1296 2589 fratris,
1320 2565 1414 2595 quem
1449 2555 1530 2594 fugae
1553 2556 1671 2586 socium

913 2597 1061 2632 habebat,
1071 2597 1259 2638 discerptum
1272 2607 1383 2638 corpus
1397 2603 1429 2627 et
1440 2597 1559 2627 divulsa
1574 2609 1673 2630 mem-

913 2640 967 2669 bra
979 2639 1158 2670 adventanti
1172 2639 1251 2680 patri
1264 2639 1393 2680 objecit,
1402 2639 1468 2679 ejus
1482 2650 1673 2681 persequen-

914 2681 947 2711 di
963 2681 1166 2718 celeritatem,
1186 2682 1241 2712 filii
1260 2681 1356 2720 luctu,
1370 2692 1405 2712 ac
1421 2682 1547 2712 lacerati
1563 2693 1675 2724 corpo·-

917 2724 958 2754 ris
967 2724 1130 2766 adspectu,
1140 2725 1310 2756 retardans.
1324 2725 1406 2756 Vide
1419 2724 1527 2756 Ovidii
1539 2725 1629 2767 Eleg.
1641 2729 1677 2762 9.

919 2766 1014 2800 'srish
1030 2767 1082 2798 lib.
1099 2770 1130 2799 3.

1694 171 1749 213 39
