1790 3090
122 133 177 174 08

109 435 159 474 25
179 445 249 478 tus
271 437 429 478 saetam
453 452 547 479 esse
571 438 786 480 decrevit?

797 136 890 168 PRO
915 136 1108 170 MILONE.

167 208 384 251 judicium
405 210 663 252 decernendi
680 211 848 253 senatui
869 218 1062 269 potestas
1079 217 1196 253 esset
1209 219 1370 269 erepta,
1391 213 1445 254 de
1461 213 1554 269 ejus
1566 213 1742 256 interitu

176 266 273 323 quis
308 274 453 323 potest
492 267 665 308 credere
706 275 903 310 senatum
935 269 1151 325 judicium
1191 285 1348 311 novum
1389 270 1742 312 constituendum

175 322 353 380 putasse
368 326 384 365 ?

463 324 548 364 Cur
580 324 708 380 igitur
747 326 993 368 incendium
1034 327 1177 378 euriae,
1225 328 1593 383 oppugnationem
1642 328 1743 369 aedi-

178 395 250 421 um
289 381 353 421 Μ.
394 380 559 436 Lepidi,
614 383 778 423 caedem
818 383 930 425 hanc
967 384 1121 439 ipsam,
1168 393 1317 425 contra
1368 385 1580 441 Rempub.
1619 399 1743 426 sena-

847 440 960 488 Quia
993 441 1110 481 nulla
1145 440 1209 481 vis
1246 456 1434 497 unquam
1463 448 1530 482 est
1560 441 1605 482 in
1635 441 1742 482 libe-

179 494 223 534 rii
255 493 428 536 civitate
459 502 660 550 suscepta
689 496 800 537 inter
830 497 945 538 cives
979 513 1065 538 non
1090 505 1240 539 eontra
1261 498 1580 554 rempublicam.
1640 497 1742 540 Non

179 550 291 591 enim
325 558 391 592 est
423 552 512 592 ulla
542 552 735 594 defensio
770 560 920 595 contra
952 554 1036 596 vim
1065 569 1253 611 unquam
1284 556 1497 610 optanda3
1529 555 1606 597 sed
1637 569 1743 597 non-

178 622 398 663 nunquam
416 616 493 649 ‘est
526 610 790 651 necessaria:
830 611 912 652 nisi
933 611 1032 652 vero
1050 619 1124 652 aut
1144 612 1216 652 ille
1237 612 1345 663 dies,
1374 612 1418 652 in
1439 627 1524 667 quo
1545 612 1740 656 Tiberius

180 664 404 706 Gracchus
424 673 490 707 est
510 681 661 718 coesus,
692 674 767 709 aut
782 667 868 720 ille,
900 683 985 716 quo
1007 668 1154 720 Caius,
1187 675 1260 710 aut
1282 683 1368 724 quo
1389 683 1506 710 arma
1522 668 1741 710 Saturnini

106 719 160 760 30
179 736 385 778 oppressa
405 730 518 774 sunt,
550 724 718 765 etiamsi
742 724 765 764 ὲ
787 719 973 782 Republ.
1006 725 1161 781 Remp.
1182 733 1326 767 tamen
1347 740 1433 766 non
1454 725 1744 768 vulnerarunt.

179 778 332 834 Itaque
352 794 432 835 ego
447 780 538 836 ipse
556 781 739 831 decrevi,
755 783 854 825 cum
871 783 1033 824 caedein
1046 783 1090 824 in
1107 782 1250 839 Appia
1265 783 1336 824 via
1353 783 1513 825 factam
1529 798 1624 824 esse
1640 797 1742 824 con-

178 842 323 888 staret,
343 851 430 880 non
450 852 562 890 eum,
585 838 657 895 qui
674 854 720 880 se
737 838 1016 893 defendisset,
1030 846 1179 882 contra
1192 840 1421 898 Rempubl.
1437 839 1615 894 fecisse3
1645 840 1738 892 sed,

175 1159 252 1190 illud
268 1160 389 1191 facinus
404 1160 562 1201 intelligit,
586 1162 671 1201 quod
697 1162 864 1194 admissum
889 1168 936 1194 est

176 1202 194 1232 a
211 1203 337 1240 Clodio,
354 1214 460 1245 quum,
484 1209 571 1234 veste
587 1205 727 1235 muliebri
743 1207 883 1242 indutus,
902 1207 935 1237 in

175 1256 263 1277 sacra
286 1247 384 1277 Bonae
401 1246 481 1277 Deae
505 1247 638 1288 irrepsit,
664 1259 734 1289 quae
759 1249 778 1279 ῑι
799 1250 934 1281 mulieri-

174 1289 232 1319 bus
246 1290 493 1326 celebrabantur,
522 1296 556 1321 ut
571 1296 710 1332 stuprum
727 1293 813 1323 uxori
829 1293 934 1324 Caesa-

175 1332 215 1362 ris
231 1332 377 1373 inferret3
403 1333 420 1363 ὃ.
444 1344 505 1374 quo
518 1339 622 1364 tamen
640 1335 757 1366 scelere
775 1336 935 1367 absolutus

174 1380 232 1410 est,
255 1377 406 1417 corruptis
423 1377 739 1417 pecuiiiajudicibus.

220 1421 272 1450 ⁴23.
320 1420 382 1449 Cur
414 1422 510 1461 igilur
538 1422 704 1452 incendium
733 1425 832 1456 curiae,
863 1421 932 1462 65⁶]

175 1461 267 1491 Hanc
292 1467 388 1492 totam
413 1463 566 1493 actionem
593 1464 747 1495 Asconius
771 1465 931 1496 Pedianus

175 1504 218 1533 sie
245 1507 391 1545 exponit:
428 1506 497 1536 Post
534 1507 654 1537 biduum
688 1509 813 1538 medium
847 1509 933 1549 quiin}

177 1547 295 1578 Clodius
325 1550 431 1579 occisus
461 1555 536 1584 erat,
577 1551 701 1581 interrex
727 1553 839 1590 primus
863 1562 932 1591 pro·

174 1591 253 1620 ditus
278 1597 321 1621 est
357 1592 403 1623 M.
432 1592 572 1622 AEnzilius
604 1593 750 1633 Lepidus:
783 1595 933 1635 nonfuit

174 1640 271 1664 autem
310 1637 407 1671 moris,
445 1636 481 1665 ab
516 1646 546 1665 eo
580 1638 629 1676 qni
661 1639 774 1676 primus
808 1639 933 1668 interrex

169 1678 304 1716 proditus
328 1685 402 1714 erat,
427 1680 543 1709 comitia
569 1679 685 1710 haberi:
719 1682 765 1710 sed
794 1681 933 1720 Scipionis

173 1726 200 1749 et
239 1721 356 1760 Hypsaei
382 1721 540 1763 flrctiones,
577 1724 655 1762 quia⁴
683 1734 777 1754 recens
820 1725 932 1754 invidia

173 1762 295 1794 Bsilonis
315 1770 389 1800 erat,
418 1764 481 1794 ciim
508 1771 607 1795 contra
621 1768 678 1806 jus
695 1768 873 1806 postularent
897 1774 933 1798 ut

173 1808 297 1837 interrex
332 1809 371 1837 od
405 1809 521 1838 comitia
557 1810 707 1839 consutum
741 1811 932 1840 creandorum

173 1851 358 1886 descenderet,
387 1851 474 1890 ‘idque
499 1853 555 1890 ipse
584 1863 641 1882 non
657 1852 785 1894 fieceret,
816 1854 931 1883 domum

172 1896 234 1934 iy'ns
244 1906 296 1934 per
311 1905 403 1924 omnes
415 1896 575 1935 interregni
590 1896 648 1925 dies
668 1895 814 1936 (juerant
834 1903 929 1926 antem

172 1948 204 1966 cx
218 1949 294 1968 more
307 1938 448 1977 quinque)
470 1939 636 1968 obsederunt
649 1951 657 1967 :
676 1940 781 1969 deinde
802 1941 881 1970 omni
902 1941 931 1969 υἱ

160 1980 263 2019 janud
277 1981 451 2022 eapngnat&
473 1986 501 2011 et
515 1983 654 2022 imagines
665 1984 804 2021 majorum
828 1984 932 2023 dejece-

169 2030 253 2060 runt,
276 2030 304 2054 et
332 2025 469 2054 lectulum
494 2025 644 2054 adversum
662 2028 757 2056 moris
777 2027 838 2064 ejus
862 2026 933 2055 Cor-

170 2068 263 2103 nelioe,
289 2069 373 2107 cujus
396 2068 514 2098 castitas
535 2078 589 2106 pro
612 2070 732 2108 exemplo
755 2069 853 2098 habita
877 2075 928 2105 est,

161 2109 325 2152 fregerunt
337 2123 346 2148 ‚·
368 2112 490 2150 itemque
511 2111 592 2147 telas,
617 2122 678 2151 qum
700 2123 732 2142 esc
754 2119 843 2142 vetere
853 2123 931 2142 more

171 2156 207 2184 iz
247 2154 323 2184 atrio
365 2154 545 2189 terrebantur,
583 2156 751 2185 diruerunt.
808 2155 930 2196 Postque

171 2199 334 2237 supervenit
363 2196 483 2227 Milonis
506 2208 620 2232 manus,
648 2204 674 2228 et
700 2200 760 2238 ipsa
782 2199 930 2238 postulans

171 2242 303 2271 comitia:
328 2242 412 2279 cnjus
437 2241 578 2270 adrentus
595 2240 665 2282 suit
689 2242 780 2271 saluti
802 2241 929 2281 Lepido:

170 2285 238 2313 inse
249 2285 323 2314 enim
335 2285 398 2322 ipsoe
409 2294 544 2313 conversae
556 2294 588 2314 su
594 2289 625 2313 nt
630 2283 778 2326 factiones
790 2286 911 2315 inimicae
918 2296 929 2322 ,-

169 2332 256 2366 atque
276 2328 319 2357 ita
342 2328 517 2368 oppugnatio
541 2327 640 2357 domiis
656 2329 806 2370 interregis
829 2331 929 2359 omissa

170 2376 221 2400 cst.

214 2412 264 2444 Ib.
328 2411 498 2443 Incendium
541 2415 640 2449 curiae,
685 2415 928 2454 oppugnationem

170 2455 307 2495 aedz'um.]
354 2455 432 2485 Haec
443 2456 499 2485 tria
513 2457 600 2486 simul
618 2457 845 2497 complectitur,
858 2467 928 2496 quae

169 2510 232 2529 uno
248 2496 531 2529 senatus-consulto
547 2500 628 2530 facta
644 2505 726 2536 sunt,
750 2500 823 2541 quia
839 2500 927 2530 vide-

168 2542 244 2572 licet
259 2552 320 2572 non
335 2542 381 2571 fas
400 2541 456 2572 fuit
478 2543 592 2573 eodem
616 2543 667 2573 die
683 2543 772 2584 plura
788 2542 928 2573 senatus-

169 2586 310 2615 consulta
325 2584 401 2615 fleri.

214 2630 266 2659 ⁴25.
292 2627 371 2663 Quia
386 2627 470 2657 nulla
483 2629 526 2658 vis
539 2629 697 2669 unquam]
742 2628 864 2660 Reddit
880 2640 927 2660 ra-

170 2671 285 2701 tionem
302 2682 354 2701 cur
367 2677 493 2701 senatus
512 2671 662 2710 judicarit
685 2673 803 2702 caedcm
821 2672 927 2704 Clodii

168 2715 283 2745 factam
295 2725 362 2745 esse
377 2720 484 2745 contra
499 2714 658 2754 Rempub.
675 2715 748 2757 quia
764 2715 808 2746 vis
825 2716 924 2746 omnis

167 2768 289 2799 semper
303 2763 409 2788 contra
424 2769 492 2788 cam
511 2763 570 2796 est,
585 2758 668 2794 licet,
686 2759 739 2800 qui
756 2770 824 2790 eam
839 2760 923 2790 fece-

165 2801 215 2842 rit,
226 2812 288 2834 non
299 2802 366 2843 ipse
379 2800 489 2832 fecerit
500 2808 605 2833 contra
617 2801 774 2844 Rempub.
794 2803 922 2844 quando

979 1163 1092 1204 nempe
1105 1163 1151 1193 vis
1165 1163 1250 1194 illata
1266 1162 1296 1193 vi
1311 1163 1481 1205 repellitur.

1024 1209 1077 1237 28.
1111 1206 1243 1237 Tiberius
1266 1207 1443 1248 Gracclms]
1498 1204 1659 1237 Gracchus
1684 1204 1740 1237 ille

979 1260 1077 1281 caesus
1087 1255 1134 1280 est
1145 1251 1329 1281 auctoritate
1338 1250 1493 1292 Scipionis
1506 1248 1641 1286 Nasioae,
1655 1259 1739 1282 anno

979 1293 1072 1323 Urbis
1081 1295 1154 1324 620.
1171 1293 1221 1324 De
1234 1304 1272 1324 eo
1285 1294 1470 1325 dictumest.
1478 1292 1589 1333 Parag.
1599 1292 1676 1324 iii.l.
1685 1294 1737 1325 17.

1023 1338 1076 1367 229.
1103 1336 1192 1367 Caius
1201 1336 1384 1378 Gracchus]
1423 1335 1597 1376 Repulsam
1608 1335 1640 1366 in
1656 1336 1738 1377 peti·

980 1379 1063 1410 tione
1081 1380 1163 1410 tertii
1178 1379 1350 1410 tribunatus
1365 1380 1466 1421 plebis
1482 1379 1567 1409 tulit:
1591 1390 1639 1415 ac,
1663 1378 1734 1409 etim

982 1423 1102 1453 videret
1124 1423 1227 1463 plures
1250 1423 1336 1464 leges
1364 1433 1434 1453 suas
1460 1427 1569 1453 senatu
1598 1422 1733 1462 applau-

977 1466 1071 1496 dente
1084 1466 1278 1506 abrogandas
1294 1477 1374 1502 esse,
1389 1467 1494 1506 deque
1510 1465 1549 1495 ea
1563 1475 1596 1495 re
1607 1465 1643 1494 L.
1655 1464 1734 1506 Opi.

975 1509 1072 1539 mium
1084 1509 1243 1540 consulem
1258 1510 1373 1539 referre
1388 1509 1489 1546 velle3
1512 1507 1579 1547 ipse
1595 1509 1658 1538 vim
1675 1518 1733 1549 pa-

975 1562 1056 1588 rans,
1073 1563 1142 1583 cum
1160 1553 1209 1584 Μ.
1227 1552 1336 1582 Fulvio
1351 1552 1463 1582 Flacco
1479 1550 1599 1591 collega
1614 1552 1646 1581 in
1670 1557 1731 1582 tre-

975 1595 1073 1625 vir-atu
1081 1595 1244 1636 agrari0,et
1253 1595 1415 1626 seditionis
1426 1595 1523 1624 altero
1531 1596 1646 1634 capite,
1657 1605 1733 1626 con-

974 1639 1072 1669 cionis
1086 1637 1413 1674 disturbandaecausa‚
1428 1637 1513 1668 venit
1528 1648 1598 1668 cuin
1614 1638 1733 1668 armata.

975 1692 1068 1711 manu
1081 1682 1112 1711 in
1125 1681 1327 1722 Capitolium.
1360 1681 1423 1711 Ubi
1435 1679 1504 1711 cim)
1519 1681 1646 1719 quidam
1658 1691 1734 1711 con-

975 1724 1048 1754 sulis
1062 1725 1198 1756 minister
1213 1725 1245 1754 in
1262 1724 1352 1754 turba
1367 1724 1385 1754 a
1400 1723 1591 1754 Gracchanis
1607 1725 1734 1755 occide-

977 1773 1070 1803 retur,
1094 1774 1160 1798 orto
1184 1768 1317 1798 tumultu
1343 1767 1518 1804 Gracchani
1545 1766 1729 1808 diffugiunt3

975 1820 1076 1851 eoque
1101 1811 1152 1841 die
1168 1812 1208 1841 de
1223 1810 1345 1851 legibus
1365 1810 1441 1840 nihil
1465 1815 1566 1840 actum
1584 1809 1732 1851 amplius.

974 1853 1103 1883 Interim
1128 1854 1235 1883 consul
1259 1853 1401 1894 Opimius
1429 1858 1521 1883 nocte
1539 1852 1731 1892 Capitolium

973 1896 1118 1937 pr‘aesidio
1133 1898 1251 1926 firmat:
1275 1897 1459 1937 indictoque
1476 1895 1574 1936 prima
1591 1895 1658 1927 luce
1674 1906 1732 1937 per

975 1940 1122 1970 viatorem
1136 1945 1259 1975 senatu,
1271 1940 1311 1970 de
1327 1939 1414 1970 caedc
1428 1938 1511 1970 facta
1524 1943 1670 1980 statuque
1685 1949 1735 1970 re-

975 1993 1040 2012 rum
1069 1983 1185 2012 urbano
1215 1983 1319 2013 refert.
1363 1982 1460 2013 Jubet
1486 1987 1609 2012 senatus
1624 1983 1732 2013 videre

976 2026 1145 2061 consulem,
1169 2037 1208 2056 ne
1225 2026 1301 2066 quid
1317 2025 1461 2066 Respub.
1479 2025 1656 2055 detrimenti
1680 2036 1734 2056 ca-

973 2069 1050 2109 piat.
1090 2069 1126 2099 L.
1142 2069 1298 2112 Opimius,
1314 2079 1384 2099 cum
1401 2073 1521 2104 senatu,
1534 2073 1629 2108 atque
1643 2069 1731 2109 equi-

973 2112 1054 2142 tibus
1069 2113 1244 2148 armatis,in
1256 2113 1354 2142 forum
1366 2111 1545 2142 descendit:
1571 2110 1732 2142 Gracchus

973 2160 1005 2186 et
1028 2156 1170 2191 Flaccus,
1193 2166 1263 2186 cum
1280 2156 1343 2185 suis
1360 2156 1434 2185 item
1447 2154 1582 2190 armatis,
1598 2155 1732 2185 Aventi-

975 2209 1048 2228 num
1063 2203 1228 2240 occupant.
1275 2198 1371 2230 Citati
1392 2209 1462 2228 mox
1488 2208 1545 2239 per
1570 2198 1730 2229 consulem

972 2243 1011 2271 ad
1029 2253 1153 2272 causam
1169 2242 1347 2278 dicendam,
1370 2241 1439 2271 cum
1455 2252 1517 2271 non
1534 2247 1697 2281 parerent,'¹
1711 2241 1730 2271 ἒ.

973 2285 1100 2315 consule
1132 2291 1228 2325 atque
1256 2285 1458 2326 optimatibus
1490 2283 1607 2315 armata
1634 2295 1727 2315 manu

974 2328 1132 2359 Aventino
1147 2329 1239 2369 pulsi,
1261 2329 1293 2359 in
1309 2328 1384 2369 fugit
1398 2327 1544 2358 trucidati
1558 2329 1639 2357 sunt.

1017 2371 1066 2402 Ib.
1087 2371 1270 2412 Saturnini]
1309 2372 1441 2408 Marius,
1455 2381 1535 2400 anno
1549 2370 1641 2401 Urbis
1651 2371 1727 2401 653.

974 2415 1173 2445 Saturninum
1190 2415 1358 2450 interfecit,
1373 2414 1492 2446 civibus
1507 2414 1546 2443 ad
1560 2423 1642 2443 arma
1652 2423 1728 2444 con-

972 2458 1100 2489 vocatis.
1146 2459 1230 2488 Vide
1248 2459 1337 2489 Orat.
1350 2469 1404 2497 pro
1417 2457 1500 2487 Rab.
1512 2456 1600 2497 perd.
1617 2467 1680 2487 τοο.

1013 2502 1066 2531 31.
1091 2500 1156 2540 Ego
1178 2503 1235 2540 ipse
1257 2501 1393 2542 decrevi.]
1450 2500 1560 2531 Cicero
1571 2498 1728 2539 judicavit

969 2545 1087 2574 caedem
1102 2543 1185 2573 illam
1203 2544 1307 2575 Clodii
1321 2554 1384 2574 non
1400 2553 1466 2574 esse
1482 2546 1589 2573 contra
1604 2542 1725 2583 Remp.

969 2597 1040 2617 nam
1057 2592 1182 2617 senator
1196 2592 1264 2617 erat
1279 2587 1402 2622 Cicero,
1426 2592 1458 2616 et
1473 2589 1538 2616 erat
1552 2585 1585 2615 in
1603 2590 1726 2625 senatu,

970 2629 1041 2661 crim
1058 2630 1098 2659 de
1117 2628 1173 2659 illa
1189 2631 1275 2660 caede
1288 2631 1327 2659 ad
1344 2634 1486 2660 senatum
1502 2628 1631 2658 relatum
1647 2634 1704 2659 est.

1013 2673 1062 2703 lb.
1087 2672 1123 2702 In
1139 2673 1233 2713 Appia
1246 2673 1319 2712 mut]
1375 2671 1482 2712 Appia
1497 2671 1547 2701 via
1563 2671 1601 2701 ab
1617 2670 1725 2712 Appio

969 2715 1103 2747 Claudio
1117 2716 1209 2747 Caeco
1225 2716 1310 2746 dicta
1326 2720 1383 2752 est,
1407 2726 1499 2755 quam
1514 2714 1568 2745 ille
1583 2715 1692 2745 stravit
1706 2715 1725 2746 εἰ

967 2760 1057 2802 porta
1074 2759 1207 2803 Capena
1221 2770 1318 2804 usque
1334 2759 1373 2791 ad
1390 2759 1497 2790 urbem
1514 2758 1667 2801 Capuam.
