1858 3095
721 172 811 204 pno
837 172 1030 206 MILONE.
1650 176 1735 219 311

89 241 269 286 Intersit
289 244 398 286 inter
418 243 517 286 vitae
539 243 797 299 dignitatem
819 259 1080 287 summorum
1098 251 1226 301 atque
1246 245 1511 290 infimorum:
1543 250 1656 290 morS

85 300 262 355 quidem
284 301 404 343 illata
426 316 499 358 per
520 302 658 343 scelus
690 302 842 345 iisdem
874 303 1013 359 poenis
1043 309 1249 351 teneatur,
1281 309 1324 344 et
1345 303 1540 359 legibus;
1573 304 1655 347 nisi

88 357 201 399 sorte
235 359 370 415 magis
403 358 483 400 erit
514 358 737 414 parricida,
769 361 804 401 si
834 360 929 416 quis
951 361 1217 401 consularem
1241 367 1417 415 patrem,
1453 361 1585 417 quzirn
1620 361 1655 403 si

87 415 184 469 quis
216 415 416 456 humilem
457 416 685 466 necaverit,
723 423 797 457 :tut
833 432 883 458 eo
924 432 1037 458 mors
1078 416 1263 457 atrocior
1302 416 1381 457 crit
1413 417 1461 459 P.
1492 418 1652 470 Clodii,

86 469 203 525 quod
225 470 261 513 is
282 470 322 512 in
345 471 619 514 monimentis
642 474 847 529 majorum
869 489 1042 514 suorum
1059 473 1117 514 sit
1135 473 1404 524 interfectus;
1436 475 1520 516 hoc
1538 475 1651 518 enim
1669 477 1725 518 30

85 525 199 583 saepe
217 529 270 569 ab
288 528 381 569 istis
396 529 574 580 dicitur3
607 530 783 586 perinde
804 532 927 587 qnasi
944 530 1110 585 Appius
1129 529 1200 570 ille
1215 530 1367 570 Caecus
1384 530 1497 572 viam
1515 533 1652 574 muni-

86 582 178 634 erit,
199 598 286 625 non
308 585 394 641 quii
416 587 600 642 populus
624 595 823 638 uteretur,
859 588 934 629 sed
964 587 1036 628 ubi
1059 584 1232 641 impuno
1254 586 1317 626 sui
1341 588 1499 641 posteri
1524 589 1651 631 latro-

85 639 340 683 cinarentur.
402 642 568 699 Itaque,
591 643 633 684 in
655 644 806 685 eiidem
828 643 914 684 istst
938 643 1080 698 Appi-21
1102 642 1186 692 viii,
1209 643 1308 682 eum
1330 644 1649 687 ornatissimum

86 697 276 753 equitem
308 698 433 740 Rom.
455 700 504 741 P.
528 700 708 741 Clodius
730 700 792 740 M.
815 699 1036 755 Papirium
1058 698 1304 748 occidisset,
1335 713 1420 740 non
1442 700 1523 742 fuit
1543 702 1650 743 illud

84 752 251 796 facinus
272 755 560 810 punienduin3
594 756 721 796 homo
743 755 857 796 enirn
878 755 1032 796 nobilis
1054 755 1095 795 in
1120 755 1208 795 suis
1230 755 1502 798 monimentis
1525 759 1644 814 equi·
1665 761 1721 802 35

84 817 172 851 tem
191 811 432 852 Romanum
453 812 685 854 occiderat.
746 811 873 853 Nunc
894 811 1088 867 ejusdem
1107 811 1257 867 Appiae
1279 827 1434 854 nomen
1467 823 1648 870 quantas

79 867 311 923 tragoedias
333 868 510 909 excitat!
544 883 655 924 quae,
672 876 896 910 cruentata
915 868 1043 909 ante&
1059 868 1175 909 caede
1194 869 1362 910 honesti
1377 877 1505 926 atque
1524 871 1648 913 inno-

77 923 214 964 centis
236 923 328 975 viri,
359 925 575 975 silebatur,
608 925 758 967 eadem
778 941 893 967 nunc
914 925 1060 967 crebro
1088 933 1326 981 usurpatur,
1362 929 1645 985 posteaquem

82 978 258 1021 latronis
277 988 319 1022 et
335 982 554 1036 parricidae
571 982 778 1038 sanguine
792 982 956 1023 imbuta
972 989 1052 1023 est.
1103 982 1186 1023 Sed
1205 982 1308 1038 quid
1331 998 1411 1039 ego
1433 984 1506 1025 illa
1529 1001 1646 1027 com-

81 1037 300 1079 memoro?
332 1037 679 1095 Comprehensus
701 1046 768 1081 est
787 1040 828 1079 in
852 1040 1012 1095 templo
1034 1038 1227 1080 Castoris
1250 1054 1394 1081 servus
1417 1041 1467 1082 P.
1484 1042 1641 1095 Clodii,
1662 1044 1719 1086 40

82 1107 209 1148 quem
222 1093 310 1145 ille,
324 1095 378 1136 ad
393 1096 473 1137 Cn.
485 1095 740 1152 Pompeium
754 1096 1113 1146 interficiendum,
1128 1096 1375 1147 collocfirat3
1398 1104 1566 1140 extorta
1579 1109 1644 1143 est

80 1151 304 1192 confitenti
328 1151 420 1194 sica
440 1152 493 1194 de
510 1153 724 1194 manibus:
760 1153 898 1194 caruit
931 1153 1022 1194 foro
1055 1151 1206 1207 poste&
1229 1152 1477 1210 Pompeius,
1508 1158 1644 1199 caruit

82 1213 249 1258 senatu,
281 1209 417 1250 caruit
437 1209 633 1265 public03
663 1209 800 1265 janu-[i
831 1225 876 1251 se
904 1224 955 1250 ac
980 1209 1227 1265 parietibus,
1261 1224 1348 1251 non
1371 1211 1466 1267 jure
1498 1213 1642 1270 legum

71 1263 435 1321 judiciorumque,
468 1266 589 1307 texit.
651 1266 766 1306 Num
798 1281 894 1322 quae
928 1266 1093 1322 rogatio
1125 1266 1238 1307 lata?
1269 1281 1372 1307 num
1404 1284 1499 1324 quae
1530 1285 1642 1313 nova

78 1319 262 1375 quaestio
275 1321 450 1363 decreta
465 1323 559 1364 est?
610 1323 759 1393 Atqui,
777 1323 812 1363 si
829 1338 909 1374 res,
930 1322 966 1363 si
988 1323 1062 1373 vir,
1080 1322 1117 1363 si
1130 1329 1298 1379 ternpus
1315 1324 1446 1366 ullum
1462 1326 1640 1383 dignum
1657 1330 1714 1372 45>

79 1376 174 1426 fuit,
192 1376 308 1419 certe
323 1378 415 1420 haec
431 1378 476 1420 in
492 1378 563 1420 illst
581 1394 711 1421 causa
728 1394 896 1421 summa
910 1379 1054 1420 omnia
1066 1379 1249 1421 fuerunt.
1300 1380 1531 1424 Insidiator
1551 1393 1642 1427 erat

78 1431 125 1474 in
142 1433 234 1476 foro
256 1435 509 1488 collocatus,
531 1443 661 1493 atque
683 1436 726 1477 in
747 1436 958 1478 vestibulo
979 1436 1074 1492 ipso
1097 1437 1290 1478 senatus:
1325 1437 1364 1478 ei
1385 1439 1472 1480 viro
1494 1447 1641 1484 autem

76 1503 192 1532 mors
211 1492 453 1547 parabatur,
485 1494 606 1549 cujus
627 1494 672 1534 in
692 1493 780 1535 vit&
801 1493 1015 1535 nitebatur
1045 1493 1159 1534 salus
1191 1493 1403 1536 civitatis:
1441 1511 1491 1538 eo
1513 1498 1638 1554 porro

76 1545 262 1604 Reipub.
298 1555 504 1606 tempore,
535 1565 635 1607 quo,
676 1551 712 1591 si
743 1565 851 1592 unus
879 1550 951 1591 ille
983 1550 1229 1601 occidisset,
1260 1565 1346 1592 non
1375 1551 1468 1594 haec
1498 1555 1639 1597 solum

77 1602 244 1657 civitas,
278 1606 356 1647 sed
378 1615 530 1663 gentes
555 1622 703 1649 ornnes
724 1607 1038 1658 concidissent3
1070 1606 1153 1648 nisi
1174 1607 1299 1659 forte,
1331 1610 1432 1664 quia
1448 1611 1639 1667 perfecta
1655 1616 1712 1656 50

76 1674 144 1702 res
174 1676 262 1703 non
293 1669 374 1714 est,
413 1677 499 1705 non
532 1664 615 1705 fuit
647 1664 890 1721 punienda:
931 1663 1107 1720 perinde
1143 1665 1264 1720 quasi
1298 1666 1439 1708 exitus
1483 1682 1638 1722 rerum,

75 1731 164 1759 non
198 1718 420 1761 hominum
453 1721 646 1771 consilia,
679 1721 846 1777 legibus
878 1721 1163 1763 vindicentur.
1223 1721 1371 1763 Minus
1404 1724 1638 1768 dolendum

75 1774 173 1828 fuit,
204 1790 248 1818 re
267 1791 355 1819 non
373 1778 580 1834 perfecta,
612 1778 688 1820 sed
709 1778 972 1836 puniendum
994 1776 1109 1821 certo
1132 1777 1265 1820 nihilo
1287 1779 1440 1822 minus.
1520 1782 1636 1831 Quo-

121 2042 176 2072 27.
200 2039 357 2084 Nisisort&
371 2042 462 2084 magis
476 2044 531 2074 erit
544 2044 724 2086 parricida]
771 2045 832 2076 Lo·
875 2044 967 2085 igitur
991 2045 1086 2075 Sexto
1114 2045 1227 2076 Clodio
1251 2045 1447 2077 reducendus
1474 2046 1512 2077 ad
1541 2047 1634 2079 Poni-

78 2084 183 2125 qnitur
197 2084 308 2116 Cicero
325 2097 363 2116 ex
379 2093 485 2117 mente
502 2087 832 2128 Sto'i'corutn,quioin-
877 2088 995 2127 peliun,
1025 2088 1043 2117 εὶ
1071 2099 1132 2129 quo
1168 2090 1378 2129 repetebatur,
1413 2090 1503 2120 datus
1541 2097 1635 2127 esset,

78 2127 130 2157 nia
144 2133 274 2168 peccata
283 2128 417 2169 aequalia
427 2139 495 2159 esse
505 2131 748 2160 contendebant.
766 2131 833 2161 Ne-

75 2180 138 2211 que
153 2171 236 2201 enim
252 2182 290 2203 ea
307 2183 343 2202 ex
360 2182 459 2202 rerum
475 2179 602 2210 eventu,
626 2174 681 2204 sed
699 2185 736 2204 ex
751 2175 831 2205 vitiis

76 2213 249 2250 hominum,
275 2215 494 2248 metiebantur.

120 2259 172 2288 29.
198 2258 259 2289 Aut
273 2269 303 2288 eo
317 2269 390 2288 mors
403 2257 555 2298 atrocior-J
597 2257 745 2299 Objectio
758 2260 831 2291 Clo-

77 2298 254 2337 dianorum,
268 2311 361 2342 quam
380 2302 494 2332 refutat
509 2300 636 2332 ironice.

119 2344 176 2374 30.
207 2342 246 2374 In
261 2345 469 2385 monimentis]
531 2343 760 2375 Munimentum
783 2346 831 2375 di-

77 2385 168 2424 citur,
184 2396 247 2418 non
263 2387 383 2418 tantuin
399 2387 586 2429 sepulcrum,
601 2388 668 2423 sed,
681 2388 834 2429 quidquid

77 2429 170 2460 etiam
194 2431 238 2461 rei
260 2430 389 2471 alicujus
412 2431 633 2461 conservanda*
657 2431 755 2471 gratia
782 2443 834 2462 ex-

78 2477 225 2503 structum
249 2482 307 2504 est.
368 2474 429 2504 Per
459 2474 512 2504 illa
535 2472 607 2503 vero
634 2475 834 2511 monimenta,

79 2513 217 2555 Appiam
226 2516 306 2547 viam
323 2516 479 2557 intelligit,
494 2527 588 2557 quain
602 2516 726 2558 Appius
741 2517 835 2548 Clau-

79 2557 149 2588 dius
173 2569 294 2596 censor,
316 2559 370 2600 qui
395 2559 506 2600 postea}
521 2560 630 2590 Caecus
653 2560 755 2591 dictus
775 2567 833 2598 est,

79 2599 237 2640 lapidibus
252 2604 450 2633 sternendam
465 2603 596 2634 curavit.

123 2644 178 2674 34.
220 2643 268 2676 Μ.
297 2644 452 2684 Papirium
477 2645 649 2687 occidisset]
692 2646 834 2687 Tigranis

80 2683 161 2716 filius
177 2685 288 2718 Romae
309 2690 393 2728 apud
418 2688 557 2719 Flavium
582 2693 756 2720 senatorem
773 2700 834 2720 ser·

82 2729 222 2760 vabatur.
267 2729 364 2761 Periit
385 2741 454 2763 euru
475 2733 493 2762 εἰ
508 2731 615 2762 Flavio
631 2732 710 2762 inter
725 2733 834 2773 epulas

82 2770 225 2810 Clodius,
251 2772 397 2814 huncque
426 2775 545 2813 catenis
568 2774 669 2811 solvit,
697 2785 734 2806 ac
761 2776 836 2806 inari

81 2815 249 2847 commisit:
275 2816 330 2848 sed
345 2816 458 2850 relatus
474 2822 521 2849 est
537 2822 734 2859 tempestate.
757 2817 837 2849 Crini

877 2129 1000 2160 Flavius
1016 2131 1055 2160 ad
1073 2132 1285 2171 diripiendum
1296 2131 1462 2171 Tigranem
1477 2134 1634 2173 profectus

876 2179 932 2203 cst.
979 2174 1030 2203 Ad
1048 2182 1191 2214 quartum
1208 2175 1246 2204 ab
1265 2174 1349 2204 Urbe
1367 2175 1503 2215 lapidem
1527 2187 1634 2217 pugna

875 2216 1038 2246 commissa
1062 2223 1120 2252 est,
1144 2217 1175 2247 in
1202 2216 1265 2258 quit
1289 2216 1431 2257 Papirius
1453 2229 1549 2260 eques
1566 2220 1634 2250 Ro.

877 2269 984 2289 uranus
1000 2259 1179 2290 interfectus
1196 2265 1252 2290 est.
1299 2260 1402 2290 Ascua.

918 2305 972 2333 39.
1017 2302 1180 2342 Latronis]
1230 2302 1374 2334 Clodium
1405 2303 1555 2335 latronem
1578 2316 1633 2335 vo·-

875 2351 938 2384 cat,
964 2345 1037 2386 quia
1053 2356 1090 2376 ex
1110 2347 1280 2388 improviso
1298 2346 1452 2376 Milonem
1469 2358 1632 2389 aggressus

878 2396 937 2419 est.

920 2435 972 2462 40.
998 2431 1036 2462 In
1058 2431 1159 2471 templo
1176 2430 1326 2471 Castoris]
1374 2432 1539 2474 Templum
1556 2433 1633 2465 Cas-

878 2475 950 2505 turis
966 2476 1032 2505 soro
1047 2482 1077 2505 et
1091 2476 1184 2505 curiae
1202 2477 1371 2515 proximum
1388 2476 1456 2505 suit.

921 2520 974 2548 41.
998 2517 1121 2548 liz-torta
1141 2524 1182 2548 est
1205 2519 1354 2558 confitenti
1375 2519 1461 2560 siem]
1504 2520 1633 2550 Servum

879 2560 1008 2592 Clodius
1024 2562 1054 2591 in
1069 2561 1189 2591 insidiis
1204 2561 1420 2598 collocaverat,
1436 2568 1470 2592 ut
1485 2562 1634 2603 Pompei·

879 2615 929 2634 uin
946 2605 1141 2634 interficeret.
1522 2606 1528 2611 '

921 2649 974 2678 44.
994 2646 1075 2677 Num
1084 2657 1145 2687 quae
1155 2647 1297 2688 rog-atim]
1325 2647 1468 2678 Clodium
1483 2647 1513 2678 in
1525 2647 1633 2678 odium

878 2689 1020 2726 adducit,
1042 2698 1074 2720 et
1089 2700 1200 2720 novam
1221 2690 1304 2720 illam
1321 2691 1514 2730 rogationem
1529 2692 1634 2731 arguit

879 2732 1035 2773 exemplo,
1061 2738 1093 2764 et
1116 2733 1285 2774 amplificat
1311 2733 1349 2764 ab
1373 2732 1537 2774 adjunctis,
1560 2740 1592 2765 et
1614 2735 1635 2766 εὶ

880 2775 1016 2817 person&
1033 2775 1188 2817 Pompeii.
