1858 3095
904 145 1025 176 vrrA.
1669 164 1754 192 xxv

154 216 377 259 hominum
399 217 682 314 suspliciones.
703 216 837 259 Totus
859 218 940 260 suit
963 221 1005 260 in
1023 221 1197 262 studiis:
1225 235 1275 263 eo
1297 219 1413 261 enim
1429 228 1617 276 tempore
1635 229 1756 277 puta-

156 280 225 314 tur
237 275 460 330 scripsisse
513 274 732 315 artitiones
748 273 984 326 Oratorias,
999 277 1206 318 etlibrum
1224 279 1297 333 qui
1317 276 1757 328 Brutusinscribitur,

158 330 231 387 qui
255 332 307 372 de
331 330 468 372 Claris
491 329 745 372 Oratoribus
769 339 848 372 est.
909 332 1019 373 Cato
1053 334 1134 374 sibi
1166 334 1306 375 Uticae
1335 340 1513 374 mortem
1535 333 1760 374 conscivit.

161 388 319 437 Caesar,
342 386 545 427 Africano
574 387 687 428 bello
724 388 941 438 confecto,
968 388 1150 430 Romam
1179 391 1318 440 rediit,
1342 389 1413 430 ubi
1441 390 1494 429 ab
1521 403 1571 430 eo
1600 389 1759 430 honore

164 442 316 484 Cicero
351 442 628 484 afficiebatur.
690 442 873 499 Scripsit
899 445 1031 486 vitam
1068 446 1260 487 Catonis.
1322 446 1523 501 Pepercit
1557 445 1761 485 Marcello

163 498 320 548 Caesar,
335 506 512 554 rogante
535 499 711 540 Senatu.
739 500 907 551 Cicero,
927 503 998 558 qui
1016 502 1140 543 silere
1163 503 1205 542 in
1223 509 1441 558 posterum
1459 508 1678 549 statuerat,
1700 515 1764 541 ro-

160 561 285 610 gatus
300 555 572 605 sententiam,
587 556 862 611 amplissimis
876 559 1014 598 verbis
1026 560 1185 599 Caesari
1202 559 1357 614 gratias
1372 558 1482 614 egit3
1514 573 1609 612 quin
1627 557 1762 597 oratio

161 624 237 665 pro
264 609 474 651 Marcello
505 619 659 653 exstat.
723 612 846 653 Dixit
877 629 1051 669 quoque
1082 615 1196 667 apud
1227 614 1441 654 Caesarem
1469 628 1544 669 pro
1579 612 1763 668 Ligario,

161 680 290 722 quem
316 666 492 708 crimine
514 668 722 711 liberavit.
782 669 949 711 Tullius
972 685 1071 711 cum
1092 670 1292 712 Terentia
1315 669 1544 711 divortium
1564 669 1681 710 fecit.

589 806 760 834 ANNUS
798 806 944 834 uanis
981 806 1215 833 coNniTAE
1249 793 1347 834 708.

165 898 281 939 Coss.
308 897 354 939 C.
375 899 498 939 Julio
529 899 703 940 Ccesare
729 901 932 952 quai-teitu
959 899 1182 939 Dictatore
1207 898 1299 937 sin&
1321 898 1478 949 collega
1500 902 1601 938 ante
1624 898 1770 938 Chri-s·-

467 961 560 996 tum
581 956 647 994 44.
684 954 903 997 Ciceronis
923 957 1212 1007 seoeagesimns
1233 954 1461 994 sec-medus.

222 1065 413 1108 Dimissa
435 1065 651 1117 Terentia,
675 1067 829 1109 Cicero
850 1067 1056 1123 virginem
1075 1066 1317 1121 quamdam,
1332 1065 1504 1106 nomine
1524 1065 1769 1117 Publiliam,

163 1137 341 1163 uxorem
362 1123 499 1172 duxit,
523 1138 702 1179 eamque
724 1124 914 1173 divitem,
937 1134 986 1163 ut
1007 1138 1064 1163 aes
1086 1122 1273 1162 alienum
1295 1122 1559 1163 dissolveret.
1591 1121 1687 1162 Non
1710 1122 1771 1163 ita

165 1179 302 1219 multo
324 1177 421 1234 pbst
440 1178 581 1220 Tullia
603 1182 694 1234 ejus
713 1180 800 1220 filia
816 1180 986 1235 pariens
1004 1179 1115 1234 apud
1134 1179 1358 1218 Lentulum
1374 1178 1495 1218 obiit.
1527 1177 1687 1218 Mirum
1704 1186 1772 1219 est

166 1242 328 1289 quanto
343 1235 435 1288 ejus
451 1235 665 1276 desiderio
681 1236 901 1276 exarserit.
932 1235 1083 1276 Plures
1098 1234 1174 1275 viri
1188 1249 1338 1290 graves
1356 1249 1453 1275 eum
1471 1234 1603 1275 literis
1617 1248 1772 1275 conso-

165 1290 240 1330 lati
258 1295 381 1340 sunt3
414 1289 479 1329 M.
498 1290 671 1341 Brutus,
689 1291 912 1341 Lucceius,
928 1298 972 1331 et
985 1291 1143 1338 Caesar,
1159 1291 1232 1345 qui
1250 1299 1336 1331 tum
1352 1299 1442 1331 erat
1456 1291 1648 1344 Hispali3
1679 1291 1771 1340 sed,

166 1345 264 1386 cum
287 1359 457 1386 omnem
486 1347 827 1387 consolationem
860 1347 980 1387 dolor
1006 1346 1210 1395 vinceret,
1239 1346 1413 1401 scripsit
1439 1346 1609 1395 librum,
1643 1361 1773 1401 quem

169 1403 513 1443 consolationem
535 1401 769 1458 inscripsit,
831 1402 1004 1443 Dicitur
1024 1403 1150 1457 paulo
1174 1401 1272 1456 post
1293 1401 1523 1442 Publiliam
1541 1403 1773 1458 conjugem

168 1457 400 1509 dimisisse,
423 1457 536 1513 quod
555 1467 690 1499 morte
707 1458 859 1500 Tulliae
876 1458 969 1499 visa
989 1465 1104 1499 esset
1121 1458 1272 1499 laetari.
1333 1458 1441 1498 Post
1456 1457 1570 1498 illius
1593 1466 1775 1499 mortem

169 1513 323 1555 Cicero
337 1514 466 1555 domo
483 1515 636 1565 abfuit,
654 1522 783 1571 atque
803 1515 849 1556 in
865 1515 1031 1556 caeteris
1053 1514 1165 1555 villis
1187 1514 1417 1555 maximam
1434 1515 1534 1554 anni
1557 1521 1718 1569 partem
1732 1514 1777 1554 in

167 1570 454 1626 philosophiae
476 1571 631 1612 studiis
653 1571 814 1627 posuit.
846 1571 1127 1612 Hortensium
1147 1570 1346 1626 scripsit3
1377 1585 1464 1626 quo
1485 1570 1529 1610 in
1550 1571 1659 1612 libro
1682 1571 1777 1626 phi-

168 1626 415 1682 losophiam
436 1627 490 1668 ab
513 1627 748 1669 Hortensio
768 1628 1051 1684 vituperatam
1069 1627 1276 1668 defendit.
1310 1627 1513 1668 Meminit
1532 1627 1660 1682 hujus
1680 1627 1776 1668 libri

171 1682 229 1724 D.
260 1683 547 1738 Augustinus,
579 1684 740 1739 aitque,
771 1684 885 1724 illius
912 1684 1100 1725 lectione
1132 1684 1186 1724 ad
1212 1683 1470 1724 Christianae
1492 1683 1777 1739 philosophiae

170 1739 579 1794 contemplationem
606 1756 652 1782 se
676 1740 901 1781 incensum
929 1741 1078 1781 fuisse.
1140 1740 1323 1780 Duobus
1353 1739 1471 1780 libris
1501 1739 1774 1780 Academicis

169 1795 430 1851 posteriores
447 1796 556 1837 duos
578 1797 762 1853 adjecit:
795 1796 969 1852 scripsit
988 1810 1160 1852 quoque
1182 1797 1314 1837 libros
1332 1797 1385 1837 de
1403 1795 1597 1846 Finibus,
1612 1805 1653 1836 et
1668 1795 1778 1837 Lau-

172 1852 389 1893 dationem
406 1852 589 1904 Porciae‚
607 1853 764 1894 sororis
780 1853 846 1894 M.
865 1853 1061 1904 Catonis,
1079 1861 1124 1893 et
1144 1853 1286 1894 uxoris
1305 1853 1352 1892 L.
1370 1852 1553 1893 Domitii
1567 1852 1779 1893 AEnobar-

170 1908 232 1949 bi.
263 1907 409 1950 Caesar
425 1924 477 1950 ex
501 1909 716 1965 Hispania
738 1910 876 1951 victor
897 1925 1043 1951 mense
1060 1908 1241 1950 Octobri
1264 1909 1306 1948 in
1324 1908 1486 1950 Urbem
1506 1909 1646 1960 rediit,
1665 1910 1777 1965 apud

173 1979 302 2020 quem
322 1964 474 2008 Cicero
496 1980 572 2022 pro
593 1981 692 2023 rege
709 1966 920 2008 Deiotaro
944 1966 1183 2007 orationem
1199 1964 1367 2007 habuit.

602 2100 772 2128 ANNUS
809 2101 956 2128 onms
992 2100 1226 2128 conTAE
1260 2087 1356 2127 709.

323 2183 439 2226 Coss.
463 2185 514 2226 C.
536 2185 659 2226 Julio
683 2186 871 2234 Caesare,
890 2186 958 2226 M.
976 2186 1177 2234 Antonin,
1201 2190 1302 2225 ante
1327 2183 1549 2226 Christum
1564 2184 1634 2225 43.

624 2242 840 2283 Ciceronis
859 2245 1147 2295 seoecegesimus
1167 2243 1335 2282 tertius.

235 2352 405 2405 Cicero,
427 2359 527 2410 post
542 2353 731 2409 quinque
749 2354 881 2395 libros
899 2354 950 2395 de
968 2353 1162 2405 Finibus,
1183 2353 1371 2409 quinque
1393 2352 1500 2394 alios
1517 2352 1776 2394 Tusculana-

177 2425 270 2451 rum
290 2410 589 2460 Quaestionum
611 2410 759 2452 edidit.
807 2410 936 2452 Initio
959 2411 1085 2466 hujus
1102 2410 1201 2451 anni
1222 2409 1374 2450 Romae
1390 2409 1485 2460 fuit,
1503 2416 1546 2450 et
1561 2409 1660 2451 Kal.
1676 2409 1772 2452 Jan.

177 2467 222 2507 in
243 2466 406 2508 Senatu
419 2467 570 2518 adfuit,
586 2466 682 2509 cum
701 2466 859 2518 Caesar,
877 2467 1102 2508 resistente
1120 2466 1324 2517 Antonio,
1344 2465 1614 2507 Dolabellam
1629 2467 1776 2506 subro-

199 2537 279 2564 ‘are
293 2523 375 2564 sibi
386 2523 535 2565 voluit.
597 2523 746 2564 Idibus
758 2523 944 2575 Martiis,
957 2523 982 2564 a
996 2523 1243 2579 conjuratis,
1261 2523 1303 2563 in
1318 2522 1515 2578 Pompeii
1526 2521 1658 2573 curiit,
1673 2536 1776 2562 con-

177 2538 321 2621 }ossus
337 2587 423 2621 est:
445 2580 521 2621 sed
530 2579 645 2636 quia,
660 2595 710 2621 eo
722 2580 964 2630 interfecto,
983 2579 1157 2630 Brutus,
1169 2579 1401 2635 pugionem
1415 2578 1639 2628 extollens,
1654 2577 1777 2620 Cice-

177 2649 326 2678 ronem
341 2637 610 2687 exclamavit,
622 2637 737 2678 illius
752 2636 1059 2691 conjurationis
1076 2636 1292 2691 particeps
1303 2636 1488 2676 creditus
1506 2641 1591 2675 est:
1623 2635 1700 2675 sed
1717 2649 1778 2676 re-

180 2691 280 2733 vera
292 2707 378 2734 non
392 2693 486 2744 fuit,
505 2700 554 2735 ut
569 2693 829 2735 Plutarchus
847 2692 1013 2734 scribit.
1074 2692 1160 2733 Dio
1177 2692 1318 2743 refert,
1330 2691 1402 2732 lib.
1419 2692 1487 2731 44.
1505 2705 1776 2746 percussores

179 2747 379 2803 Caesaris,
399 2749 498 2793 cum
517 2749 541 2792 ὲ
562 2749 683 2794 curia
703 2750 747 2792 in
766 2750 906 2793 forum
927 2764 972 2792 se
988 2749 1244 2801 conferrent,
1265 2746 1411 2791 crebro
1428 2746 1681 2789 Ciceronem
1704 2763 1774 2790 ex-
