1858 3095
722 166 813 201 Pno
838 169 997 202 effluo.
1629 166 1712 211 219

93 247 163 298 lis,
185 247 420 297 videretur3
451 243 574 300 cujus
607 259 687 301 ego
721 245 912 287 facinora
944 242 1080 286 oculis
1114 244 1231 299 prins
1265 244 1392 299 quam
1426 243 1644 299 opinione,

94 305 293 346 manibus
314 303 412 345 ante
434 303 561 358 quam
582 302 846 357 suspicione,
871 301 1155 357 depreliendi3
1188 302 1309 355 cujus
1327 300 1371 341 in
1387 300 1554 356 magnis
1577 316 1645 341 ca-

96 362 225 402 tervis
248 361 481 402 amicorum
508 358 544 398 si
567 358 648 399 fuit
667 359 794 399 etiam
817 359 997 408 Coelius,
1020 359 1156 413 magis
1179 364 1258 408 est,
1281 364 1326 398 ut
1355 357 1444 413 ipse
1466 357 1644 397 moleste

98 417 206 458 ferat
221 416 384 458 errasse
405 429 449 456 se
470 414 616 466 (sicuti
638 429 942 477 nonnunquam
964 414 1004 454 in
1026 415 1176 455 eodem
1198 413 1369 454 homine
1388 428 1454 454 me
1472 427 1645 469 quoque

99 473 250 515 erroris
272 472 354 513 mei
375 471 588 527 poenitet),
611 471 740 527 quam
762 478 808 512 ut
830 471 954 512 istius
977 471 1175 512 amiciti-ce
1198 470 1357 511 crimen
1387 469 1646 511 reformidet.
1664 469 1717 509 65

99 529 248 586 Itaque
277 528 302 569 a
333 528 575 569 maledictis
608 528 829 583 pudicitia}
859 528 912 568 ad
938 527 1246 583 conjurationis
1278 526 1482 566 invidiam
1510 525 1646 566 oratio

99 594 165 626 est
186 591 327 627 vestra
346 585 535 639 delapsa.
596 584 811 625 Posuistis
834 584 960 634 enim,
980 591 1107 638 atque
1128 583 1170 623 id
1192 589 1333 623 tamen
1352 582 1587 622 titubanter
1605 589 1648 623 et

97 641 294 691 strictim,
327 641 631 696 conjurationis
666 641 794 690 hunc,
837 646 1007 695 propter
1042 638 1273 679 amicitiam
1307 637 1519 687 Catilinae,
1556 653 1649 693 par-

94 697 272 753 ticipem
292 697 451 738 fuisse:
483 697 526 738 in
559 711 643 752 quo
676 711 761 736 non
792 697 920 736 modo
946 695 1104 736 crimen
1136 708 1220 734 non
1249 694 1451 744 haerebat,
1473 694 1548 734 sed
1578 694 1647 734 vix

97 752 245 794 diserti
278 753 567 794 adolescentis
603 752 845 793 cohaerebat
876 751 1025 792 oratio.
1086 750 1169 799 Qui
1211 750 1324 791 enim
1356 757 1500 791 tantus
1535 750 1649 791 furor
1667 750 1721 790 70

98 809 139 849 in
163 809 334 850 Coelio?
366 809 484 864 quod
515 815 681 849 tantum
712 815 787 849 aut
815 808 858 848 in
890 808 1080 848 moribus
1113 807 1352 862 naturaque
1375 806 1542 857 vulnus,
1575 813 1650 847 aut

96 865 141 905 in
162 879 204 906 re
224 873 353 920 atque
376 864 578 905 fortuna?
609 865 681 905 ubi
704 864 890 920 denique
908 871 974 905 est
997 864 1038 904 in
1059 863 1144 904 ista
1160 863 1406 919 suspicione
1424 862 1553 904 Coelii
1574 877 1649 904 no-

96 935 196 962 men
217 921 437 963 auditum?
498 920 690 962 Nimium
711 922 846 962 multa
867 921 919 961 de
942 935 985 961 re
1008 919 1182 961 minime
1206 919 1340 960 dubia
1361 920 1533 975 loquor:
1566 919 1649 960 hoc

96 983 240 1019 tamen
262 977 376 1026 dico,
393 991 480 1019 non
502 978 631 1018 modi>
647 978 684 1018 si
705 978 848 1019 socius
866 976 1188 1032 conjurationis,
1206 976 1283 1017 sed
1305 975 1384 1016 nisi
1407 975 1650 1017 inimicissi-

95 1049 190 1075 mus
203 1034 327 1075 istius
342 1034 515 1075 sceleris
530 1033 925 1089 fuisset,nunquam
939 1033 1248 1088 conjurationis
1262 1032 1536 1073 accusatione
1550 1033 1649 1072 ado·
1668 1035 1722 1074 75

95 1090 350 1132 lescentiam
371 1105 490 1131 suam
512 1090 782 1145 potissimum
801 1091 1099 1131 commendare
1115 1089 1322 1130 voluisset
1340 1106 1348 1130 ε
1381 1089 1513 1144 quod,
1534 1088 1650 1130 haud

98 1146 206 1198 scio,
227 1161 282 1187 an
301 1147 354 1187 de
376 1146 556 1197 ambitu,
580 1153 623 1187 et
644 1147 697 1187 de
718 1146 968 1187 criminibus
998 1145 1122 1186 istius
1154 1145 1366 1186 sodalium
1397 1160 1448 1185 ac
1478 1159 1652 1201 seques-

98 1203 241 1254 trium,
262 1202 481 1258 (quoniam
502 1203 588 1243 huc
604 1203 754 1253 incidi)
770 1202 964 1243 similiter
979 1202 1323 1257 respondendum
1342 1208 1511 1256 putem;
1544 1215 1652 1241 nun-

99 1273 229 1314 quam
245 1259 356 1300 enim
380 1266 468 1299 tam
485 1258 651 1299 Coelius
673 1273 819 1299 amens
839 1258 1003 1308 suisset,
1021 1265 1082 1306 ut,
1105 1258 1139 1298 si
1162 1273 1208 1298 se
1228 1258 1313 1298 isto
1334 1257 1502 1298 infinito
1519 1257 1651 1298 ambi-

98 1322 146 1356 tu
166 1314 541 1365 commaculasset,
567 1314 755 1355 ambitus
787 1315 965 1355 alterum
996 1321 1240 1355 accusaret:
1273 1328 1411 1369 neque
1434 1315 1524 1368 ejus
1546 1313 1650 1354 facti
1670 1316 1724 1357 80

97 1370 142 1411 in
175 1372 308 1412 altero
345 1370 635 1425 suspicionem
670 1377 894 1426 quaereret,
924 1370 1045 1425 eujus
1079 1370 1170 1425 ipse
1205 1369 1286 1410 sibi
1321 1377 1572 1425 perpetuam
1602 1370 1652 1409 li-

98 1426 286 1468 centiam
301 1433 491 1482 optaret:
523 1441 618 1476 nec,
633 1426 668 1468 si
685 1426 766 1467 sibi
781 1426 913 1468 semel
928 1426 1165 1481 periculum
1177 1425 1365 1466 ambitus
1382 1426 1653 1466 subeundum

98 1490 283 1539 putaret,
307 1483 399 1538 ipse
429 1483 610 1524 alterum
641 1482 796 1524 iterum
822 1483 1012 1524 ambitus
1040 1482 1216 1523 crimine
1245 1488 1501 1523 arcesseret:
1535 1482 1654 1538 quod

98 1553 360 1596 quamquam
380 1554 461 1581 nec
481 1540 710 1595 sapienter,
733 1546 776 1580 et
796 1554 862 1580 me
885 1539 1034 1590 invito,
1055 1538 1172 1590 facit,
1189 1544 1334 1579 tamen
1353 1544 1419 1580 est
1438 1538 1652 1594 ejusmodi

93 1595 359 1652 cupiditatis,
382 1604 429 1636 ut
450 1597 587 1651 magis
617 1596 821 1637 insectari
852 1595 1022 1636 alterius
1054 1595 1358 1646 innocentiam,
1382 1609 1511 1650 quam
1531 1596 1584 1636 de
1606 1608 1651 1636 se
1671 1598 1725 1640 85

96 1650 248 1693 timide
268 1651 475 1708 cogitare,
494 1652 702 1693 videatur.
766 1652 894 1703 Nam,
914 1651 1031 1707 quod
1050 1666 1107 1692 aes
1129 1651 1316 1692 alienum
1334 1651 1553 1706 objectum
1572 1658 1653 1703 est,

97 1715 292 1765 sumptus
330 1708 590 1764 reprehensi,
622 1709 780 1749 tabulae
814 1708 1046 1764 flagitatae:
1077 1707 1221 1748 videte
1254 1706 1384 1762 quam
1420 1721 1559 1762 pauca
1590 1722 1655 1747 re-

94 1765 344 1820 spondeam.
403 1764 607 1816 Tabulas,
629 1764 702 1821 qui
731 1764 775 1806 in
801 1765 934 1821 patris
957 1770 1171 1821 potestate
1194 1770 1274 1815 est,
1292 1764 1432 1804 nullas
1449 1763 1652 1805 conficit:

139 1942 192 1972 6¹.
217 1942 314 1974 Oculis
333 1942 420 1983 priris
444 1943 532 1984 quam
559 1943 718 1984 opinione]
765 1942 854 1974 Prius
941 1944 994 1975 83.
1019 1942 1104 1977 Quod
1118 1942 1318 1984 quamquam]
1368 1942 1459 1973 Dicit
1474 1942 1582 1974 Polam
1600 1953 1656 1983 pa-

96 1989 265 2024 patuerunt
294 1986 391 2017 oculis
422 1987 550 2016 crimina
578 1986 733 2022 Catilinae,
761 1985 854 2027 quain
898 1990 975 2016 trem
991 1985 1127 2016 Atratini
1142 1986 1294 2016 immerito
1310 1986 1404 2016 fuisse
1418 1990 1606 2020 accusatum,
1622 1990 1657 2014 ut

98 2036 204 2056 eorum
223 2037 292 2058 reus
307 2029 499 2059 crederetur:
525 2039 580 2068 per
603 2029 743 2059 Fulviam
761 2030 855 2063 enirn,
893 2028 1036 2068 judicum
1047 2029 1123 2058 vitet
1136 2028 1352 2068 offensionem,
1366 2029 1477 2070 quibus
1489 2039 1577 2059 carus
1590 2033 1657 2057 erat

99 2070 344 2108 conjurationem
367 2071 500 2111 accepit,
524 2071 692 2110 antequam
716 2070 857 2110 conjura·
901 2071 1029 2101 fortasse
1046 2071 1136 2101 Pola.

101 2116 202 2141 torum
226 2112 321 2143 literae
344 2113 376 2142 in
399 2118 494 2153 ponte
518 2113 641 2143 Mulvio
658 2114 789 2144 fuissent
805 2114 859 2143 de·
946 2115 998 2143 87.
1031 2113 1171 2152 Sumptus
1192 2113 1379 2152 reprehensi]
1407 2112 1549 2143 Valerius
1565 2117 1656 2143 testa-

103 2155 276 2194 prehcnsae.

145 2198 197 2228 63.
222 2196 335 2238 Sifuit
356 2199 441 2227 etiam
465 2197 583 2235 Ca'lins,
604 2199 675 2239 eta]
721 2198 754 2228 Si
778 2199 859 2228 inter

101 2243 150 2268 tot
165 2239 309 2270 Catilium
332 2240 447 2271 amicos
464 2241 522 2271 suit
538 2240 665 2277 Coelius,
689 2241 780 2281 longe
791 2240 859 2281 jus·

104 2281 163 2311 tisis
176 2283 325 2323 conqueri
337 2283 444 2318 debet,
454 2294 486 2314 se
500 2283 531 2313 in
544 2284 685 2313 fraudem
698 2284 859 2314 inductum

100 2323 207 2361 fuisse,
218 2332 251 2355 ut
261 2324 368 2356 Cicero
377 2325 589 2366 szepenumer&
600 2332 787 2367 conquestus
799 2331 857 2362 cst,

102 2366 196 2407 quain
213 2368 310 2398 vereri
330 2379 370 2399 ne
388 2368 475 2399 istius
492 2369 634 2399 Catilinae
650 2369 786 2400 amicitia
800 2369 857 2400 cri-

102 2409 180 2439 mini
194 2410 254 2440 sibi
268 2416 414 2442 vertatur.

144 2453 198 2482 77.
222 2452 439 2493 Sequestrinm]
493 2453 674 2494 Sequestres
697 2455 748 2485 vel
774 2460 856 2493 sunt,

101 2499 226 2526 auctore
243 2495 374 2532 Budaeo,
390 2497 575 2536 interpretes
587 2496 731 2533 ambitus,
745 2503 777 2528 et
792 2508 859 2528 cor-

103 2538 344 2577 rumpendarum
361 2539 495 2569 tribuum
513 2545 664 2575 auctores,
682 2540 730 2570 vel
747 2540 800 2581 qui
814 2551 859 2581 se,

104 2582 262 2619 tamquam
275 2582 472 2618 mediatores,
485 2583 524 2612 ad
541 2583 646 2623 populi
660 2583 787 2624 gratiam
804 2593 858 2624 pro

106 2621 279 2654 candidatis
294 2625 523 2664 aucupandam,
539 2626 750 2666 interponunt.

148 2665 202 2695 83.
223 2665 406 2708 Arcesseret]
451 2667 522 2698 Jam
538 2668 632 2708 supra
647 2674 784 2699 notatum
801 2673 860 2706 cst,

107 2704 240 2736 Coehum
263 2709 396 2740 ambitus
417 2709 544 2741 crimine
563 2710 672 2742 Polam
687 2711 864 2742 Atratinum

105 2748 202 2799 semel
216 2750 375 2783 accusasse
379 2775 388 2790 ‚
397 2754 606 2796 eumdemque
616 2754 791 2787 absolutum
806 2753 864 2784 ite-

106 2801 174 2823 rum
191 2793 361 2826 accusasse.

903 2160 952 2185 tur
980 2166 1045 2191 eos,
1070 2156 1122 2196 qui
1155 2156 1300 2186 maximos
1331 2160 1470 2195 sumptus
1498 2155 1656 2190 fecissent,

903 2203 956 2228 aut
970 2197 1080 2238 ingrati
1094 2199 1233 2234 fuissent,
1246 2203 1298 2228 aut
1314 2209 1353 2228 res
1370 2197 1503 2228 alienum
1516 2204 1657 2229 contrax-

903 2241 1009 2277 issent,
1023 2240 1208 2280 gravissimis
1224 2240 1383 2282 suppliciis
1397 2241 1481 2281 apud
1497 2240 1657 2271 Romanos

905 2283 1033 2313 affectos
1048 2283 1153 2314 fuisse.

944 2325 994 2356 lb.
1029 2324 1326 2367 Tabulaeflagz'tatae]
1383 2325 1482 2355 Moris
1497 2325 1556 2356 fuit
1571 2326 1657 2366 apud

901 2367 1594 2409 Romanos,utpatresfamilias,quaecumque
1603 2379 1658 2409 per

901 2410 1037 2451 singulos
1062 2412 1127 2442 dies
1153 2416 1207 2442 aut
1226 2410 1405 2451 acciperent
1423 2417 1478 2441 aut
1497 2412 1656 2452 expende-

902 2460 980 2488 rent,
997 2464 1034 2483 ea
1055 2453 1185 2494 prinnini
1211 2453 1341 2494 propere
1366 2463 1401 2483 ac
1423 2454 1603 2484 festinanter
1626 2453 1656 2482 in

902 2497 1044 2527 codicem
1061 2497 1215 2527 memoria:
1231 2496 1324 2527 causa
1340 2501 1481 2536 paratum
1498 2497 1658 2531 referrent,

903 2549 971 2578 quae
982 2540 1156 2569 adversaria
1165 2539 1358 2576 dicebantur;
1377 2538 1657 2579 deindeperotiuni

903 2581 936 2611 in
952 2581 1021 2612 aliis
1038 2582 1149 2612 tabulis
1165 2583 1273 2612 ordine
1288 2587 1320 2612 et
1335 2581 1476 2611 accurate
1489 2580 1657 2620 perscribe-

903 2628 982 2654 rent.
1028 2624 1090 2655 Eas
1102 2625 1222 2656 tabulas
1235 2626 1342 2664 accepti
1353 2629 1380 2654 et
1394 2624 1502 2661 expensi
1518 2623 1659 2652 nomina-

907 2667 994 2698 bant.

953 2711 1004 2739 88.
1030 2708 1090 2744 Qui
1112 2711 1144 2740 in
1166 2711 1260 2748 patris
1279 2714 1414 2749 potestate
1435 2707 1502 2748 est.]
1548 2706 1659 2738 Filius-

907 2751 1039 2784 familias
1063 2753 1182 2785 tabulas
1204 2762 1265 2783 non
1287 2751 1426 2792 conficit,
1441 2751 1526 2793 quia,
1551 2754 1661 2792 praeter
