1858 3095
892 137 1011 171 VITA.
1210 137 1213 141 '
1714 142 1756 185 xi

166 211 409 268 legionibus
431 210 638 254 Romanis
660 211 881 270 patefecit,
914 213 987 270 qui
1023 212 1121 256 ante»
1154 213 1317 271 populo
1343 212 1548 256 ,Romano
1569 226 1621 256 ex
1642 215 1757 257 omni

167 269 285 311 aditu
306 270 477 312 clausus
499 268 649 311 fuerat.

593 389 763 419 ANNUS
801 390 945 419 unms
982 389 1215 421 coNDrrAE
1247 377 1346 420 682.

224 469 336 510 Coss.
376 467 455 509 Cn.
490 466 662 523 Azfficlio
693 469 851 517 Oreste,
883 469 935 508 P.
973 469 1168 510 Cornelio
1200 470 1384 510 Lentulo
1420 469 1553 518 Sura,
1591 474 1692 510 ante

447 524 669 566 Christum
690 525 759 567 70.
821 526 1037 567 Ciceronis
1055 527 1299 579 trigesimus
1319 530 1475 566 sertus.

223 612 320 655 Hoc
333 628 444 655 anno
462 614 614 656 servile
635 614 796 656 bellum
815 613 840 655 ὲ
862 614 1019 657 Crasso
1042 614 1230 656 Praetore
1252 629 1327 655 sex
1349 614 1568 656 mensibus
1591 616 1762 656 confec-

164 675 256 711 tum
276 677 356 720 est,
378 671 501 728 eique
534 671 804 727 permissum,
835 677 883 713 ut
914 685 1046 713 ovans
1069 671 1214 712 urbem
1234 672 1535 727 ingrederetur.
1596 672 1762 714 Eodem

163 733 356 784 tempore
377 742 429 769 ex
454 728 666 784 Hispania
701 728 744 769 in
781 728 950 770 Italiam
982 727 1216 784 Pompeius
1238 729 1473 770 exercitum
1504 729 1687 780 reduxit,
1719 736 1762 770 et

165 783 356 840 quinque
371 785 505 826 millia
525 785 815 842 fugitivorum,
836 785 911 842 qui
933 784 956 827 ὲ
979 785 1130 842 proelio
1151 785 1362 842 fugerant,
1393 785 1625 827 interfecit.
1689 786 1763 826 Ul-

164 841 270 882 timo
292 841 418 897 hujus
435 841 535 883 anni
557 842 641 894 die,
660 842 795 899 pridie
816 841 944 898 quam
977 841 1262 884 Consulatum
1282 842 1420 895 iniret,
1452 857 1584 900 eques
1605 842 1763 885 Roma-

169 911 248 938 nus
269 897 321 939 de
342 898 554 956 Hispania
573 907 727 955 praeter
745 914 908 942 morem
926 898 1215 955 triumphavit.
1464 926 1499 957 4!-
1628 917 1637 959 ζ
1654 916 1688 957 11
1709 913 1727 960 f

588 1027 759 1056 ANNUS
795 1028 944 1057 unms
983 1027 1216 1056 conTAE
1248 1014 1345 1056 683.
1617 1060 1660 1079 Ν

171 1105 283 1147 Coss.
305 1106 371 1147 M.
391 1106 562 1148 Licinio
599 1107 769 1155 Crasso,
809 1107 888 1147 Cn.
907 1107 1107 1159 Pompeio
1127 1105 1184 1147 M
1183 1120 1311 1157 agnO,
1332 1110 1435 1148 ante
1453 1107 1763 1151 Clu-istumou.

606 1164 824 1204 Ciceronis
845 1165 1092 1216 trigesimus
1111 1165 1327 1215 septimus.

226 1250 467 1292 Defunctus
484 1251 715 1298 Quaestura
732 1251 902 1302 Cicero,
920 1249 1259 1307 quinquennium
1273 1250 1358 1293 fere
1369 1251 1412 1292 in
1427 1251 1570 1293 causis
1584 1251 1764 1306 agendis

166 1312 358 1349 versatus
380 1314 446 1347 est
466 1307 634 1348 summa
649 1322 748 1348 cum
770 1307 1068 1358 admiratione,
1105 1307 1181 1348 sed
1203 1307 1435 1364 praecipue,
1467 1307 1584 1364 quod
1620 1309 1674 1350 ab
1695 1309 1762 1359 iis,

168 1377 277 1419 quos
299 1363 575 1415 defendebat,
597 1364 718 1405 nulla
749 1364 863 1405 dona
890 1363 1147 1419 accipiebat.
1208 1363 1307 1405 Hoc
1326 1378 1437 1405 anno
1471 1364 1581 1406 dixit
1600 1379 1676 1420 pro
1699 1364 1765 1406 Μ.

167 1419 309 1461 Tullio
330 1427 374 1462 et
395 1419 442 1460 L.
455 1417 639 1462 Vareno.
702 1419 955 1462 Orationem
968 1426 1192 1476 utramque
1211 1418 1255 1460 in
1268 1421 1408 1462 lucem
1434 1421 1621 1462 edidisse
1644 1420 1769 1462 Cice-

168 1490 316 1519 ronem
337 1475 594 1525 Quintiliani
621 1482 666 1520 et
685 1476 897 1519 Prisciani
930 1475 1180 1518 testimonio
1213 1483 1378 1518 certum
1398 1483 1485 1519 est:
1517 1484 1562 1519 at
1589 1484 1767 1534 utraque

201 1533 309 1575 eriit.
368 1533 546 1576 Verrem
565 1548 740 1591 quoque
761 1534 806 1575 in
820 1533 1037 1590 judicium
1049 1532 1235 1585 vocavit,
1251 1532 1296 1575 in
1315 1533 1496 1591 gratiam
1512 1533 1768 1578 Siculorum.

168 1549 335 1632 {odem
354 1604 468 1632 anno
489 1591 589 1633 tulit
608 1591 750 1647 legem
770 1591 825 1632 ad
845 1591 1053 1648 populum
1076 1590 1122 1633 L.
1143 1590 1344 1632 Aurelius
1363 1591 1494 1633 Cotta
1521 1591 1699 1645 Praetor,
1720 1597 1770 1632 ut

170 1645 400 1691 Senatores
416 1663 517 1690 cum
536 1647 772 1705 Equitibus
793 1654 837 1690 et
856 1647 1056 1690 Tribunis
1079 1647 1236 1689 aerariis
1251 1648 1514 1704 judicarent.

589 1784 759 1814 ANNUS
796 1785 945 1813 URBJS
982 1784 1216 1813 conTAE
1253 1770 1351 1812 684.

175 1862 289 1905 Coss.
315 1863 366 1912 Q.
381 1862 632 1913 Hortensio,
667 1864 715 1910 Q.
742 1863 917 1905 Caecilio
937 1863 1113 1904 Metello
1137 1863 1316 1912 Cretico,
1339 1866 1440 1903 ante
1464 1862 1685 1904 Christum
1702 1863 1772 1904 68.

629 1920 847 1962 Ciceronis
867 1921 1114 1974 trigesimus
1129 1925 1314 1961 octavus.

229 2008 327 2051 Hoc
346 2023 460 2051 anno
478 2008 634 2051 AEdilis
664 2008 748 2050 fuit
766 2008 946 2060 Cicero3
977 2009 1150 2066 ipsique
1169 2008 1262 2050 ludi
1292 2007 1553 2050 sanctissimi
1587 2009 1772 2050 maxima

173 2080 272 2107 cum
288 2065 550 2108 caeremonia
566 2065 727 2117 Cereri,
744 2065 915 2117 Libero,
931 2067 1195 2123 Liberaeque,
1212 2064 1397 2107 faciendi
1411 2065 1595 2107 fuerunt.
1627 2065 1771 2107 Multa

173 2122 310 2164 Siculi
331 2137 383 2165 ex
402 2122 544 2163 insula
571 2121 651 2163 sua
672 2123 727 2163 ad
749 2137 848 2164 eum
870 2123 1060 2164 AEdilem
1086 2123 1337 2172 attulerunt,
1359 2136 1540 2178 quorum
1559 2122 1631 2163 ille
1663 2122 1770 2164 nihil

172 2179 227 2221 ad
247 2194 372 2221 snum
392 2185 607 2236 quaestum
628 2179 834 2230 eontulit3
867 2178 1034 2220 tantum
1055 2179 1276 2220 hominum
1295 2177 1551 2220 liberalitate
1569 2179 1622 2220 ad
1640 2193 1772 2220 anno-

171 2250 271 2277 nam
287 2235 516 2278 levandam
533 2250 636 2277 usus
658 2241 738 2277 est.
770 2236 973 2278 Lucullus
989 2235 1342 2292 Tigranocertam
1355 2235 1504 2276 urbem
1524 2250 1576 2276 ex
1593 2235 1770 2292 imperio

160 2293 368 2350 ‘Tigranis
386 2293 504 2350 cepit
517 2291 676 2348 exigua
696 2307 840 2346 manu,
854 2307 1011 2349 magno
1026 2293 1217 2334 hostium
1232 2306 1408 2333 numero
1441 2291 1672 2349 irofligato.
1707 2293 1770 2334 M.

173 2349 338 2406 Pupius
358 2349 464 2391 Piso
497 2349 551 2391 de
579 2349 786 2406 Hispanis
805 2349 1101 2406 triumphavit.
1161 2349 1314 2391 Cicero
1335 2363 1412 2405 pro
1471 2349 1615 2392 onteio
1636 2349 1769 2391 dixit:

170 2405 353 2449 fortasse
374 2407 506 2449 etiam
525 2421 602 2465 pro
624 2406 824 2461 Caecina3
855 2421 956 2449 nam
971 2413 1140 2464 tempus
1159 2405 1371 2448 incertum
1393 2412 1473 2449 est.

604 2543 772 2572 ANNUS
809 2543 957 2572 umus
992 2544 1225 2572 cONmTAE
1258 2529 1357 2572 685.

163 2646 166 2649 «
231 2619 348 2662 Coss.
371 2620 421 2662 L.
445 2620 620 2662 Cceeilio
639 2621 829 2670 Metello,
864 2622 916 2669 Q.
935 2621 1107 2663 Marcio
1128 2623 1260 2676 Rege,
1281 2625 1383 2662 ante
1405 2621 1626 2662 Christum
1645 2620 1714 2663 67.

651 2678 869 2720 Ciceronis
889 2679 1133 2732 trigesimus
1150 2693 1310 2721 nonus.

172 2828 175 2830 -
235 2766 399 2835 Luculli
415 2768 654 2833 exercitum
670 2767 852 2821 Clodius
872 2766 1135 2823 sollicitavit,
1155 2767 1258 2823 dum
1272 2765 1315 2819 N
1317 2765 1461 2811 isibim
1480 2743 1771 2833 oppugnabat,
