1858 3095
698 183 790 224 PRO
815 182 1027 223 Monam.
1643 177 1723 235 ‘119

724 355 781 387 CO
787 356 845 388 NT
848 356 986 390 ENTIO

147 455 254 497 Tres
282 460 431 509 partes
451 457 654 497 continet.
1381 456 1421 499 2.
1458 456 1645 502 Conten-

83 513 238 554 {ionem
253 512 492 566 dignitatis.

717 453 754 496 l.
792 454 900 497 Vitce
941 459 1319 511 reprehensionem.

552 512 592 553 3.
619 512 790 553 Crimen
812 514 1006 556 ambitos.

696 649 854 676 PRIMA
891 649 1026 677 PARS.

592 749 661 790 De
684 751 784 790 vitae
803 750 1143 803 reprehensione.

140 834 224 876 ΙΙΙ.
255 835 471 894 IntelligO,
496 836 685 893 judices,
705 844 792 879 tres
814 838 946 880 totius
963 838 1254 881 accusationis
1270 844 1413 897 partes
1435 841 1585 894 fuisse,
1600 845 1644 884 et

80 904 224 933 earum
240 906 368 935 unam
393 893 436 935 in
456 893 785 950 reprehensione
803 894 915 944 vitae,
947 896 1124 936 alteram
1145 896 1186 937 in
1209 897 1484 940 contentione
1502 897 1643 955 digni-

80 947 198 999 tatis,
229 949 397 991 tertiam
416 950 460 991 in
476 950 727 992 criminibus
748 951 951 1003 ambitus,
973 966 1067 994 esse
1088 959 1317 995 versatam.

136 1004 213 1047 IV.
245 1006 391 1063 Atque
423 1006 573 1048 harum
605 1007 731 1048 trium
757 1007 943 1064 partium
974 1009 1110 1065 prima
1138 1009 1223 1060 illa,
1256 1024 1352 1066 quae
1389 1010 1644 1074 gravissima

80 1074 174 1103 esse
195 1061 394 1116 debebat,
424 1063 486 1105 ita
503 1064 585 1105 fuit
603 1063 769 1106 infirma
789 1071 832 1106 et
851 1064 973 1116 levis,
994 1071 1042 1105 ut
1061 1066 1155 1107 illos
1176 1067 1270 1108 alex
1290 1080 1427 1124 magis
1445 1061 1644 1124 quaedam

80 1120 365 1170 accusatoria,
396 1119 528 1176 quam
544 1135 642 1161 vera
662 1120 950 1162 maledicendi
977 1121 1176 1174 facultas,
1198 1121 1252 1164 de
1265 1123 1357 1164 vita
1380 1124 1426 1167 L.
1448 1124 1645 1167 Murenae

81 1173 224 1216 dicere
242 1175 406 1232 aliquid
423 1176 626 1234 coe'gerit.
686 1176 872 1233 Objecta
893 1183 959 1218 est
978 1178 1088 1219 enim
1112 1178 1232 1231 Asia,
1265 1194 1360 1235 quae
1381 1180 1435 1221 ab
1455 1179 1540 1222 hoc
1556 1192 1644 1223 non

82 1230 137 1271 ad
158 1232 425 1287 voluptatem
443 1239 486 1274 et
499 1232 708 1274 luxuriam
725 1233 916 1290 expetita
935 1241 1015 1285 est,
1031 1234 1106 1276 sed
1126 1235 1171 1276 in
1191 1235 1361 1277 militari
1382 1236 1527 1278 labore
1549 1251 1644 1294 per·
1689 1240 1716 1280 5

81 1294 250 1343 agrata3
283 1289 356 1343 qui
379 1288 415 1329 si
436 1287 708 1339 adolescens,
738 1297 858 1344 patre
880 1305 958 1331 suo
979 1290 1249 1347 imperatore,
1263 1302 1349 1332 non
1368 1292 1643 1345 bmeruiss‘et;

82 1350 158 1384 aut
176 1343 344 1385 hostem
365 1351 440 1385 aut
452 1345 582 1400 patris
599 1344 822 1400 imperium
835 1345 1045 1397 timuisse,
1058 1354 1133 1388 aut
1150 1346 1175 1387 a
1190 1354 1366 1403 parente
1379 1349 1646 1406 repudiatus,

79 1398 308 1442 videretur.
340 1400 425 1449 An,
445 1401 546 1442 cum
561 1401 708 1442 sedere
733 1400 776 1442 in
791 1401 916 1457 equis
938 1402 1291 1459 triumphantium
1312 1406 1551 1461 praetextati
1569 1408 1645 1462 po-

78 1455 290 1498 tissimum
302 1456 381 1498 filii
402 1457 585 1508 soleant,
605 1457 706 1499 huic
721 1457 846 1499 donis
862 1458 1117 1500 militaribus
1134 1460 1268 1518 patris
1296 1459 1559 1517 triumphum
1573 1463 1644 1504 de-

79 1525 224 1554 corare
236 1512 490 1570 fugiendum
509 1513 663 1565 fuit,ut
674 1514 800 1556 rebus
817 1515 1101 1557 communiter
1112 1516 1245 1572 gestis
1291 1517 1383 1558 aene
1398 1518 1524 1559 simul
1545 1531 1644 1562 cum
1664 1521 1718 1563 10

80 1575 200 1625 patre
221 1569 524 1626 triumpharet?
584 1570 670 1611 Hic
684 1570 801 1622 vero,
816 1570 1002 1627 judices,
1022 1571 1066 1613 et
1085 1571 1168 1613 fuit
1182 1572 1226 1613 in
1291 1572 1371 1622 sia,
1385 1581 1429 1616 et
1447 1573 1537 1617 viro
1559 1575 1643 1618 foi·-

76 1625 261 1678 tissimo,
282 1626 449 1685 parenti
466 1640 559 1678 su0,
581 1641 737 1684 magno
754 1627 1001 1670 ad'umento
1018 1628 1060 1669 in
1080 1628 1298 1685 periculiS,
1330 1631 1483 1673 solatio
1504 1631 1550 1673 in
1582 1632 1649 1675 la-

78 1682 271 1735 boribus,
288 1682 567 1740 gratulationi
588 1684 633 1725 in
652 1643 849 1737 victorii,
871 1684 963 1726 fuit.
1023 1683 1095 1737 Et,
1127 1685 1164 1727 si
1183 1685 1317 1728 habet
1331 1685 1440 1729 Asia
1458 1687 1644 1745 suspici-

79 1751 207 1783 onem
234 1740 414 1784 luxuriae
440 1740 686 1798 quamdam,
726 1755 814 1784 non
848 1741 999 1784 Asiam
1028 1753 1249 1800 nunquam
1280 1742 1454 1796 vidisse,
1484 1745 1563 1789 sed
1596 1745 1644 1788 in

421 1909 437 1935 ὲ
451 1912 727 1953 consuetudo.
1031 1912 1049 1935 b
1063 1914 1299 1955 militasset.

122 2076 154 2110 4.
178 2076 276 2120 Irim]
320 2078 358 2110 Τ.
385 2077 504 2116 Livius,
527 2079 582 2110 lib.
598 2082 652 2111 34.
667 2078 777 2111 Asiam
793 2080 839 2111 ait

880 2080 1033 2118 laudavit,
1041 2086 1074 2113 et
1084 2081 1169 2113 bulla
1177 2082 1282 2120 aurea,
1297 2083 1525 2127 praetextaque,
1538 2085 1638 2118 dona-

79 2121 223 2152 omnibus
233 2121 395 2152 libidinum
407 2122 559 2152 illecebris
566 2123 718 2163 repletam
729 2123 838 2162 fuisse,

879 2124 934 2154 vit.
980 2123 1159 2155 Praetextati
1171 2130 1274 2156 autem
1288 2126 1308 2156 5,
1317 2127 1454 2166 praeteaeta
1468 2128 1545 2159 dieti
1557 2131 1641 2161 subt.

81 2169 114 2194 et
137 2164 211 2195 inde
239 2163 416 2195 Romanam
443 2165 592 2195 luxuriam
615 2170 710 2196 ortam
727 2165 837 2204 fuisse3

80 2212 113 2237 et
138 2206 193 2238 lib.
218 2209 271 2238 39.
297 2207 423 2237 luxuriae
444 2207 617 2248 peregrinae
632 2208 783 2248 originem
800 2209 839 2239 ab

79 2249 214 2280 exercitu
236 2249 379 2281 Asiatico
407 2250 561 2282 invectam
584 2251 614 2281 in
638 2250 758 2282 Urbem
788 2251 838 2281 fu-

77 2302 149 2322 isse.

122 2336 153 2365 6.
185 2333 277 2365 Patre
301 2341 352 2365 suo
379 2335 575 2375 imperatore]
633 2334 671 2366 L.
686 2336 834 2372 Murena,

75 2376 159 2408 illius
174 2386 297 2419 parens,
320 2379 352 2408 in
374 2378 451 2409 Asia
474 2378 505 2408 in
521 2378 604 2408 bello
619 2378 833 2410 Mithridatico

77 2420 173 2461 Syllae
188 2421 310 2461 legatus
331 2421 402 2452 tuit.
445 2420 489 2456 Is,
511 2420 583 2451 cum
596 2420 695 2463 Sylla,
710 2422 772 2452 icto
784 2422 841 2452 soe-

77 2462 154 2493 dere
165 2472 236 2494 cum
249 2463 445 2500 Mithridate,
457 2463 591 2495 civilium
606 2464 838 2495 contentionum

78 2504 172 2536 cans&
186 2505 322 2537 Romam
345 2506 533 2543 revertisset,
556 2517 626 2537 cum
648 2506 837 2537 Mithridate

79 2547 195 2578 bellum
209 2550 378 2581 renovavit.
411 2549 508 2586 Nam,
524 2555 558 2579 ut
570 2549 719 2590 reliquam
729 2548 838 2580 Asiam

79 2596 294 2632 componeret,
306 2602 377 2624 cum
390 2593 513 2623 duabus
528 2591 702 2632 legionibus
713 2592 836 2623 relictus

80 2638 141 2664 est·

122 2674 154 2706 8.
191 2674 360 2708 Praetertuti
383 2677 560 2716 potissimam
575 2677 667 2720 filii.]
714 2676 837 2708 Primus

77 2718 542 2760 omnium'rarquiniusPriscus,
552 2721 592 2752 de
605 2720 726 2752 Sabinis
734 2721 841 2751 trium-

78 2762 189 2802 phans,
209 2761 306 2792 filium
318 2773 415 2794 annos
427 2766 470 2795 14
488 2769 606 2800 natum,
619 2762 704 2804 quod
719 2764 840 2794 hostem

78 2804 111 2836 iu
134 2814 173 2835 eo
202 2803 286 2835 bello
313 2811 519 2846 percusserat,
550 2811 584 2838 et
612 2817 668 2848 pro
690 2806 841 2838 concione

882 2166 954 2196 Fuit
968 2173 1072 2197 autem
1083 2167 1138 2197 illa
1151 2173 1225 2208 toga
1240 2169 1366 2209 quidem
1382 2170 1464 2207 alba,
1488 2172 1542 2202 sed
1566 2182 1639 2213 quae

883 2209 913 2239 in
930 2209 984 2239 ora
1003 2210 1139 2240 habebat
1156 2220 1333 2251 purpuram.
1389 2213 1460 2244 Hac
1472 2214 1638 2245 utebantur

880 2252 980 2291 pueri,
998 2253 1207 2293 magistratus,
1222 2255 1412 2290 sacerdotes,
1427 2256 1502 2291 etii,
1514 2257 1568 2299 qui
1579 2267 1640 2297 pu-

879 2293 994 2324 blicum
1022 2292 1132 2325 munus
1153 2296 1314 2327 curabant.
1360 2297 1455 2335 Hinc,
1477 2304 1510 2329 et
1534 2296 1588 2340 qui
1603 2300 1637 2330 in

877 2342 968 2367 aetate
984 2343 1091 2367 essent
1104 2338 1299 2380 praetextata,
1318 2339 1349 2369 id
1375 2346 1433 2377 est,
1458 2341 1580 2381 pueriii,
1603 2338 1638 2373 bt

877 2379 975 2420 quiin
990 2380 1182 2420 magistram,
1206 2383 1380 2421 praetextati
1394 2383 1470 2415 dicti
1484 2390 1568 2416 suut.

927 2424 958 2452 9.
982 2422 1075 2453 Donis
1088 2425 1293 2465 militaribus]
1317 2424 1412 2456 Dona
1429 2426 1572 2458 militaria
1587 2427 1639 2458 di-

881 2464 1043 2501 cebantur,
1066 2472 1137 2506 quae
1158 2466 1279 2497 virtutis
1295 2469 1368 2508 ergo
1389 2469 1428 2499 ab
1450 2468 1638 2510 imperatore

881 2507 1106 2549 triumphaturo
1119 2509 1265 2540 militibus
1274 2509 1438 2546 dabantur,
1452 2517 1488 2542 ut
1502 2513 1636 2551 corouae,

882 2554 1019 2591 torques,
1031 2551 1168 2589 armiltae,
1189 2552 1285 2583 hasta·
1299 2554 1396 2594 puri,
1412 2554 1558 2596 phalerae,
1570 2564 1639 2585 cor·

880 2593 995 2629 nicula,
1011 2594 1072 2625 διο.

924 2637 976 2665 10.
990 2634 1276 2679 Fugiendmnfiu't]
1290 2635 1413 2675 Ironi2'13
1428 2638 1531 2679 quasi,
1541 2644 1636 2680 prop.

880 2679 928 2708 ter
937 2678 1032 2708 vitam
1044 2680 1075 2709 in
1090 2678 1168 2709 Asia
1184 2680 1314 2720 turpiter
1327 2680 1440 2718 aetam,
1453 2681 1637 2722 fugiendtim

880 2719 990 2752 fuisset
1004 2721 1158 2759 Murenae,
1170 2732 1210 2753 ue
1222 2722 1360 2763 parentis
1376 2723 1564 2763 tfiumphu‘ui
1578 2724 1638 2756 δε-

883 2769 1019 2802 coraret3
1043 2769 1132 2809 pater
1161 2765 1244 2795 enim
1270 2764 1337 2806 ejus
1363 2771 1437 2810 post
1460 2765 1580 2809 Syllam
1595 2767 1639 2799 do

884 2805 1071 2839 Mithridate
1086 2806 1297 2849 tumphavit.
