1790 3090
61 175 146 220 458

1 258 128 356 ,W

0 378 9 395 ‘
26 386 38 414 ‚¹
57 379 110 408 ,ἐς
133 366 342 423 pulvinar,
375 353 664 414 Siniulalcfuni,
694 356 798 404 f'stf
1007 413 1045 417 Ν

61 423 117 463 25
135 429 183 464 ut
211 422 321 472 Jovi,
364 426 412 461 ut
442 419 588 471 Marti,
623 426 672 460 ut
708 419 905 471 Quirino,
944 420 1006 461 sic
1048 419 1162 461 Divo
1202 420 1317 461 Julio
1349 419 1526 462 Marcus
1557 422 1696 462 Anto-

317 476 434 526 Quid
464 477 593 532 igitur
619 477 818 517 gcessas?
850 492 925 518 cur
954 491 1041 517 non
1072 477 1379 533 llinaugurare?
1411 492 1531 518 sume
1557 477 1694 519 diem:

748 175 1012 210 PHILIPPICA
1035 176 1085 209 11.

135 252 195 295 Et
213 250 326 293 tuin
347 250 530 292 Caesaris
559 248 765 291 memoria
786 249 1017 307 diligenst.
1058 248 1122 290 Tu
1152 248 1274 291 illum
1305 263 1423 291 amas
1454 253 1696 295 mortuum?

135 309 276 357 Quem
303 308 338 349 is
369 307 590 371 fm-ajorem
620 306 735 348 hono
749 321 828 348 'em
861 322 885 348 c
918 312 1123 353 nsecutus
1136 313 1259 404 grat,
1281 306 1412 363 quam
1443 314 1491 348 ut
1518 307 1694 350 haberet

134 479 230 521 nius
247 480 254 519 !

799 339 871 420 &a
918 396 929 416 ‚
963 354 1136 404 flaffiffle

1195 364 1211 405 ?
1272 364 1352 405 Est
1391 378 1492 420 ergo
1525 364 1695 416 flamen,

133 535 248 586 vide,
266 534 340 590 qui
357 541 399 575 te
415 533 659 588 inauguret:
682 533 859 589 collegae
876 548 1043 574 sumus:
1064 548 1190 575 nemo
1207 533 1397 590 negabit.
1451 533 1489 575 Ο
1511 534 1699 575 detesta-

132 592 265 634 bilem
287 590 518 641 hominem,
540 589 628 631 sive
646 589 763 645 quod
783 590 952 645 tyranni
974 591 1176 631 sacerdos
1199 605 1260 641 eS,
1278 589 1367 631 sive
1381 589 1497 646 quod
1515 591 1695 633 mortui!

136 649 293 696 Quaero
316 646 533 710 deinceps,
556 661 671 697 num,
699 646 929 687 hodiernus
952 646 1043 687 dies
1066 646 1138 702 qui
1170 646 1240 697 sit,
1262 646 1463 703 ignores?
1525 646 1696 699 Nescis,

63 706 118 748 30
135 705 225 747 heri
260 711 459 762 quartum
499 718 543 743 m
575 703 702 744 Circo
735 703 850 745 diem
886 703 1084 744 ludorum
1121 702 1414 744 Romanorum
1451 703 1615 745 fuisse?
1655 712 1697 746 te

137 768 282 804 autem
320 761 461 817 ipsum
499 760 554 801 ad
599 761 803 816 populum
844 760 1008 811 tulisse,
1041 766 1090 801 ut
1137 759 1314 816 quintus
1355 760 1563 816 praeterea
1604 760 1697 803 dies

134 818 299 859 Caesari
326 817 603 858 tribueretur?

666 816 753 857 Cur
787 831 872 858 non
904 831 1050 858 sumus
1081 816 1351 873 praetextati?
1383 832 1458 858 cur
1488 817 1697 859 honorem

139 875 300 916 Caesari
330 874 407 915 tua
435 875 531 929 lege
563 873 713 914 datum
744 873 881 915 deseri
911 873 1123 929 patimur?
1158 889 1225 922 an,
1258 874 1593 930 supplicationes
1626 875 1699 916 ad-

139 932 298 983 dendo,
329 930 443 972 diem
474 929 756 970 contaminari
797 944 949 985 passus
981 945 1055 982 es„
1073 930 1311 986 pulvinaria
1339 931 1548 973 noluisti?
1609 931 1701 973 Aut

66 990 121 1034 35
139 988 329 1043 undique
374 985 627 1042 religionem
668 985 785 1034 tolle,
826 992 901 1026 aut
944 1000 1024 1041 usq

1127 979 1253 1042 ⁵arque
1293 1001 1512 1029 conserva.
1574 988 1699 1036 Quae-

139 1060 222 1097 res,
252 1045 494 1101 placeat-ne
525 1041 630 1082 mihi
671 1041 867 1098 pulvinar
897 1056 1006 1094 esse,
1038 1042 1273 1098 fastigium,
1304 1043 1554 1085 flaminem?
1595 1045 1701 1085 mihi

138 1101 239 1143 vero
289 1100 394 1142 nihil
442 1099 623 1141 istorum
671 1098 827 1154 placet.

888 1098 974 1140 Sed
1023 1106 1085 1150 tu,

1132 1099 1206 1155 qui
1256 1104 1355 1140 acta
1400 1098 1583 1141 Caesaris
1629 1101 1703 1142 de-

137 1158 292 1207 fendis,
325 1156 432 1213 quid
471 1162 594 1212 potes
635 1155 792 1207 dicere,
835 1170 910 1197 cur
939 1155 1023 1196 alia
1063 1155 1285 1207 defendas,
1316 1154 1401 1196 alia
1431 1171 1517 1198 non
1549 1158 1701 1199 cures?

72 1250 77 1256 „
137 1215 221 1255 nisi
260 1213 369 1255 forte
400 1213 464 1254 vis
496 1211 634 1264 fateri,
675 1219 718 1253 te
758 1213 902 1253 omnia

68 1276 125 1319 40
140 1278 240 1322 tate,
264 1270 439 1313 imetiri.
471 1269 588 1317 Quid
603 1269 658 1311 ad
674 1269 768 1311 haec
781 1269 981 1311 tandem?
1027 1269 1246 1327 Exspecto
1263 1269 1553 1326 eloquentiam
1568 1277 1698 1312 tuam.

144 1393 315 1443 poterat
333 1388 537 1440 consequi
558 1386 760 1440 majorem
781 1386 990 1446 honorem.

940 1219 1109 1268 quaestu
1139 1219 1229 1263 tuo,
1272 1226 1358 1253 non
1408 1212 1522 1254 illius
1562 1214 1700 1270 digni-

1095 1385 1292 1441 gclgffers?
1399 1384 1703 1428 heonsecroeris.

800 1449 809 1465 ¹
820 1445 986 1486 aestima
992 1457 1049 1485 re.
1063 1491 1067 1495 ,

184 1573 238 1602 22.
261 1570 298 1602 In
312 1569 432 1601 Caesaris
445 1569 577 1601 memor-2¹6
591 1567 741 1611 diligens]
783 1568 822 1599 Id
838 1572 896 1605 est,

139 1622 186 1651 tu,
203 1615 255 1655 qui
272 1620 334 1645 tam
351 1613 483 1655 diligens
496 1624 529 1644 es
543 1614 575 1644 in
587 1611 770 1644 honoranda
782 1623 897 1643 meino-

139 1657 183 1688 ἠῢ
201 1657 341 1688 Caesaris.

183 1702 235 1731 24.
251 1699 635 1740 Pulvinar,simulacrum.]
669 1697 817 1729 Pulvinar
832 1697 896 1729 lec-

140 1742 221 1772 tulus
235 1748 301 1773 erat
316 1747 426 1773 stratus
442 1742 474 1772 in
487 1742 623 1782 templis,
639 1742 670 1772 in
684 1752 746 1783 quo
761 1742 895 1772 numinis

139 1784 269 1825 alicujus
285 1785 479 1816 simulacrum
495 1786 713 1825 reponebatur.

183 1828 233 1858 Ib·
251 1828 441 1869 Fastigium.]
461 1827 630 1867 Fastigium
645 1827 739 1858 moles
753 1827 896 1868 quaedam

141 1877 207 1902 erat
231 1872 327 1901 instar
353 1870 523 1912 pyramidis
547 1871 579 1900 in
607 1871 701 1900 altum
731 1875 897 1908 exstructa,

140 1925 233 1955 quarn
256 1914 345 1944 variis
369 1913 495 1954 picturis
518 1917 656 1943 ornatam
681 1913 713 1942 in
737 1923 899 1943 consecra-

137 1957 273 1987 tionibus
296 1957 424 1986 deorum
446 1956 626 1996 erigebant:
651 1956 693 1996 [is
715 1956 807 1996 igitur
831 1955 900 1985 Cae-

141 2000 204 2030 sari
218 2001 316 2030 honos
332 2000 434 2035 datus,
446 2003 492 2036 ut,
508 2004 665 2038 tamquam
678 1999 709 2028 in
723 1999 790 2028 aede
803 1998 902 2034 sacra,

140 2042 185 2074 sic
202 2043 235 2073 in
248 2043 315 2082 ejus
332 2043 424 2071 domo
440 2040 594 2081 fastigium
612 2041 720 2081 essen]

184 2085 233 2116 Ib.
259 2085 312 2115 Est
324 2084 533 2125 ergoflamen]
581 2083 708 2114 Flamen
728 2094 783 2114 seu
799 2093 900 2113 sacer-

141 2128 199 2158 dos
215 2129 296 2158 divis
311 2128 533 2168 assignabatur‚
550 2131 585 2156 ut
598 2126 682 2162 Jovi,
700 2127 753 2166 qui
777 2125 900 2162 Dialis,-

139 2171 251 2207 Marti,
263 2170 316 2211 qui
334 2170 503 2205 Martialis;
528 2169 675 2204 Romulo,
686 2169 739 2210 qui
752 2168 897 2204 Quirina-

139 2213 178 2244 lis
203 2215 373 2244 dicebatur.
420 2212 513 2242 Unde
540 2211 630 2252 porro
656 2212 770 2242 flamen
796 2212 896 2241 dictus

140 2256 266 2297 sit,jam
278 2255 477 2297 exposuimus
488 2255 520 2285 in
532 2255 620 2287 Orat.
634 2265 689 2296 pro
702 2254 774 2286 Mil.
791 2264 899 2296 parag.

140 2300 182 2332 vi.
201 2300 222 2329 l.
237 2302 292 2330 32.

185 2344 237 2372 25.
263 2342 340 2372 Divo
353 2341 462 2382 Julia]
507 2340 608 2371 Divos
631 2341 832 2382 appellabant
847 2351 900 2370 eos

139 2385 294 2420 homines,
309 2385 373 2425 qui,
387 2386 498 2414 virtute
513 2384 631 2414 caeteris
654 2384 838 2426 superiores,
853 2384 900 2414 in-

140 2432 188 2457 ter
204 2429 279 2457 deos
293 2428 513 2457 reserebantur.

185 2472 237 2501 27.
265 2471 383 2511 Collegae
404 2469 528 2510 snmus]
573 2469 683 2501 Cicero
699 2473 731 2499 et
744 2468 899 2500 Antonius

142 2523 273 2553 augures
286 2519 384 2542 erant.

185 2559 237 2587 28.
261 2555 326 2585 Sive
349 2555 423 2595 qubd
448 2555 584 2595 mortui]
640 2554 810 2585 Contendit
834 2563 897 2583 non

141 2609 209 2629 esse
237 2599 433 2629 referendum
462 2599 492 2627 in
527 2599 603 2628 deos
635 2597 800 2633 Caesarem‚
834 2601 899 2626 tuin

140 2641 216 2682 quia
230 2646 391 2683 tyrannus,
407 2647 470 2671 tum
488 2641 561 2681 quia
584 2639 701 2670 occisus
718 2639 787 2669 fuit.
831 2640 899 2670 Ho-

140 2684 241 2715 mines
257 2689 360 2715 autem
383 2683 534 2724 ejusmodi
557 2682 649 2724 plane
672 2682 791 2723 indigni
812 2688 900 2713 erant

138 2726 318 2758 honoribus.

186 2772 238 2800 29.
264 2770 367 2804 Quom-0
382 2768 538 2810 deinceps]
583 2768 634 2800 M.
648 2767 803 2799 Antonius
819 2768 898 2799 tule-

141 2816 189 2844 rat
203 2813 243 2844 ad
260 2813 425 2855 populum,
438 2818 470 2845 et
485 2812 619 2854 populus
632 2812 898 2853 comprobaverat,

941 1572 975 1599 ut
990 1567 1099 1609 quinto
1113 1565 1254 1597 ludorum
1270 1565 1322 1597 die
1341 1575 1428 1598 sacra
1440 1565 1558 1598 Caesari
1575 1564 1702 1597 fierent:

940 1612 1025 1652 quod
1043 1610 1180 1651 neglexit
1195 1610 1364 1647 Antonius,
1377 1615 1408 1642 et
1422 1610 1507 1651 quod
1531 1610 1564 1640 in
1585 1620 1623 1640 eo
1634 1610 1702 1651 jam

941 1655 1040 1695 carpit
1054 1654 1175 1684 Cicero.

983 1699 1036 1728 30.
1061 1696 1212 1726 Ludat-um
1229 1694 1330 1735 Rom]
1376 1694 1428 1725 Illi
1443 1694 1509 1725 ludi
1525 1695 1658 1737 primum
1681 1694 1701 1725 εἴ

937 1740 1106 1781 Tarquinio
1131 1739 1236 1769 Prisco
1262 1737 1413 1768 instituti:
1443 1738 1540 1777 hique
1564 1738 1700 1769 Romani

940 1794 994 1814 seu
1020 1782 1182 1813 Circenses
1212 1781 1289 1811 dicti
1319 1785 1402 1818 sunt,
1429 1781 1516 1822 quod
1546 1781 1579 1811 in
1607 1781 1700 1812 CIrco

940 1826 1081 1856 Maximo
1105 1825 1334 1864 exhiberentur,
1347 1824 1502 1865 inquibus
1525 1824 1647 1865 pugiles
1671 1830 1703 1854 et

941 1869 1060 1910 equites
1078 1869 1290 1898 decertabant.

986 1913 1038 1942 32.
1064 1911 1126 1941 Cur
1140 1921 1196 1940 non
1211 1919 1307 1940 sumus
1326 1911 1492 1949 proeteswti
1502 1910 1530 1950 2]
1576 1909 1624 1940 Ex
1647 1910 1701 1941 illo

943 1954 1012 1984 loco
1028 1955 1207 1988 edocemur,
1222 1963 1293 1983 cum
1310 1952 1459 1993 praetexta
1479 1952 1560 1982 ludis
1576 1952 1701 1983 affuisse

945 1997 1119 2034 Romanos,
1136 1996 1246 2036 quibus
1265 1995 1318 2035 jus
1335 1995 1430 2026 vestis
1452 1995 1536 2025 illius
1552 2001 1637 2026 erat:
1660 1997 1702 2027 de

943 2041 1001 2070 hac
1017 2040 1134 2069 dictum
1148 2043 1195 2068 est
1208 2038 1304 2078 saepe.

986 2084 1041 2114 33.
1063 2080 1317 2122 Supplicationes]
1362 2079 1519 2111 Antonius
1543 2080 1655 2111 tulerat
1669 2086 1704 2122 ut

943 2125 1188 2165 supplicationes
1214 2131 1333 2154 mortuo
1355 2123 1482 2160 Caesari‚
1512 2123 1601 2164 quasi
1626 2125 1700 2161 deo,

940 2168 1144 2200 deferrentur.
1363 2199 1370 2204 ,

984 2213 1037 2243 34.
1060 2211 1238 2241 Pulvinaria
1249 2210 1369 2240 noluisti
1378 2210 1404 2250 ?]
1467 2208 1578 2240 Noluit
1599 2209 1702 2241 Anto-

941 2254 1010 2284 nius
1033 2260 1066 2285 ut
1088 2254 1263 2295 pulvinaria
1280 2253 1410 2285 Caesaris
1434 2256 1543 2283 statuae
1565 2252 1699 2284 colloca-

941 2303 1055 2334 rentur,
1072 2308 1112 2328 ne
1129 2307 1190 2338 qua
1205 2296 1283 2327 forte
1306 2296 1416 2336 injuria
1437 2295 1609 2326 inferretur.
1652 2296 1700 2327 At

943 2340 1017 2371 inde
1033 2352 1104 2371 eum
1127 2340 1226 2381 arguit
1241 2339 1366 2377 Cicero,
1381 2339 1455 2380 quia
1470 2339 1516 2369 vel
1541 2349 1648 2368 omnes
1669 2340 1699 2370 ei

942 2385 1074 2414 honores
1089 2383 1186 2413 divini
1202 2382 1369 2413 exhibendi
1382 2387 1464 2418 sunt,
1479 2381 1529 2412 vel
1543 2381 1655 2411 nullus.

987 2428 1039 2458 36.
1063 2426 1210 2456 Pulvinar
1230 2425 1309 2466 essa]
1356 2424 1499 2461 Quatuor
1519 2424 1584 2454 haec
1601 2425 1699 2454 hono-

942 2479 1009 2500 rum
1040 2480 1154 2510 genera
1183 2469 1224 2505 ei,
1253 2470 1307 2509 qui
1337 2467 1370 2498 in
1395 2468 1471 2498 deos
1497 2466 1698 2503 referebatur,

942 2512 1164 2543 conferebant:
1200 2511 1395 2542 simulacrum
1439 2510 1503 2541 sive
1543 2514 1698 2548 statuam3

943 2554 1083 2596 pulvinar
1104 2555 1136 2586 in
1152 2565 1214 2595 quo
1235 2559 1436 2595 reponeretur
1458 2553 1498 2582 ad
1523 2552 1630 2593 populi
1645 2563 1698 2583 ve-

942 2598 1154 2635 nerationem3
1180 2597 1360 2637 sastigium3
1383 2596 1588 2626 sacerdotem.

985 2643 1038 2671 40.
1063 2640 1199 2680 Exspecto
1218 2638 1432 2680 eloquentiam]
1478 2637 1577 2668 Ridet
1600 2638 1699 2669 Anto-

942 2684 1039 2720 nium,
1049 2682 1135 2724 cujus
1148 2683 1233 2712 nulla
1244 2686 1309 2712 erat
1322 2680 1510 2722 eloquentia,
1523 2686 1555 2711 et
1567 2681 1698 2712 dicendi

942 2737 1025 2763 usus,
1041 2737 1131 2767 quein
1147 2725 1262 2756 ironice
1275 2725 1394 2755 confert
1407 2734 1477 2754 cum
1492 2734 1550 2754 avo
1565 2735 1632 2760 suo,
1647 2724 1698 2754 di-

942 2770 1105 2801 sertissimo
1121 2774 1252 2804 oratore,
1268 2778 1360 2808 quem
1384 2767 1499 2809 passim
1520 2767 1629 2799 laudat
1643 2767 1697 2799 Ci-

942 2823 1012 2846 cero
1028 2813 1060 2845 in
1075 2812 1176 2844 Libris
1189 2812 1230 2844 de
1245 2810 1388 2843 Oratore.
