1790 3090
46 170 108 206 xx
625 153 675 184 Μ.
699 150 852 184 TULLII
883 151 1129 185 CICERONIS

52 237 100 274 et
119 230 305 273 clamore
319 229 645 285 comprobatum
662 235 742 270 est.
803 228 1019 270 Postridie
1040 227 1085 268 in
1106 226 1225 269 curia
1246 226 1469 268 decretum
1485 225 1568 268 fuit
1583 240 1659 282 po-

54 287 148 345 puli
164 287 402 335 admonitu,
419 301 471 327 ne
484 285 579 341 quis
602 285 654 326 de
672 286 782 327 coelo
805 291 1005 336 servaret,
1025 299 1078 325 ne
1095 284 1191 340 quis
1210 299 1370 325 moram
1393 284 1521 324 ullam
1540 282 1662 324 affer-

58 351 148 396 ret3
182 344 218 385 si
239 343 335 399 quis
369 343 488 384 aliter
514 341 703 392 fecisset,
732 342 769 382 is
801 356 968 383 eversor
989 341 1176 396 Reipub.
1197 341 1440 382 haberetur.
1501 339 1663 393 Legem

60 400 344 456 magistratus
365 397 705 454 promulgarunt,
719 398 915 439 cuisolus
925 398 1090 453 Appius
1105 397 1284 448 Praetor,
1300 397 1472 452 duoque
1485 394 1665 436 Tribuni

63 457 218 513 plebis,
236 455 440 503 Quintius
461 462 504 495 et
532 454 632 495 Sex.
654 453 845 504 Attilius,
868 453 1079 494 adversati
1102 460 1216 503 sunt,
1252 453 1329 493 sed
1352 451 1507 493 frustra
1526 467 1534 492 :
1568 465 1668 491 nam

64 512 204 569 pridie
218 512 331 553 Non.
347 511 466 552 Sext.
483 510 579 551 cum
597 509 773 551 comitia
788 509 1027 551 centuriata
1041 509 1247 549 Lentulus
1266 509 1428 550 Consul
1440 509 1483 548 in
1498 505 1682 563 Campo¹

70 569 230 610 Martio
251 569 443 618 haberet,
475 567 752 608 dissuadente
776 566 947 616 Clodio,
968 566 1109 622 legem
1129 565 1241 605 hanc
1264 565 1401 606 suasit
1418 564 1667 620 PompeiuS,

71 626 138 667 cui
152 626 336 681 populus
357 624 581 664 universus
594 623 791 664 assensit.
824 622 979 663 Statim
993 629 1136 663 autem
1153 628 1282 676 atque
1296 621 1502 677 cognovit
1515 621 1667 661 Cicero

73 696 126 723 ex
146 681 279 722 literis
297 681 351 728 Q.
371 680 511 721 fratris
533 679 712 720 mirifico
730 679 917 720 omnium
935 678 1079 719 studio
1095 679 1147 719 de
1162 678 1300 719 reditu
1312 679 1447 733 legem
1462 677 1669 732 perlatam

72 751 184 788 esse,
223 736 492 794 Dyrrhachio
529 736 807 776 Brundisium
841 735 970 785 venit,
993 735 1065 776 ubi
1087 735 1140 775 ab
1162 733 1481 775 honestissimis
1502 732 1670 773 civibus

76 801 252 836 ornatus
274 800 353 834 est.
412 791 500 833 lter
516 791 659 847 Appia
678 792 747 833 via
760 792 944 832 Romam
960 790 1106 832 versus
1126 790 1247 832 fecit.
1304 790 1414 831 Toto
1436 795 1579 830 autem
1596 788 1670 828 illo

74 849 227 900 itinere
248 848 509 890 incredibilis
524 850 577 888 ad
600 863 697 889 eum
711 863 762 889 ex
777 848 976 889 omnibus
995 847 1161 903 oppidis
1177 854 1220 888 et
1236 846 1418 888 coloniis
1437 858 1673 887 concursus

76 907 218 948 factus
235 912 315 957 est,
331 912 379 946 ut
399 905 456 945 illi
479 904 662 945 reditum
677 905 1004 960 gratularentur.
1063 903 1308 945 Veniebaut
1327 902 1514 958 undique
1527 900 1674 957 legati,

76 969 121 1003 et
141 960 491 1018 patres-familias
513 975 610 1001 cum
638 961 895 1016 conjugibus
928 959 951 1001 ὲ
981 960 1181 1001 domibus
1198 977 1207 1001 ε
1236 959 1331 1000 tota
1362 958 1523 1015 passim
1545 955 1674 998 Italia

76 1019 177 1060 festi
192 1019 283 1059 dies
303 1017 642 1059 celebrabantur.
687 1016 839 1067 Porro,
857 1017 910 1057 ad
925 1016 1086 1057 Urbem
1100 1026 1147 1058 ut
1160 1016 1290 1067 venit,
1308 1016 1361 1056 ad
1379 1030 1476 1056 eum
1491 1015 1676 1055 Senatus

78 1075 301 1116 universus
323 1088 521 1129 egressus
545 1079 610 1113 est
626 1088 721 1114 curn
736 1073 910 1128 populo,
933 1079 981 1113 ut
995 1079 1340 1113 conservatorem
1355 1086 1480 1112 suurn
1497 1070 1676 1111 videret.

79 1130 189 1171 Cum
203 1131 255 1170 ad
274 1139 440 1185 portam
458 1129 679 1183 Capenam
696 1129 953 1177 advenisset,
969 1128 1057 1182 qua
1071 1128 1215 1183 Appia
1228 1128 1295 1167 via
1311 1128 1365 1167 ad
1381 1128 1530 1168 urbem
1543 1125 1678 1177 ducit,

78 1187 238 1242 gradus
252 1186 508 1240 templorum
526 1185 579 1224 ab
597 1184 747 1224 infima
761 1183 1033 1224 multitudine
1051 1182 1255 1238 completi
1277 1189 1391 1234 sunt,
1411 1182 1436 1223 a
1453 1182 1540 1238 qua
1561 1196 1677 1222 max-

79 1243 191 1283 imus
213 1242 389 1298 plausus
409 1241 536 1281 datus
558 1247 641 1290 est,
679 1248 723 1280 et
763 1254 928 1280 summa
961 1239 1161 1280 Ciceroni
1197 1240 1311 1280 facta
1332 1238 1561 1294 gratulatio
1578 1254 1586 1279 :
1618 1238 1680 1278 ita

78 1299 241 1356 populo
262 1312 360 1339 eum
380 1297 636 1346 deducente,
657 1296 711 1337 ad
741 1295 1005 1351 Capitolium
1024 1295 1230 1351 pervenit,
1262 1296 1376 1336 unde
1396 1295 1506 1336 inter
1541 1295 1679 1336 acclan

79 1355 291 1396 mationes
307 1353 457 1409 populi
478 1353 531 1393 ad
548 1353 720 1393 domum
742 1367 816 1407 per
837 1352 974 1392 forum
994 1352 1196 1393 reductus
1217 1359 1295 1393 est.

142 1410 356 1452 Postridie
375 1409 419 1449 in
441 1408 648 1449 Senatum
668 1408 798 1459 venit,
816 1407 888 1449 ubi
910 1416 953 1449 et
974 1408 1153 1449 Senatui
1172 1416 1215 1449 et
1236 1408 1396 1464 populo
1415 1406 1574 1463 gratias
1592 1406 1683 1463 egit

84 1467 137 1509 ea
151 1467 357 1518 oratione,
375 1481 469 1521 quae
483 1464 591 1506 Post
603 1464 810 1505 Reditum
823 1464 866 1504 in
884 1464 1060 1515 Senatu,
1074 1471 1117 1505 et
1129 1465 1277 1515 altera,
1293 1480 1388 1520 quae
1406 1464 1475 1504 Ad
1491 1463 1682 1512 Quirites

80 1524 342 1565 inscribitur.
402 1521 499 1562 Hoc
511 1521 658 1571 biduo,
674 1520 770 1561 cum
785 1535 951 1561 summa
964 1527 1079 1561 esset
1093 1535 1273 1561 annonae
1287 1520 1458 1571 caritas,
1474 1520 1682 1561 tumultus

84 1580 112 1621 ἒι
132 1580 257 1635 plebe
280 1577 522 1619 concitatus
539 1584 620 1628 est,
637 1592 734 1632 quae
755 1577 918 1618 caedem
941 1583 984 1617 et
1004 1577 1218 1617 flammam
1235 1576 1429 1628 Senatui,
1450 1576 1524 1632 qui
1543 1576 1586 1616 in
1601 1576 1685 1616 Ca-

79 1635 237 1692 pitolio
253 1635 505 1685 habebatur,
526 1633 724 1674 minitata
741 1640 821 1674 est.
871 1633 1079 1674 Cicerone
1094 1633 1316 1683 suadente,
1330 1633 1396 1674 lex
1412 1634 1685 1689 promulgata

84 1700 164 1744 est,
179 1698 227 1733 ut
244 1705 319 1747 per
338 1689 679 1746 quinquennium
699 1689 995 1745 Cn.Pompeio
1012 1691 1071 1730 rei
1081 1689 1368 1731 frumentariae
1383 1695 1576 1745 potestas
1590 1695 1683 1730 toto

83 1749 185 1790 orbe
199 1755 403 1789 terrarum
417 1747 728 1788 decerneretur.
787 1746 945 1786 Secuta
967 1752 1033 1787 est
1049 1745 1204 1787 deinde
1221 1761 1377 1801 magna
1394 1745 1614 1787 contentio
1631 1745 1685 1786 de

84 1804 308 1846 Ciceronis
325 1804 470 1853 domo,
491 1818 585 1858 quae
610 1802 635 1842 a
657 1802 812 1843 Clodio
830 1810 1081 1843 consecrata
1100 1802 1251 1844 fuerat.
1283 1802 1474 1857 Populus
1489 1802 1603 1843 enim
1616 1816 1687 1843 co-

82 1860 217 1903 mitiis
235 1859 486 1901 centuriatis
501 1873 595 1899 eam
610 1859 865 1914 eodemjure
880 1860 1189 1915 essejusserat,
1200 1873 1284 1915 quo
1296 1859 1463 1900 fuisset.
1484 1858 1686 1909 Senatus,

83 1925 134 1958 ut
166 1918 218 1958 de
256 1917 347 1972 ejus
374 1915 579 1971 religione
615 1915 671 1956 ad
703 1915 966 1955 Pontificum
998 1915 1241 1971 Collegium
1267 1915 1504 1966 referretur,
1537 1914 1686 1955 edixit.

85 1972 191 2029 Egit
199 1987 373 2014 causam
392 1987 512 2013 suam
527 1971 650 2012 tanta
663 1971 704 2011 vi
724 1971 896 2012 dicendi
909 1972 1074 2022 Cicero,
1089 1980 1137 2012 ut
1156 1986 1333 2012 vacuam
1348 1971 1464 2012 omni
1477 1970 1686 2027 religione

86 2030 262 2072 domum
272 2029 363 2085 ejus
373 2027 871 2083 Pontificesjudic'arint:
895 2028 1194 2083 easumptibus
1208 2027 1392 2084 publicis
1402 2027 1688 2069 restitutaest.

521 2155 691 2182 ANNUS
729 2155 876 2182 ussssls
911 2151 1146 2180 conTAE
1166 2139 1263 2179 697.

89 2225 206 2266 Coss.
229 2223 310 2265 Cn.
337 2221 534 2263 Cornelio
561 2223 747 2263 Lentulo
767 2222 1041 2269 Marcellino,
1075 2221 1124 2260 L.
1147 2221 1318 2260 Marcio
1338 2220 1555 2272 Philippo,
1588 2224 1690 2260 ante

291 2278 514 2320 Christum
534 2279 605 2318 55.
668 2277 886 2318 Ciceronis
905 2279 1290 2329 quinquagesimus
1304 2278 1488 2329 primus.

146 2359 276 2401 Initio
296 2358 424 2414 hujus
442 2356 541 2398 anni
564 2356 718 2397 Cicero
739 2354 855 2397 omni
878 2354 1019 2396 studio
1036 2354 1080 2395 in
1100 2354 1144 2395 id
1161 2354 1370 2404 incubuit,
1391 2360 1437 2395 ut
1454 2354 1565 2395 Pub.
1584 2353 1690 2395 Len-

89 2417 197 2468 tulo,
228 2415 301 2471 qui
323 2413 522 2455 Ciliciam
543 2427 618 2468 pro
641 2412 831 2453 Consule
854 2410 1091 2459 obtinebat,
1112 2410 1334 2452 Ptolemaei
1359 2411 1473 2467 regis
1493 2410 1689 2452 reductio

91 2474 404 2514 decerneretur.
465 2469 577 2510 Pub.
611 2468 786 2509 Sextius
809 2467 835 2509 a
856 2467 921 2508 M.
943 2466 1083 2508 Tullio
1106 2467 1382 2508 Albinovano
1401 2468 1496 2522 lege
1519 2466 1691 2507 Lutati&

91 2529 145 2571 de
166 2529 207 2570 vi
228 2528 473 2583 postulatus
494 2525 592 2576 suit,
613 2532 787 2581 propter
807 2524 984 2574 caedem,
1002 2538 1098 2579 quae
1120 2538 1231 2564 anno
1252 2522 1485 2579 superiore,
1519 2522 1616 2564 cum
1637 2523 1691 2563 de

91 2584 314 2626 Ciceronis
330 2583 467 2625 reditu
481 2590 692 2638 ageretur,
715 2581 757 2620 in
775 2581 866 2621 foro
888 2581 1003 2621 facta
1025 2587 1115 2630 est3
1133 2581 1209 2620 sed
1223 2580 1425 2621 defensus
1440 2579 1520 2620 fuit
1532 2586 1622 2620 tum
1637 2579 1690 2619 ab

96 2641 441 2692 Hortensio‚tum
456 2639 481 2679 a
495 2638 720 2688 Cicerone,
744 2639 867 2693 cujus
886 2636 1022 2678 oratio
1038 2636 1121 2677 Pro
1141 2635 1289 2677 Sextio
1307 2643 1463 2677 exstat.
1495 2635 1692 2692 Cumque

105 2693 290 2740 &Vatinius
305 2695 488 2738 maxime
504 2694 700 2737 Sextium
709 2692 1062 2751 oppuguavisset,
1070 2693 1253 2749 atquein
1266 2693 1388 2734 illum
1402 2692 1694 2734 testimonium

94 2754 288 2807 dixisset,
305 2753 458 2796 Cicero
477 2751 698 2795 Vatinium
713 2757 868 2795 testem
883 2749 1094 2808 perpetua
1107 2749 1445 2807 interrogatione
1460 2748 1698 2793 accusavit.
