1838 3017
713 166 772 196 ως
795 165 875 196 sm
884 165 1066 198 ECi‘UrE.
1574 164 1659 207 479

109 249 208 284 tuus
239 242 377 284 avitus
409 240 637 282 Masinissa
672 256 765 297 quoe
787 242 918 283 saciat
938 242 1082 293 hodie,
1104 240 1339 311 nonaginta
1359 253 1492 281 annos
1514 248 1666 291 natus3

110 299 208 340 cum
227 299 442 355 ingressus
461 298 540 338 iter
557 299 738 353 pedibus
756 298 826 346 sit,
848 298 890 338 in
909 313 1064 353 equum
1086 296 1259 339 omnino
1277 313 1361 339 non
1377 297 1637 338 adscendere
1655 314 1665 347 ;

111 357 207 396 cum
237 371 363 411 equo,
395 369 444 395 ex
478 369 588 409 equo
612 370 695 395 nou
719 355 1004 405 descendere;
1038 355 1152 395 nullo
1174 355 1321 404 imbre,
1354 354 1468 394 nullo
1498 353 1667 409 frigore,

111 411 283 461 adduci,
307 419 352 451 ut
373 411 510 466 capite
534 419 681 466 operto
705 411 784 452 sit:
817 426 1025 452 sumniam
1047 411 1087 450 in
1103 426 1152 452 eo
1175 426 1268 452 esse
1291 410 1479 464 corporis
1499 409 1668 450 siccita-

112 475 218 518 te1n3
249 467 393 529 itaque
416 467 593 522 exsequi
617 467 759 508 onmia
780 468 892 523 regis
913 468 1052 508 officia
1073 476 1115 507 et
1138 482 1324 507 munera.
1371 466 1524 506 Potest
1540 465 1671 520 igitur

113 523 364 565 exercitatio
383 531 426 564 et
446 524 725 579 temperantia
741 524 868 565 etiam
889 524 1100 565 senectuti
1117 538 1365 564 conservare
1382 522 1545 577 aliquid
1567 520 1672 577 pris-

116 579 194 620 tini
217 579 396 621 roboris.

169 635 251 676 Xl.
284 635 383 676 Non
406 644 505 677 sunt
527 636 570 676 in
589 643 811 678 senectute
834 638 943 678 vires
958 639 973 677 ’ἒ
1006 637 1072 677 Ne
1088 636 1359 692 postulantur
1375 634 1549 690 quidem
1566 633 1675 674 vires

114 692 139 733 ῑι
153 699 388 733 senectute.
422 692 552 748 Ergb,
569 701 612 734 et
626 694 792 749 legibus
806 701 849 734 et
865 693 1089 742 institutis,
1108 699 1232 732 vacat
1247 698 1350 731 aetas
1368 697 1514 730 nostra
1530 703 1677 729 mune-

113 749 229 789 ribus
251 748 302 789 iis
324 764 419 804 qum
437 764 520 789 non
543 756 723 804 possunt
736 749 828 789 sine
846 749 1007 789 viribus
1025 748 1243 789 sustineri:
1268 746 1411 800 itaque
1429 760 1515 786 non
1533 745 1676 794 modo,

116 805 232 860 quod
254 819 338 845 non
359 820 601 860 possumus,
626 805 700 845 sed
723 819 775 845 ne
793 811 999 859 quantum
1017 818 1245 860 possumus
1262 803 1452 857 quidem,
1470 801 1678 856 cogimur.

112 861 174 901 At
195 861 254 901 ita
274 861 398 901 multi
422 867 522 900 sunt
555 860 757 901 imbecilli
793 875 933 911 senes,
965 867 1012 901 ut
1043 861 1205 900 nullum
1237 858 1367 900 officii
1398 865 1472 899 aut
1503 855 1675 898 omnino

117 916 214 957 vitae
234 930 386 957 munus
408 917 583 971 exsequi
606 917 786 972 possint.
846 918 906 957 At
927 917 969 956 id
993 916 1165 972 quidem
1184 930 1269 956 non
1291 915 1507 970 proprium
1529 927 1680 954 senec-

115 973 220 1014 tutis
241 980 307 1013 est
329 972 494 1022 vitium,
513 973 587 1013 sed
611 987 836 1014 commune
858 973 1132 1013 valetudinis.
1177 971 1319 1019 Quam
1337 971 1418 1011 fuit
1438 969 1679 1010 imbecillus

123 1029 174 1070 P.
196 1028 385 1070 Africani
414 1030 542 1076 filius,
574 1029 608 1069 is
638 1029 710 1085 qui
738 1037 779 1070 te
803 1029 1046 1083 adoptavit!
1080 1028 1210 1084 quam
1228 1027 1348 1068 tenui
1372 1034 1446 1068 aut
1465 1025 1584 1066 nulla
1606 1040 1682 1080 po·

121 1086 207 1126 tius
229 1085 496 1126 valetudine!
528 1086 644 1140 quod
668 1085 709 1124 ni
734 1086 792 1125 ita
813 1085 978 1135 fuisset,
995 1086 1175 1125 alterum
1196 1085 1266 1124 ille
1284 1083 1523 1124 exstitisset
1537 1082 1680 1122 lumen

120 1142 323 1182 civitatis:
348 1142 402 1182 ad
426 1149 646 1196 paternam
663 1141 775 1181 enim
792 1141 1131 1196 magnitudinem
1148 1140 1278 1180 animi
1296 1139 1492 1180 doctrina
1514 1137 1682 1178 uberior

121 1205 377 1239 accesserat.
437 1197 552 1244 Quid
585 1198 737 1238 mirum
772 1197 902 1251 igitur
934 1197 975 1237 in
1009 1197 1197 1243 senibus,
1228 1196 1264 1236 si
1294 1195 1448 1235 infirmi
1482 1200 1580 1234 sunt
1607 1193 1682 1234 ali-

124 1255 312 1310 quando,
340 1253 436 1294 cum
464 1268 517 1294 ne
545 1254 588 1294 id
617 1250 1108 1309 quidem*adolescentes
1131 1253 1316 1306 effugere
1339 1250 1538 1306 possint?
1597 1249 1685 1290 Re-

123 1310 376 1360 sistendum,
407 1308 507 1348 Laeli
536 1317 578 1349 et
604 1309 765 1364 Scipio,
788 1309 998 1350 senectuti
1021 1316 1109 1360 est;
1143 1310 1319 1364 ejusque
1337 1308 1441 1348 vitia
1461 1305 1685 1362 diligentia

121 1365 442 1422 compensanda
474 1372 585 1405 sunt.
648 1365 950 1421 Pugnandum,
972 1372 1188 1420 tamquam
1211 1373 1361 1405 contra
1382 1364 1588 1412 morbum,
1621 1362 1686 1403 sic

127 1429 277 1463 contra
306 1429 601 1472 senectutem3
643 1422 841 1462 habenda
870 1422 977 1462 ratio
1009 1421 1293 1470 valetudinis,
1331 1420 1537 1461 utendum
1568 1433 1688 1459 exer-

125 1478 403 1519 citationibus
421 1478 628 1528 modicis;
660 1485 828 1518 tantum
849 1478 934 1519 cibi
957 1485 999 1518 et
1018 1478 1209 1533 potionis
1230 1476 1537 1526 adhibendum,
1560 1481 1606 1515 ut
1626 1489 1689 1515 re-

126 1534 325 1575 ficiantur
340 1533 464 1584 vires,
484 1548 570 1574 non
599 1534 903 1589 opprimantur.
964 1534 1058 1575 Nec
1074 1533 1173 1575 verb
1204 1533 1369 1588 corpori
1391 1532 1470 1573 soli
1490 1530 1688 1573 subveni-

131 1591 289 1632 endum
312 1597 391 1637 est,
414 1589 487 1630 sed
512 1591 642 1631 menti
665 1597 794 1646 atque
827 1590 969 1631 animo
998 1591 1131 1631 multo
1163 1588 1321 1645 magis:
1355 1603 1454 1629 nam
1473 1588 1566 1628 haec
1586 1601 1691 1642 quo-

131 1661 232 1703 que,
244 1646 324 1687 nisi
340 1653 559 1701 tamquam
572 1646 718 1687 lumini
733 1647 874 1687 oleum
892 1645 1086 1696 instilles,
1101 1646 1431 1701 exstinguuntur
1445 1649 1688 1693 senectute;

130 1710 174 1744 et
204 1716 386 1758 corpora
415 1702 589 1758 quidem
616 1702 926 1758 defatigatione
958 1710 1000 1743 et
1031 1702 1335 1743 exercitatione
1366 1701 1673 1755 ingravescunt

132 1758 264 1799 animi
279 1765 422 1800 autem
439 1759 712 1799 exercitando
728 1759 932 1800 levantur.
968 1758 1094 1809 Nam,
1111 1773 1221 1814 quos
1235 1756 1504 1798 aitCaecilius
1520 1758 1692 1797 comicos

131 1817 285 1856 stultos
309 1830 445 1865 senes,
467 1814 545 1855 hos
567 1815 784 1871 significat
805 1815 1017 1865 credulos,
1041 1814 1289 1864 obliviosos,
1311 1813 1567 1862 dissolutos,
1598 1826 1694 1867 quae

133 1871 237 1912 vitia
257 1878 372 1922 sunt,
389 1885 476 1912 non
494 1871 743 1922 senectutis,
763 1872 838 1912 sed
857 1871 1017 1921 inertis,
1037 1871 1216 1926 ignavae,
1233 1869 1532 1911 somniculosae
1549 1883 1696 1909 senec-

133 1927 253 1969 tutis.
312 1927 372 1968 Ut
399 1927 654 1983 petulantia,
685 1934 732 1968 ut
762 1928 910 1977 libido,
934 1925 1068 1983 magis
1091 1934 1157 1968 est
1183 1926 1534 1977 adolescentium,
1566 1923 1697 1980 quam

135 1997 315 2025 senum:
345 1998 426 2024 nec
461 1989 603 2024 tamen
635 1983 826 2024 omnium
857 1984 1210 2033 adolescentium,
1230 1983 1306 2024 sed
1328 1996 1414 2023 non
1442 1982 1698 2037 proborum3

139 2039 204 2080 sic
225 2039 308 2080 ista
327 2039 474 2080 senilis
496 2039 691 2090 stultitia,
722 2054 817 2094 quae
848 2039 1039 2080 deliratio
1070 2039 1276 2094 appellari
1305 2039 1429 2087 solet,
1462 2051 1612 2078 senum
1640 2037 1698 2077 le-

137 2095 255 2136 vium
283 2103 363 2146 est,
383 2109 466 2135 non
491 2095 694 2136 omnium.
755 2095 949 2142 Quatuor
969 2096 1167 2136 robustos
1199 2095 1322 2144 filios,
1349 2094 1539 2149 quinque
1571 2092 1698 2143 filias,

139 2159 303 2193 tantam
325 2151 513 2201 domum,
538 2158 680 2192 tantas
701 2151 938 2201 clientelas,
958 2150 1125 2206 Appius
1147 2151 1336 2206 regebat,
1354 2158 1396 2191 et
1412 2164 1545 2191 senex
1560 2156 1603 2190 et
1619 2163 1700 2190 cae-

141 2223 238 2249 cus:
269 2208 480 2248 intentum
500 2207 612 2248 enim
633 2207 836 2258 animum,
858 2215 1076 2262 tamquam
1096 2222 1255 2258 arcum,
1276 2207 1482 2256 habebat3
1513 2220 1594 2246 nec
1613 2205 1701 2246 lan-

143 2279 354 2320 guescens
375 2264 685 2306 succumbebat
705 2264 931 2305 senectuti.
991 2263 1184 2304 Tenebat
1212 2278 1298 2304 non
1320 2262 1450 2304 modb
1472 2261 1702 2303 auctorita-

142 2331 245 2371 tem,
271 2321 348 2361 sed
369 2320 498 2361 etiam
520 2320 760 2375 imperium,
789 2320 831 2360 in
853 2335 975 2361 suos:
1008 2321 1256 2361 metuebant
1286 2319 1421 2370 servi3
1452 2318 1704 2360 verebantur

144 2376 288 2427 liberi,
320 2391 465 2418 carum
486 2391 633 2418 omnes
656 2377 888 2418 habebant:
920 2376 1094 2431 vigebat
1113 2375 1157 2416 in
1180 2376 1254 2417 illa
1274 2376 1402 2416 domo
1428 2375 1589 2431 patrius
1609 2388 1703 2415 mos

144 2439 188 2474 et
207 2432 449 2488 disciplina.
511 2433 577 2473 Ita
597 2433 711 2474 enim
731 2439 928 2474 senectus
950 2433 1131 2474 honesta
1153 2439 1232 2483 est,
1256 2433 1290 2473 si
1311 2447 1357 2474 se
1378 2432 1474 2488 ipsa
1493 2430 1703 2480 defendit,

145 2490 181 2531 si
205 2490 278 2545 jus
311 2504 433 2530 sunni
466 2490 631 2540 retinet,
665 2491 699 2530 si
731 2489 889 2530 nemini
921 2489 1192 2543 emancipata
1221 2496 1300 2540 est,
1332 2489 1366 2528 si
1388 2503 1524 2544 usque
1549 2487 1603 2527 ad
1633 2499 1706 2527 ex-

143 2553 326 2587 tremum
347 2546 544 2600 spiritum
565 2546 840 2601 vin‹.licetjus
864 2560 1000 2586 snum.
1062 2545 1122 2585 Ut
1151 2545 1264 2586 enim
1296 2545 1629 2592 adolescentem,
1661 2541 1706 2582 in

147 2616 234 2656 quo
265 2602 398 2644 senile
430 2602 608 2658 aliquid,
640 2602 702 2642 sic
734 2616 893 2653 senem,
926 2602 969 2641 in
999 2615 1084 2657 quo
1115 2609 1181 2642 est
1211 2601 1494 2642 adolescentis
1525 2597 1704 2653 aliquid,

146 2657 304 2713 probo;
325 2660 441 2714 quod
464 2659 537 2714 qui
559 2659 766 2714 sequitur,
785 2672 962 2713 corpore
981 2672 1111 2699 senex
1128 2673 1222 2700 esse
1239 2657 1416 2714 poterit3
1439 2654 1580 2695 animo
1601 2668 1706 2695 nun-

149 2727 278 2768 quam
307 2715 397 2756 erit.
458 2715 676 2771 Septimus
705 2714 810 2754 mihi
835 2717 1064 2765 Originum
1085 2714 1191 2756 liber
1212 2721 1278 2755 est
1304 2713 1346 2753 in
1367 2711 1588 2752 manibus:
1620 2725 1708 2751 om-

153 2769 226 2811 nia
253 2769 520 2828 antiquitatis
552 2771 813 2816 monimenta
843 2770 1031 2826 collig03
1061 2784 1283 2815 causarum
1313 2768 1556 2820 illustrium,
1586 2780 1712 2824 quas-
