1790 3090
111 141 196 184 204

93 1291 149 1332 45
167 1283 345 1326 stitutus
366 1283 389 1326 ὲ
410 1299 632 1328 marmore.

724 143 816 176 PRo
840 143 1030 185 ARCHIA,
1052 143 1212 177 POETA.

183 225 348 262 vocem,
363 212 645 254 libentissime
662 215 848 257 audiret:
881 215 1002 273 Ejus,
1021 217 1046 257 a
1064 231 1149 272 quo
1167 230 1243 258 sua
1258 214 1392 257 virtus
1409 215 1572 271 optime
1586 216 1740 272 p'raedi·

184 275 366 311 caretur.

444 269 597 325 Itaque
638 270 708 312 ille
741 271 905 314 Marius
943 274 1045 314 item
1077 272 1233 314 eximie
1266 273 1312 313 L.
1344 272 1535 313 Plotium
1566 272 1738 322 dilexit3

182 326 306 380 cujus
327 326 499 382 ingenio
523 327 699 382 putabat
721 343 785 378 ea,
808 345 904 385 quae
927 337 1130 386 gesserat,
1152 344 1280 385 posse
1301 329 1521 370 celebrari.
1572 329 1739 370 Mithri-

181 381 371 423 daticum
402 381 500 423 vero
531 383 690 424 bellum
720 399 925 441 magnum
970 394 1097 442 atque
1139 386 1327 436 difficile,
1360 393 1403 427 et
1431 385 1475 425 in
1502 383 1640 426 multa
1669 401 1740 426 va-

107 442 163 483 30
180 437 330 478 rietate
360 438 474 478 terra
513 439 704 495 marique
735 449 963 493 versatum,
995 450 1134 483 totum
1165 442 1219 482 ab
1249 442 1335 483 hoc
1365 457 1613 498 expressum
1644 448 1738 483 est:

179 493 253 549 qui
273 493 370 534 libri
400 509 485 535 non
515 497 644 537 mode)
675 497 722 537 L.
744 497 984 549 Lucullum,
1006 497 1284 539 fortissimum
1306 505 1351 539 et
1374 498 1661 540 clarissimum
1683 497 1740 538 vi-

177 563 284 602 rum,
300 550 444 591 verum
459 551 585 593 etiam
603 553 751 608 populi
769 553 952 595 Romani
974 569 1145 605 nomen,
1159 554 1384 596 illustrant.
1416 554 1610 611 Populus
1627 554 1739 595 enirn

178 605 304 648 Rom.
335 608 516 663 aperuit,
554 609 730 650 Lucullo
766 610 1015 666 imperante,
1050 611 1252 662 Pontum,
1280 619 1324 652 et
1355 611 1483 667 regiis
1519 611 1737 666 quondam

177 663 330 718 opibus
352 671 395 704 et
409 664 669 720 ipsanatura
684 666 872 721 regionis
888 668 1090 708 vallatum
1106 684 1114 708 :
1146 668 1293 723 populi
1309 667 1494 708 ¹Romani
1511 667 1736 718 exercitus,

102 725 158 766 35
177 720 326 761 eodem
348 721 470 772 duce,
491 736 576 762 non
609 723 794 764 maxima
824 739 964 774 manu,
987 724 1319 765 innumerabiles
1345 724 1643 765 Armeniorum
1663 738 1737 764 co-

175 775 268 831 pias
289 777 424 818 fudit:
456 779 604 834 populi
630 779 756 820 Rom.
778 781 871 821 laus
894 788 973 831 est,
996 781 1143 822 urbem
1173 780 1478 822 amicissimam
1501 779 1737 836 Cyziceno-

174 847 281 884 rum,
315 834 508 888 ejusdem
546 835 744 887 consilio,
778 851 829 878 ex
864 838 978 878 omni
1011 837 1175 894 impetu
1207 838 1340 893 regio,
1377 852 1428 878 ac
1463 837 1595 878 totius
1633 836 1735 877 belli

175 903 246 929 ore
278 904 329 930 ac
360 890 573 941 faucibus,
596 899 785 947 ereptam
821 908 914 935 esse
942 901 1070 950 atque
1103 902 1424 935 conservatam:
1456 901 1602 935 nostra
1623 907 1734 933 sem-

173 959 248 999 per
268 945 425 986 feretur
447 953 491 987 et
510 947 827 1002 praedicabitur,
851 950 897 990 L.
919 950 1098 991 Lucullo
1135 950 1383 1001 dimicante,
1405 965 1503 991 cum
1538 949 1734 990 interfec-

97 1007 153 1047 40
173 1001 227 1041 tis
260 1001 443 1042 ducibus
476 1003 678 1058 depressa
712 1004 899 1045 hostium
920 1007 1086 1056 classis,
1110 1013 1153 1046 et
1171 1006 1436 1047 incredibilis
1457 1007 1572 1062 apud
1599 1006 1735 1047 Tene-

173 1057 274 1097 dum
295 1073 439 1120 pugna
463 1059 537 1099 illa
557 1060 742 1101 navalis:
774 1069 921 1102 nostra
956 1070 1057 1102 sunt
1084 1068 1259 1117 tropaea,
1280 1069 1428 1103 nostra
1457 1062 1733 1113 monimenta,

169 1121 304 1154 nostrl
326 1115 554 1170 triumphi3
586 1116 699 1170 quia,
724 1131 905 1172 quorum
939 1117 1124 1174 ingeniis
1146 1119 1240 1159 haec
1271 1118 1477 1169 seruntur,
1506 1118 1560 1159 ab
1581 1117 1634 1158 iis
1655 1133 1734 1174 po-

169 1171 256 1266 Eun
278 1170 404 1212 Rom.
424 1172 538 1212 fama
557 1173 812 1214 celebratur.

873 1174 1008 1217 Carus
1029 1174 1110 1215 fuit
1130 1174 1337 1216 Africano
1360 1173 1567 1230 superiori
1590 1183 1734 1216 noster

210 1226 358 1269 nnius:
391 1227 535 1284 itaque
558 1228 689 1270 etiam
709 1229 754 1271 in
774 1231 970 1286 sepulcro
990 1230 1243 1287 Scipionum
1263 1237 1437 1287 putatur
1456 1231 1492 1271 is
1515 1245 1609 1272 esse
1630 1245 1730 1282 con-

210 1494 263 1523 27.
291 1491 447 1533 Plotium]
492 1492 612 1523 Plotius
639 1492 658 1522 a
681 1492 830 1524 Suetonio
845 1493 926 1524 inter

165 1534 264 1566 claros
283 1537 419 1566 rhetores
433 1540 624 1568 numeratur.
666 1534 757 1566 Alius
769 1542 816 1566 est
831 1537 924 1566 etiam

165 1577 296 1614 Plotius,
315 1578 408 1618 poeta
425 1583 456 1608 et
477 1578 680 1618 philosophus
691 1589 755 1608 non
770 1579 927 1619 ignobilis.

207 1623 260 1651 28.
285 1621 525 1651 Mithridaticum
540 1621 670 1662 bellum]
717 1621 768 1652 De
783 1623 842 1652 hoc
860 1622 925 1652 bel·

163 1663 194 1693 lo
216 1664 283 1695 fuse
309 1665 342 1695 in
367 1664 456 1696 Orat.
471 1674 526 1705 pro
556 1664 641 1704 Lege
665 1664 781 1697 Manil.
805 1666 924 1696 dictum

165 1711 224 1737 est.

207 1751 261 1782 30.
300 1749 468 1788 Ezpressum
480 1750 546 1790 est.]
588 1749 640 1779 Ab
664 1749 724 1780 hoc
748 1751 843 1789 poeta
858 1761 924 1782 car·

165 1792 248 1823 mine
264 1793 455 1832 descriptum
469 1792 529 1822 fuit
542 1792 618 1822 illud
636 1792 761 1823 bellum.

206 1838 261 1867 33.
285 1835 412 1866 Iaicullo
429 1836 610 1875 imperaram]
657 1835 708 1865 De
725 1836 810 1866 eoin
834 1837 921 1867 Orat.

163 1888 221 1918 pro
246 1879 331 1919 Lege
356 1878 470 1908 Manil.
486 1883 518 1908 et
537 1879 577 1909 de
598 1878 712 1915 Ponto,
729 1878 921 1910 Mithridatis

163 1931 271 1962 regno,
288 1921 405 1952 dictum
419 1925 477 1952 est.

206 1966 260 1997 35.
285 1964 353 1994 Non
374 1963 502 1993 maxima
522 1963 639 2004 mama]
686 1962 791 1999 Quum
813 1963 922 2003 Tigra-

164 2017 232 2044 nes,
252 2008 384 2037 maximo
399 2007 564 2036 instructus
579 2006 728 2042 exercitu,
742 2007 919 2036 venientem

163 2061 233 2080 curn
253 2050 344 2090 longe
368 2049 504 2079 inferiori
519 2049 683 2079 Lucullum
699 2049 839 2085 vidisset,
854 2050 921 2078 dix-

162 2094 223 2123 isse
241 2093 347 2129 sertur,
363 2092 388 2122 si
414 2091 509 2132 legati
531 2093 683 2127 venirent,
697 2092 770 2122 satis
794 2092 920 2133 quidem

164 2136 288 2174 inultos,
298 2136 324 2167 si
337 2134 407 2165 vero
424 2135 601 2176 pugnaturi,
617 2146 734 2176 paucos
749 2134 920 2165 admodum

162 2189 241 2211 esse.

206 2222 256 2252 Ib.
289 2221 517 2261 Armeniorum]
560 2220 776 2251 Armeniorum
791 2225 922 2251 rexerat

163 2265 328 2305 Tigranes;
361 2266 400 2295 de
425 2265 586 2304 copiarum
611 2263 678 2304 ejus
708 2264 919 2295 internecione

164 2308 281 2339 dictum
297 2314 344 2338 est
359 2307 391 2337 in
407 2307 494 2337 Orat.
511 2317 576 2347 pro.
594 2307 679 2347 Lege
696 2307 810 2337 Manil.

207 2353 261 2383 36.
288 2350 389 2381 Urbem
404 2349 632 2390 Cyzicenorum]
664 2350 748 2380 Vide
761 2349 849 2381 Orat.
863 2361 918 2390 pro

164 2393 250 2434 Lege
266 2393 378 2424 Manil.
395 2403 501 2433 parag.
515 2392 577 2422 viii.
592 2401 657 2422 not.
672 2393 711 2422 ad
728 2393 749 2423 l.
766 2396 818 2423 10.

206 2439 260 2467 37.
284 2436 360 2466 Belli
373 2446 419 2466 ore
432 2447 466 2465 ac
481 2435 652 2477 jizucibus]
703 2435 838 2475 Elegans
855 2447 919 2466 me-

162 2481 295 2520 taphora
315 2479 334 2509 a
350 2479 422 2510 feris
437 2477 642 2509 animantibus
668 2478 774 2514 ducta,
790 2488 918 2518 quarum

162 2522 196 2552 in
226 2523 332 2553 fauces
367 2522 505 2552 incidere
537 2521 663 2551 extremi
695 2525 742 2551 est
776 2521 917 2560 periculi.
948 2545 950 2547 .

164 2564 257 2595 Hanc
271 2571 373 2595 autem
386 2564 543 2594 civitatem
559 2562 629 2594 οὔτι]
644 2563 701 2593 sibi
717 2563 918 2594 Mithridates

163 2608 249 2638 Asiae
257 2607 386 2648 januam
400 2607 466 2637 fore
482 2611 616 2648 putaret,
632 2605 694 2647 qua
708 2606 835 2636 effracta
852 2613 918 2637 tota

163 2650 320 2691 provincia
344 2655 475 2691 pateret,
490 2648 528 2680 eo
543 2660 666 2680 omnem
682 2649 756 2680 belli
768 2649 917 2690 impetum

162 2698 366 2725 converterat.

205 2738 260 2766 40.
300 2736 386 2776 Apud
409 2733 582 2775 Tenedum]
633 2735 719 2767 Vide
742 2733 833 2769 Orat.
861 2745 919 2777 pro

163 2777 312 2816 Murena,
322 2788 431 2820 parag.
440 2775 504 2809 viii.
517 2778 538 2810 l.
553 2781 608 2810 44.

692 1286 754 1328 At
784 1286 836 1328 iis
868 1287 1067 1330 laudibus
1099 1286 1215 1329 certe
1243 1302 1330 1329 non
1364 1286 1504 1330 solum
1536 1287 1635 1344 ipsi,
1655 1288 1730 1344 qui

1012 1496 1065 1524 42.
1100 1493 1232 1528 Quorum
1245 1493 1399 1534 ingeniis]
1459 1493 1544 1524 Hinc
1573 1493 1731 1524 concludit

970 1543 1086 1577 quanto
1102 1537 1134 1566 in
1150 1537 1266 1566 honore
1290 1537 1452 1566 habendus
1476 1536 1517 1566 sit
1541 1535 1682 1572 Archias,
1698 1542 1730 1566 et

969 1580 1073 1610 caeteri
1098 1579 1156 1609 viri
1183 1579 1337 1620 ingeniosi
1352 1584 1384 1610 et
1398 1578 1524 1617 eruditi,
1539 1579 1593 1619 qui
1610 1579 1728 1609 Roma-

969 1633 1078 1652 norum
1094 1623 1208 1652 ducum
1223 1632 1271 1652 res
1289 1628 1404 1663 gestas,
1420 1627 1453 1652 et
1464 1621 1574 1663 populi
1589 1621 1728 1652 Romani

967 1665 1107 1706 gloriam,
1118 1665 1288 1695 celebrant.

1011 1710 1064 1739 43.
1111 1707 1213 1738 Noster
1235 1707 1378 1747 Ennius]
1423 1707 1553 1743 Ennius,
1581 1706 1726 1747 antiquus

967 1752 1075 1791 po‘e'ta,
1091 1750 1206 1781 Rudiis
1225 1750 1378 1782 Calabriae
1405 1752 1525 1791 oppido
1538 1756 1643 1788 natus,
1659 1759 1726 1779 car-

967 1794 1051 1824 mine
1076 1793 1244 1823 Annalium
1281 1793 1387 1831 libros,
1414 1799 1509 1834 atque
1537 1792 1599 1823 alia
1628 1791 1725 1822 multa

966 1837 1109 1876 scripsit3
1134 1846 1204 1876 quae
1227 1836 1342 1871 omnia,
1357 1841 1468 1876 praeter
1489 1835 1594 1876 aliqua
1619 1845 1724 1865 eorum

964 1880 1151 1920 fragmenta,
1176 1883 1351 1919 temporum
1375 1883 1528 1909 vetustate
1555 1877 1724 1918 perierunt.

966 1922 1018 1953 De
1034 1932 1071 1953 eo
1087 1922 1130 1952 sic
1146 1922 1262 1952 cecinit
1275 1920 1436 1957 Horatius,
1450 1921 1504 1954 lib.
1519 1924 1549 1952 2.
1566 1921 1667 1962 Epist.

1008 2006 1127 2038 Ennius
1140 2008 1198 2046 ipse
1216 2012 1303 2046 pater
1317 2016 1479 2047 nunquam,
1493 2007 1553 2037 nisi
1572 2011 1670 2046 potus,
1685 2006 1724 2036 ad

1093 2061 1176 2080 arma

1007 2093 1149 2124 Prosiluit
1163 2093 1297 2124 dicenda.

966 2178 998 2209 Is
1021 2184 1125 2210 autem
1137 2189 1225 2210 carus
1238 2179 1297 2209 fuit
1322 2177 1471 2219 imprimis
1485 2177 1624 2219 Scipioni
1639 2175 1723 2207 Afri-

964 2232 1064 2259 can03
1088 2233 1173 2259 nam,
1188 2228 1223 2252 ut
1237 2221 1381 2253 Valerius
1396 2221 1484 2251 Max.
1500 2221 1553 2251 lib.
1567 2221 1633 2251 viii.
1647 2227 1718 2260 cap.

964 2269 994 2295 1.
1026 2266 1079 2304 ait,
1108 2266 1249 2305 Superior
1276 2263 1445 2306 Africanus,
1475 2264 1530 2305 qui
1568 2265 1607 2294 ab
1635 2262 1722 2293 Afri-

964 2308 1001 2338 cii
1023 2308 1146 2338 devicta
1172 2308 1274 2338 dictus
1302 2312 1360 2344 est,
1376 2307 1468 2337 Ennii
1492 2307 1578 2347 po'e'ta
1599 2304 1722 2347 effigiem

962 2352 995 2381 in
1018 2352 1196 2382 monimentis
1225 2350 1362 2381 Corneliae
1387 2351 1482 2391 gentis
1513 2350 1646 2379 collocari
1672 2359 1720 2378 vo-

962 2395 1030 2429 luit,
1054 2394 1130 2434 quod
1155 2395 1273 2434 ingenio
1293 2395 1354 2433 ans
1382 2403 1466 2433 opera
1493 2402 1547 2422 sua
1570 2392 1722 2422 illustrata

953 2438 1115 2476 judicaret.
1174 2436 1257 2467 Huic
1288 2436 1442 2468 consentit
1475 2434 1620 2471 Ovidius,
1648 2433 1720 2465 cum

962 2480 1056 2515 cauit,

1004 2563 1121 2594 Ennius
1134 2565 1268 2600 emeruit,
1285 2564 1417 2594 Calabris
1427 2564 1461 2593 in
1473 2563 1618 2594 montibus
1629 2568 1721 2601 ortus,

1049 2607 1214 2649 Contiguus
1223 2608 1304 2646 poni,
1318 2607 1412 2646 Scipio
1424 2616 1540 2647 magne,
1554 2606 1619 2638 tibi.

1003 2694 1056 2723 44.
1094 2689 1133 2722 In
1157 2691 1314 2732 sepulcra]
1373 2691 1558 2732 Sepulcrum
1581 2690 1722 2722 Africani

959 2741 1097 2766 erectum
1109 2735 1222 2765 eratin
1233 2735 1285 2767 via
1295 2734 1418 2777 Appia,
1432 2735 1516 2767 iutra
1530 2732 1665 2777 primum
1677 2733 1718 2763 ab

962 2776 1049 2810 Urbe
1062 2776 1215 2820 lapidem.
