1790 3090
72 135 157 177 376
772 131 865 164 PRo
890 130 1096 165 menno.

72 206 130 248 25
147 211 381 269 postulatio
401 211 636 254 Tuberonis
663 209 771 261 haec,
802 216 852 252 ut
885 210 1050 267 opinor,
1080 208 1177 260 fuit,
1206 208 1316 251 velle
1349 222 1394 249 se
1430 207 1484 249 de
1509 206 1564 256 Q.
1588 207 1712 264 Liga-

146 269 197 312 rii
219 271 378 312 scelere
400 269 557 311 dicere.
616 267 716 309 Non
747 267 914 319 dubito,
945 266 1049 323 quin
1075 265 1307 308 admiratus
1329 265 1404 317 sis,
1438 265 1501 306 vel
1522 264 1637 320 quod
1657 265 1711 306 de

145 324 264 376 nullo
286 327 370 367 alio
392 325 634 381 quisquam,
665 325 733 365 vel
784 324 868 365 uod
892 323 926 364 is
948 323 1020 379 qui
1041 322 1085 363 in
1107 322 1261 364 eadem
1291 321 1423 364 causa
1442 320 1609 372 fuisset,
1644 321 1712 361 vel

147 381 354 441 quidnam
374 382 474 424 novi
501 381 703 423 facinoris
731 340 915 422 afflferret.
975 379 1125 421 Scelus
1148 387 1194 420 tu
1214 379 1319 420 illud
1348 393 1491 429 vocaS,
1522 376 1714 418 Tubero?

149 438 252 480 cur?
281 439 364 480 isto
386 439 499 480 enim
519 438 691 480 nomine
721 437 796 478 illa
815 437 957 478 adhuc
977 451 1107 478 causa
1126 435 1281 478 caruit:
1322 436 1395 477 alii
1426 448 1610 477 errorem
1641 448 1716 489 ap-

73 486 130 531 30
150 496 324 557 pellant,
345 495 416 537 alii
436 495 657 537 timorem:
690 494 764 551 qui
786 493 947 545 durius,
970 508 1105 549 spem,
1127 492 1421 549 cupiditatem,
1443 491 1602 541 odium,
1620 505 1716 547 per-

147 552 373 605 tinaciam3
405 552 477 609 qui
496 549 762 608 gravissime,
793 550 1103 601 temeritatem3
1134 550 1291 601 scelus,
1323 556 1474 606 praeter
1493 555 1550 598 te,
1572 547 1715 589 adhuc

147 624 290 652 nemo.
364 609 431 650 Ac
460 609 566 650 mihi
597 608 787 665 quidem,
819 607 855 649 si
886 607 1104 664 proprium
1136 613 1179 648 et
1208 621 1353 648 verum
1383 620 1540 648 nomen
1581 603 1716 646 nostri

147 666 248 708 mali
285 677 513 723 quaeratur,
545 665 688 707 fatalis
719 665 916 722 quaedam
946 663 1167 705 calamitas
1197 663 1403 705 incidisse
1445 662 1628 713 videtur,
1673 666 1718 702 et

148 723 410 780 improvidas
440 723 663 764 hominum
691 729 856 763 mentes
887 720 1192 778 occupavisse3
1236 727 1285 761 ut
1314 735 1440 762 nemo
1471 718 1614 761 mirari
1644 718 1717 760 de-

75 774 131 814 35
148 780 264 832 beat,
294 780 482 822 humana
513 779 694 821 consilia
723 778 870 820 divina
890 778 1148 819 necessitate
1170 792 1264 819 esse
1286 771 1548 843 superatas<
1571 775 1746 826 Liceat‘

149 851 244 878 esse
260 836 457 878 miseros:
475 835 748 892 quamquam,
761 834 845 877 hoo
857 835 1033 887 victore,
1048 850 1141 876 esse
1155 849 1241 876 non
1254 848 1496 891 possumus.
1532 833 1618 874 Sed
1632 847 1719 873 non

147 895 299 949 loquor
317 893 369 934 de
387 893 529 934 nobis:
562 893 615 934 de
636 892 719 933 illis
740 892 906 947 loquor,
928 892 1001 948 qui
1031 892 1322 933 eocciderunt:
1361 891 1518 932 fuerint
1535 889 1715 946 fcupidi,

149 950 306 995 fuerint
335 948 445 998 irati,
476 948 632 990 fuerint
698 947 925 989 ertinaces:
972 948 1146 989 sceleris
1184 948 1281 989 vero
1317 948 1510 998 crimine,
1551 946 1718 996 furoris,

147 1005 381 1063 parricidii,
411 1006 541 1048 liceat
562 1005 643 1046 Cn.
666 964 877 1060 l1³³ompeio
899 1010 1082 1055 mortuo,
1112 1005 1243 1046 liceat
1263 1004 1406 1045 multis
1428 1004 1539 1055 aliis,
1560 1017 1717 1045 carere.

75 1059 131 1100 40
151 1063 336 1112 Quando
376 1063 460 1104 hoc
499 1062 729 1119 quisquam
770 1075 823 1102 ex
863 1067 921 1112 te,
972 1060 1131 1113 Caesar,
1162 1060 1353 1102 audivit?
1402 1067 1476 1101 aut
1511 1067 1585 1101 tua
1616 1061 1739 1117 quid

150 1120 268 1162 aliud
306 1134 423 1161 arma
460 1122 702 1170 voluerunt,
732 1117 813 1158 nisi
845 1117 870 1158 a
899 1124 948 1163 te*
974 1117 1279 1159 contumeliam
1310 1117 1586 1174 propulsare?
1616 1117 1720 1174 quid

150 1178 240 1234 egit
256 1183 354 1218 tuus
376 1177 446 1218 ille
469 1176 655 1218 invictus
678 1174 905 1226 exercitus,
936 1174 1017 1216 nisi
1047 1181 1095 1216 ut
1113 1190 1234 1216 suurn
1249 1174 1321 1231 jus
1343 1181 1544 1232 tueretur,
1566 1180 1610 1216 et
1627 1174 1718 1231 dig-

148 1235 330 1278 nitatem
350 1234 497 1278 tuam?
529 1233 670 1283 Quid?
700 1240 747 1275 tu
765 1231 862 1275 cum
881 1246 1031 1290 pacem
1047 1246 1142 1275 esse
1162 1232 1383 1289 cupiebas,
1399 1231 1520 1275 id0ne
1541 1231 1718 1289 agebas,

584 1424 765 1466 emortui
783 1428 901 1465 sunt.
1095 1422 1333 1465 sambitiosi.

148 1675 194 1701 tra
208 1666 509 1711 LigariumTubero.
556 1669 781 1712 Ostenditque,
797 1671 914 1702 crimen
955 1669 1164 1711 superioribus
1193 1668 1283 1701 bellis
1317 1667 1472 1710 Pompeio
1506 1667 1721 1706 adhaesissent‚

148 1723 203 1743 sen
220 1715 318 1744 scelus
335 1726 395 1745 non
413 1725 481 1745 esse
497 1714 734 1754 appellandum.
956 1713 1179 1753 nolebantjam
1196 1713 1235 1743 ab
1251 1723 1289 1744 eo
1302 1713 1461 1746 recedere.

191 1758 244 1788 25.
270 1757 458 1799 Postulatio]
517 1757 699 1798 Antequam
722 1768 836 1788 nornen
858 1757 915 1789 ali-
1000 1759 1052 1788 31.
1093 1756 1317 1797 Temeritatem]
1363 1756 1545 1787 Inconsulta
1570 1756 1646 1788 belli
1669 1767 1724 1798 ge-

145 1799 234 1840 cujus
257 1800 440 1837 deferretur,
464 1805 600 1841 potestas
627 1800 645 1829 :i
669 1805 799 1841 praetore
824 1807 913 1841 pete·
956 1800 1046 1830 rendi
1061 1800 1234 1840 cupiditate
1251 1798 1554 1840 abripiebanturalii.

145 1843 252 1881 batur3
279 1848 372 1885 atque
396 1845 462 1874 haec
487 1843 655 1884 postulatio
677 1844 810 1874 nominis
827 1843 913 1873 dela·
1001 1845 1053 1873 32.
1076 1842 1350 1882 Acmihz'quidem.]
1392 1842 1565 1883 Postquam
1581 1844 1721 1883 protulit,

144 1885 262 1916 tionem
280 1887 488 1927 praecedebat.
526 1886 619 1916 Unde
630 1886 753 1922 Cicero,
774 1886 805 1916 in
821 1886 915 1916 Divi-
960 1886 1036 1926 quid
1050 1885 1090 1916 de
1105 1885 1158 1915 illo
1175 1885 1257 1915 bello
1271 1885 1356 1916 civili
1375 1885 1515 1916 homines
1527 1885 1719 1926 judicarent,

145 1929 272 1960 natione
295 1930 329 1960 in
350 1931 493 1965 Verrem,
518 1928 622 1968 Nuper
643 1929 709 1959 crim
731 1931 762 1959 in
788 1929 827 1960 Ρ.
856 1929 913 1959 Va-
952 1928 1019 1968 jam
1035 1939 1122 1958 suum
1138 1927 1528 1968 interponitjudicium,et
1540 1933 1636 1959 totam
1646 1931 1720 1962 mali

145 1973 252 2001 tiniam
280 1973 524 2015 vit-jin·tissinzus
543 1979 569 2002 et
599 1973 846 2003 innocentissinms
872 1972 909 2002 L.
954 1982 1079 2001 causam
1117 1971 1155 2000 ad
1190 1971 1316 2001 fatalem
1354 1972 1574 2002 necessitatem
1612 1974 1718 2004 refert.

145 2014 216 2044 Piso
230 2015 398 2045 delationem
423 2016 543 2045 nominis
565 2015 733 2053 postularet.
776 2015 910 2045 Deferre

146 2057 220 2088 vero
236 2068 349 2089 nomen
367 2063 413 2089 est
428 2069 512 2088 reum
525 2057 658 2098 aliquem
672 2058 786 2088 facere.

190 2103 244 2132 26.
267 2101 313 2131 De
334 2102 417 2132 nullo
440 2101 524 2142 alia]
581 2100 646 2137 Qui
670 2100 784 2141 nempe
817 2101 912 2132 Pom-

146 2143 253 2185 peium
268 2150 389 2175 secutus
405 2144 524 2174 fuisset.

154 2199 162 2204 ·
192 2189 245 2218 229.
268 2188 331 2218 Alii
345 2187 496 2227 errorem]
542 2185 701 2216 Putabant
715 2185 795 2216 bene
812 2185 912 2222 multi,

145 2231 254 2269 specie
283 2230 463 2271 reipublicae
493 2230 630 2269 decepti,
662 2229 819 2260 meliorem
843 2240 912 2260 esse

164 2282 272 2303 ansam
289 2273 434 2314 Pompeii
448 2273 542 2314 quam
558 2271 700 2302 Caesaris.

954 2014 1051 2049 Nam,
1074 2019 1108 2043 ut
1132 2014 1248 2044 dictum
1266 2018 1312 2044 est
1327 2013 1359 2043 in
1375 2014 1464 2044 Orat.
1478 2024 1534 2055 pro
1550 2013 1717 2054 Marcello,

953 2057 1058 2088 omnia
1071 2056 1153 2087 bella
1168 2056 1270 2087 civilia
1283 2056 1354 2087 fatis
1369 2057 1598 2090 adscribebant.

999 2103 1051 2131 36.
1077 2100 1142 2129 Hoc
1152 2100 1286 2140 victore]
1333 2099 1467 2132 Caesare.

999 2145 1052 2174 38.
1075 2142 1182 2183 Irati]
1213 2142 1344 2173 Caesari
1359 2142 1518 2174 videlicet.

998 2189 1052 2218 39.
1076 2185 1265 2227 Parricidia]
1318 2185 1351 2216 N
1354 2196 1393 2216 ou
1415 2197 1484 2217 reus
1506 2186 1625 2218 tanttim
1649 2199 1720 2229 par-

954 2228 1053 2260 ricidii
1080 2229 1244 2259 dicebatur
1269 2229 1323 2270 qui
1357 2235 1477 2270 patrem
1500 2229 1718 2269 interemisset,

954 2273 1009 2303 sed
1037 2272 1297 2314 qualemcumque
1334 2273 1503 2309 hominem,
1536 2279 1572 2303 ut
1607 2274 1716 2306 Festus

953 2316 1007 2346 ait.

998 2361 1050 2389 41.
1095 2359 1305 2390 Contumeliam
1335 2359 1531 2400 propulsare]
1597 2359 1718 2393 Contu-

955 2401 1047 2431 melia
1073 2402 1188 2444 triplici
1210 2401 1339 2432 affectus
1363 2406 1410 2432 est
1426 2401 1542 2440 Caesar,
1565 2407 1600 2432 ut
1613 2403 1668 2435 lib.
1683 2409 1715 2437 1.

956 2444 1132 2478 Comment.
1146 2445 1212 2486 ejus
1224 2444 1416 2486 intelligitur:
1435 2447 1464 2476 1.
1474 2444 1650 2485 qu6d‚efin1
1662 2458 1716 2488 per

190 2318 245 2348 30.
274 2316 334 2346 Alii
355 2316 510 2356 timorem]
556 2315 753 2346 Verebantur
776 2314 840 2350 alii,
869 2325 910 2345 ne

146 2358 242 2389 nimia
258 2358 390 2390 Caesaris
410 2358 551 2401 potentia
574 2358 608 2389 in
631 2358 829 2399 tyrannidem
855 2358 912 2388 de-

146 2400 297 2432 flecteret.

191 2443 242 2475 Ib.
264 2444 375 2487 Spem]
413 2444 497 2475 Nam
514 2444 566 2475 alii
578 2447 663 2475 certo
678 2442 790 2473 certius
806 2454 911 2484 spera-

146 2487 224 2518 bant
235 2488 301 2518 fore
316 2493 349 2518 ut
366 2488 549 2529 Pompeius,
563 2492 610 2518 tot
625 2486 759 2517 victoriis
774 2485 909 2523 illustris,

147 2530 230 2561 nova
245 2530 405 2571 potiretur.

191 2574 243 2606 Ib.
269 2573 493 2614 Cupiditatem]
553 2571 618 2603 Alii
633 2582 696 2602 non
712 2571 909 2608 dubitabant,

148 2617 237 2659 quin,
260 2617 286 2648 si
307 2617 459 2658 Pompeio
475 2616 647 2652 studerent,
671 2615 767 2646 multa
783 2616 864 2645 bona
879 2621 910 2646 et

149 2662 346 2700 magistratus
361 2661 548 2691 obtinerent.

193 2704 245 2737 lb.
269 2703 401 2744 Odium]
443 2703 508 2734 Alii
521 2702 595 2733 odio
609 2702 781 2743 flagrabant
797 2701 829 2732 in
843 2700 912 2734 Cae-

147 2756 259 2780 sarem.

193 2788 243 2824 ΙΙ).
267 2788 493 2831 pertinaciam]
540 2788 637 2828 Quia,
659 2787 729 2821 curn
745 2798 866 2831 semper
880 2788 911 2821 in

954 2487 1141 2518 decennium
1165 2489 1195 2519 ei
1217 2488 1328 2518 fuisset
1349 2487 1569 2518 administratio
1593 2488 1717 2522 Gallia-

954 2540 1019 2560 rum
1049 2531 1179 2567 credita,
1216 2540 1372 2562 successor
1400 2530 1430 2560 ei
1454 2531 1544 2560 datus
1571 2532 1611 2562 sit
1640 2540 1713 2566 ante

954 2578 1087 2614 tempus.
1101 2577 1131 2604 2.
1148 2573 1232 2615 quod
1242 2572 1409 2604 decedenti
1423 2572 1533 2604 Galliis
1548 2580 1580 2604 et
1595 2578 1717 2615 petenti

953 2617 1158 2653 consulatum,
1174 2617 1204 2647 ei
1217 2617 1389 2657 denegatus
1404 2616 1452 2646 sit.
1468 2618 1499 2648 3.
1514 2616 1611 2657 quod,
1627 2630 1716 2651 recu-

953 2663 1021 2689 sato
1048 2660 1076 2690 ei
1099 2660 1266 2700 triumpho,
1290 2657 1422 2690 voluerit
1443 2665 1580 2697 senatus,
1601 2667 1636 2692 ut
1650 2674 1714 2695 suae

956 2702 1227 2734 administrationis
1241 2702 1393 2733 rationem
1405 2703 1562 2733 redderet.

999 2748 1054 2778 43.
1097 2751 1205 2779 Pacem
1233 2756 1287 2776 esse
1312 2745 1470 2786 cupiebas]
1515 2746 1647 2788 Semper
1672 2751 1713 2781 ad

955 2799 1065 2830 pacem
1082 2789 1186 2823 Caesar
1199 2788 1368 2822 inclinavit.
1425 2788 1522 2831 Nam,
1535 2795 1608 2824 ante
1621 2792 1715 2826 civile
