1790 3090
64 157 124 198 §iii
611 152 660 184 M.
681 148 834 183 TULLII
858 149 1099 183 CICERONIS

60 244 205 286 quam,
235 224 388 271 frustra
404 228 498 270 tot-51
518 235 667 270 aestate
689 235 997 285 oppucrnatam,
1018 228 1161 268 hieme
1182 224 1310 283 cepit.
1370 225 1538 269 Bellum
1555 228 1655 270 Cre-

61 288 194 330 ticum
215 286 388 344 publica
412 285 669 327 auctoritate
689 287 714 326 ὸ.
735 287 790 336 Q.
807 265 995 327 lVletello
1018 284 1284 327 Proconsule
1306 291 1554 326 renovatum
1576 291 1655 327 est.

487 406 656 435 ANNUS
695 405 840 433 unms
877 404 1110 433 eoNnirffi
1144 391 1242 434 686.

63 486 180 527 Coss.
207 485 448 539 Calpurnio
483 485 653 531 Pisone,
685 482 751 522 M.
772 482 908 522 Acilio
931 484 1174 531 Glabrione,
1208 488 1308 525 ante
1346 484 1566 525 Christum
1587 483 1657 525 66.

558 538 775 581 Ciceronis
794 539 1166 592 quadragesimus.

117 630 317 683 Triarius,
347 632 516 687 legatus
538 627 718 679 Luculli,
749 625 775 667 ἒι
806 626 1060 668 Mithridate
1080 626 1220 669 victus
1242 634 1321 679 est,
1357 634 1399 670 et
1422 634 1549 684 capta
1568 626 1657 669 Ro-

60 702 282 729 manorum
295 696 448 730 castra.
508 684 742 741 Pompeius
758 684 919 725 bellum
937 684 1166 739 piraticum
1182 684 1385 726 confecit.
1428 684 1525 726 Hoc
1542 699 1654 726 anno

61 745 229 786 licitum
248 745 330 786 fuit
350 743 549 785 Ciceroni
571 742 807 783 Praeturam
823 746 984 796 petere,
1014 740 1169 797 nempe
1190 740 1366 783 biennio
1389 748 1488 798 post
1503 740 1656 782 AEdili-

61 807 218 843 tatem:
250 800 353 842 licet
373 802 532 842 multos
551 799 729 840 haberet
749 797 1070 854 competitores,
1106 812 1267 853 eosque
1299 798 1412 839 viros
1444 798 1655 848 illustres;

61 865 206 899 tamen
226 858 384 914 primus
410 872 462 898 ex
496 863 609 905 octo,
640 854 714 911 qui
752 861 844 895 tum
877 854 1052 906 fiebant,
1073 853 1317 896 incredibili
1353 854 1485 896 totius
1505 854 1655 911 populi

61 914 297 967 voluntate,
318 913 586 957 renuntiatus
612 919 692 954 est.

486 1024 655 1052 ANNUS
692 1022 839 1051 mzms
875 1023 1108 1051 counrrffi
1143 1009 1240 1052 687.

89 1102 204 1144 Coss.
225 1103 295 1144 M.
317 1102 496 1142 AEmilio
515 1101 690 1153 Lepido,
713 1099 764 1139 L.
795 1100 975 1139 Volcatio
1001 1100 1145 1147 Tullo,
1180 1105 1282 1140 ante
1307 1098 1529 1140 Christum
1557 1098 1627 1139 65.

466 1157 682 1198 Ciceronis
703 1156 1060 1207 quadragesimus
1076 1157 1260 1206 primus.

114 1247 186 1288 Ad
206 1245 426 1287 Kalendas
447 1244 471 1286 J
476 1242 672 1285 annarias
693 1242 931 1285 Praeturam
964 1241 1062 1282 iniit
1082 1241 1248 1294 Cicero,
1281 1249 1324 1284 et
1343 1241 1570 1299 quaestioni
1603 1242 1656 1283 de

57 1303 250 1362 pecuniis
272 1300 518 1358 repetundis
539 1299 720 1355 praefuit.
779 1299 807 1340 J
810 1298 953 1339 udicia
992 1297 1112 1339 caste
1147 1298 1401 1356 integreque
1437 1299 1655 1341 exercuit:

59 1360 157 1403 cum
173 1360 287 1402 enim
305 1358 493 1400 Licinius
527 1357 692 1407 Macer,
722 1355 797 1411 qui
832 1354 1012 1396 multum
1051 1354 1095 1395 in
1130 1354 1304 1396 civitate
1326 1362 1508 1412 poterat,
1539 1355 1655 1411 apud

59 1432 156 1459 eum
177 1426 292 1458 esset
311 1420 539 1457 accusatus
557 1413 609 1454 de
630 1411 824 1469 pecuniis
845 1411 1107 1467 repetundis,
1140 1418 1183 1453 et
1204 1411 1361 1453 Crasso
1381 1419 1561 1467 patrono
1583 1412 1654 1452 ille

57 1481 262 1521 uteretur,
294 1471 483 1513 omnium
503 1468 729 1511 sententiis
762 1468 990 1509 damnatus
1012 1475 1091 1509 est.
1151 1468 1249 1516 Quo
1267 1482 1319 1509 ex
1333 1468 1504 1524 judicio
1520 1467 1654 1509 multo

57 1531 263 1585 majorem
282 1529 468 1569 fructum
490 1542 541 1568 ex
558 1524 705 1582 populi
727 1524 1044 1565 existimatione
1062 1523 1192 1579 cepit,
1213 1523 1344 1579 quam
1366 1538 1418 1565 ex
1435 1524 1586 1580 ipsius,
1618 1524 1655 1564 si

59 1587 283 1628 absolutus
305 1592 433 1634 esset,
465 1582 603 1639 gratia
634 1580 913 1637 percepisset.
974 1579 1084 1621 Cum
1099 1579 1199 1621 verb
1220 1580 1426 1622 Manilius
1442 1580 1654 1622 Tribunus

56 1642 194 1700 plebis
214 1643 354 1698 legem
369 1638 697 1697 promulgasset,
711 1645 760 1679 ut
779 1638 934 1679 bellum
956 1636 1302 1679 Mithridaticum
1318 1636 1526 1693 Pompeio
1540 1651 1656 1678 com-

58 1699 311 1748 mitteretur,
333 1697 455 1753 eique
478 1696 796 1737 adversarentur
818 1694 872 1741 Q.
890 1692 1148 1734 Hortensius
1170 1700 1213 1735 et
1230 1693 1427 1746 Catulus,
1441 1693 1518 1734 viri
1540 1693 1656 1735 Con-

59 1757 220 1797 sulares
239 1771 251 1805 ς
283 1754 435 1795 Cicero
469 1752 632 1793 Praetor
651 1766 746 1792 eam
781 1750 918 1792 suasit
951 1749 1035 1790 hac
1067 1749 1273 1802 oratione,
1305 1765 1399 1806 quae
1433 1749 1516 1790 Pro
1539 1750 1654 1806 Lege

56 1811 238 1854 Manilia
256 1809 516 1852 inscribitur.
576 1806 786 1849 Defendit
804 1821 976 1863 quoque
993 1806 1152 1848 Aulum
1174 1806 1437 1858 Cluentium,
1456 1807 1654 1848 veneficii

56 1884 190 1920 reum,
221 1868 335 1924 apud
370 1865 619 1907 Volcatium
660 1864 907 1905 Praetorem.
976 1862 1099 1903 Dixit
1136 1878 1213 1919 pro
1249 1863 1315 1904 M.
1330 1863 1569 1915 Fundanio,
1610 1870 1654 1904 et

59 1925 217 1966 Gallio.
279 1922 402 1965 Licet
418 1921 518 1963 vero
540 1921 731 1962 Praetura
757 1920 1020 1976 fungeretur,
1051 1926 1195 1961 tamen
1216 1919 1410 1962 scholam
1430 1919 1497 1960 M.
1517 1921 1654 1961 Anto-

56 1982 118 2023 nii
140 1979 382 2036 Gnipbonis
395 1977 698 2035 frequentavit.
757 1977 961 2018 Extremo
983 1990 1130 2017 mense
1146 1977 1273 2032 hujus
1290 1976 1391 2018 anni
1413 1975 1510 2018 cum
1530 1975 1654 2017 Cice-

56 2038 149 2080 roni
162 2039 254 2094 jam
268 2036 446 2078 biduum
460 2041 535 2076 aut
550 2034 736 2075 triduum
749 2033 952 2075 Praeturae
965 2041 1223 2088 superesset,
1235 2032 1464 2074 Manilium
1477 2032 1655 2088 quidam

54 2094 156 2136 furti
168 2090 685 2150 apudipsumpostulavit.
716 2089 929 2131 Studebat
941 2088 1124 2130 Manilio
1140 2090 1339 2145 populus,
1356 2088 1472 2145 quod
1484 2096 1655 2145 propter

55 2149 312 2207 Pompeium
325 2147 518 2190 accusari
528 2147 755 2188 videretur.
815 2145 924 2187 Cum
937 2145 1067 2201 igitur
1081 2145 1288 2187 Manilius
1300 2160 1432 2186 unum
1447 2145 1561 2187 diem
1581 2160 1656 2201 pe-

55 2208 210 2258 tiisset,
231 2221 282 2248 ac
304 2205 457 2247 Cicero
493 2203 659 2245 tanturn
690 2202 989 2259 insequentem
1024 2202 1232 2255 dedisset,
1266 2202 1447 2259 populus
1475 2201 1652 2257 indigne

55 2264 177 2305 tulit:
200 2262 315 2319 quod
327 2276 419 2303 mos
438 2267 566 2312 esset,
581 2266 629 2301 ut
647 2260 798 2301 decem
810 2258 1032 2300 minimum
1045 2259 1137 2300 dies
1159 2259 1371 2300 Praetores
1386 2257 1469 2299 reis
1489 2258 1654 2299 darent.

58 2320 200 2369 Quare
222 2319 457 2375 productus
477 2317 520 2357 in
548 2316 802 2358 concionem
824 2315 849 2356 a
865 2314 1063 2355 Tribunis
1081 2315 1220 2371 plebis
1240 2315 1386 2371 ibique
1407 2320 1651 2366 accusatus,

57 2377 155 2419 cum
175 2375 372 2432 rogasset
405 2380 453 2415 ut
488 2373 698 2421 audirent,
729 2371 851 2420 dixit,
881 2385 942 2422 se,
968 2371 1041 2426 qui
1061 2371 1104 2411 in
1125 2386 1220 2413 reos
1242 2386 1423 2427 semper,
1443 2370 1652 2427 quantum

57 2435 174 2490 leges
203 2432 510 2489 permitterent,
533 2429 668 2470 comis
690 2435 734 2469 et
752 2428 966 2469 humanus
988 2427 1155 2479 fuisset,
1174 2428 1400 2484 indignum
1414 2427 1653 2483 judicasse,

56 2505 144 2532 non
160 2489 342 2531 eundem
358 2503 403 2528 se
414 2485 596 2528 Manilio
610 2490 831 2542 praestare3
848 2485 993 2539 itaque
1010 2483 1049 2524 ei
1062 2483 1191 2536 diem,
1206 2499 1334 2540 quem
1348 2499 1478 2525 unum
1487 2483 1653 2525 Praetor

56 2547 99 2588 in
114 2548 192 2588 suti
211 2551 424 2603 potestate
440 2544 632 2594 liaberet,
651 2540 798 2583 dedita
810 2540 938 2596 opera
954 2541 1229 2596 praefinivisse
1245 2557 1253 2581 :
1277 2540 1374 2582 cum
1387 2555 1474 2582 non
1489 2539 1546 2581 sit
1558 2541 1651 2596 ejus

58 2605 130 2659 qui
141 2603 198 2645 rei
209 2615 382 2644 causam
391 2600 459 2656 adj
468 2614 593 2640 uvare
605 2599 724 2650 velit,
732 2598 786 2639 ad
795 2598 927 2638 alium
938 2597 1235 2653 magistratum
1241 2613 1258 2652 J
1266 2596 1455 2638 udicium
1462 2597 1518 2653 rej
1526 2596 1653 2638 icere.

57 2660 157 2701 Hac
190 2658 379 2701 oratione
406 2656 534 2698 animi
556 2655 703 2712 populi
724 2654 786 2695 ita
805 2654 1054 2695 commutati
1072 2661 1187 2705 sunt,
1208 2660 1256 2695 ut
1275 2653 1529 2695 Ciceronem
1549 2653 1654 2694 totis

55 2714 438 2759 acclamationibus
454 2711 671 2770 prosecuti
691 2717 905 2766 rogarent,
919 2717 968 2752 ut
981 2710 1151 2752 Manilii
1162 2710 1447 2766 patrocinium
1464 2710 1655 2766 suscipe-

57 2780 147 2829 ret,
167 2772 285 2831 quod
301 2772 390 2827 ille,
410 2769 645 2828 praesertim
666 2769 721 2813 ob
746 2767 1004 2826 Pompeium
1023 2768 1261 2823 absentem,
1283 2766 1439 2826 cupide
1459 2767 1652 2824 recepit;
