1858 3095
691 136 743 171 IN
767 137 1026 178 CATILINAM
1048 139 1096 171 11.

109 226 219 272 pexo
241 212 398 278 capillo
417 213 593 264 nitidos,
622 218 696 255 aut
711 212 941 267 imberbes,
972 222 1045 257 aut
1082 214 1192 256 bene
1226 213 1444 267 barbatos,
1474 215 1658 268 videtis3

108 271 333 312 manicatis
373 276 418 312 et
455 270 657 312 talaribus
678 270 863 322 tunicis3
893 271 999 314 velis
1039 272 1235 324 amictos,
1266 285 1351 313 non
1380 271 1519 328 togis:
1555 289 1661 329 quo·
1675 268 1730 309 35

108 341 199 369 rum
217 327 354 369 omnis
375 326 584 368 industria
603 327 715 378 vitae,
749 334 792 369 et
811 327 1012 383 vigilandi
1033 329 1165 377 labor,
1195 329 1238 371 in
1274 328 1539 370 antelucanis
1575 345 1662 370 coe—

110 384 176 425 nis
205 382 479 440 expromitur.

539 383 590 424 In
623 383 690 424 his
713 384 914 440 gregibus
937 399 1084 426 omnes
1113 386 1336 435 aleatores,
1367 399 1515 427 omnes
1542 385 1663 426 adul-

109 441 201 489 teri,
246 454 393 482 omnes
435 439 612 503 simpuri
661 439 970 498 impudicique,
1016 448 1251 483 versantur.

1322 441 1379 482 Hi
1419 440 1537 498 pueri
1576 448 1664 482 tam

111 497 241 554 lepidi
276 510 327 537 ae
357 495 545 548 delicati,
577 511 664 538 non
699 496 839 540 solam
874 513 1016 540 amare
1057 505 1100 540 et
1130 498 1275 550 amari,
1317 512 1456 554 neque
1492 504 1663 539 cantare

110 560 155 595 et
185 553 351 604 saltare,
383 553 459 594 sed
492 553 620 595 etiam
655 553 768 596 sicas
801 555 982 606 vibrare,
1011 562 1054 596 et
1074 569 1272 611 spargere
1294 568 1472 606 venena,
1503 554 1666 596 didice-
1681 551 1737 592 40

113 616 236 652 runt:

274 609 347 706 qlilii
386 609 468 652 nisi
501 616 674 663 exeunt,
715 610 798 652 nisi
833 617 1028 668 pereunt,
1060 611 1224 652 etiamsi
1259 610 1447 652 Catilina
1481 611 1666 667 perierit,

110 665 265 707 scitote
329 680 380 707 oc
412 666 457 707 in
479 666 646 722 Repub.
673 667 946 709 seminarium
966 666 1300 722 [Catilinarium]
1321 667 1523 708 futurum.

1581 667 1666 709 Ve-

110 728 348 764 rumtamen
365 722 470 786 quid
492 723 573 765 sibi
590 723 662 764 isti
682 723 827 764 miseri
850 724 1028 765 volunt?
1059 738 1162 765 num
1193 738 1293 765 suas
1318 738 1465 766 secum
1499 723 1667 766 mulier-

110 779 231 820 culas
253 785 355 821 sunt
385 794 429 820 1n
450 786 590 822 castra
610 779 806 821 ducturi?
837 780 1200 838 quemadmodum
1230 787 1374 822 autem
1405 780 1489 821 illis
1523 795 1665 822 carere

109 841 325 892 poterunt,
368 835 436 877 his
472 837 706 892 praesertim
737 837 829 893 jam
869 837 1100 878 noctibus?
1143 851 1228 893 quo
1265 845 1409 878 autem
1443 844 1570 893 pacto
1603 838 1665 878 illi
1684 834 1739 875 45

111 891 400 948 Apenninum,
431 898 559 949 atque
578 893 674 934 illas
694 893 868 949 pruinas
889 908 941 935 ac
968 893 1104 946 nives,
1134 893 1368 949 perferent?
1399 893 1481 935 nisi
1506 893 1667 936 idcirco

112 962 158 989 se
190 947 357 989 facilius
389 948 574 991 hiemem
606 950 862 992 toleraturos
893 956 1062 1007 putant,
1094 949 1209 1006 quod
1242 950 1345 992 nudi
1385 950 1429 991 in
1459 950 1668 992 conviviis

111 1005 266 1047 saltare
283 1004 540 1048 didicerunt.

602 1005 640 1047 O
662 1006 825 1049 bellum
857 1006 1118 1063 magnopere
1138 1007 1539 1063 pertimescendum,
1570 1008 1670 1049 cum
1692 1008 1696 1012 '

114 1061 227 1102 hanc
258 1061 315 1102 sit
349 1062 574 1104 habiturus
607 1062 796 1105 Catilina
832 1071 1118 1105 scortatorum
1149 1064 1370 1105 cohortem
1405 1063 1667 1119 praetoriam!

114 1116 319 1160 Instruite
363 1134 491 1171 nunc,
538 1119 741 1170 Quirites,
787 1127 937 1162 contra
964 1121 1042 1161 has
1079 1127 1166 1161 tam
1210 1121 1436 1177 praeclaras
1471 1120 1669 1162 Catilinae
1688 1119 1743 1160 50

115 1174 278 1230 copias,
311 1182 452 1217 vestra
468 1175 681 1233 praesidia,
702 1183 953 1233 vestrosque
975 1177 1214 1218 exereitus:
1247 1184 1290 1218 et
1308 1176 1490 1234 primum
1511 1178 1673 1233 gladia-

114 1231 195 1272 tori
217 1231 275 1272 illi
304 1232 502 1274 confecto
534 1239 578 1274 et
605 1232 752 1275 saucio
784 1234 981 1275 consules
1012 1233 1374 1290 imperatoresque
1405 1240 1569 1275 vestros
1600 1249 1674 1291 op-

113 1287 283 1344 ponite:
316 1288 487 1339 deinde,
519 1296 670 1331 eontra
702 1290 821 1332 illam
850 1289 1151 1346 naufragorum
1185 1290 1367 1345 ejectam
1396 1305 1448 1332 ae
1480 1290 1674 1334 debilita-

789 1458 1004 1515 fimprobi.

158 1630 213 1663 34.
234 1627 311 1661 Pero
322 1629 457 1670 capillo]
499 1629 520 1661 J
523 1640 571 1661 am
589 1639 695 1661 eorum
711 1629 874 1662 mollitiem

116 1673 274 1709 describit,
290 1674 344 1714 qui
359 1673 526 1715 Catilinam
544 1679 726 1715 sequuntur.

162 1716 211 1747 Ib.
227 1717 292 1746 Aut
303 1715 464 1757 imberbes]
507 1716 680 1754 Imberbes,
705 1715 758 1747 vel
786 1715 877 1757 pueri

118 1766 151 1791 et
187 1759 416 1797 adolescentes,
438 1758 491 1790 vel
517 1760 626 1791 molles
642 1765 676 1791 et
702 1759 877 1791 effeminati

119 1808 201 1835 sunt.

163 1845 215 1879 Ib.
260 1846 320 1878 Ant
341 1844 408 1877 bene*
435 1846 595 1888 barbatos]
640 1846 730 1878 Bene
758 1845 880 1877 barbati

121 1895 204 1925 sunt,
225 1890 280 1930 qui
293 1895 452 1931 comptam
468 1895 502 1922 et
524 1890 697 1921 delibutam
711 1889 879 1930 unguentis

122 1932 282 1963 barbulam
312 1933 431 1964 fovent.
474 1932 627 1964 Romanis
656 1943 723 1964 mos
748 1932 820 1968 fuit,
842 1936 878 1963 ut

122 1975 249 2006 barbam
276 1975 395 2007 alerent
408 1986 417 2014 3
440 1977 497 2007 sed
527 1986 608 2010 anno
625 1976 719 2007 Urbis
743 1975 878 2007 conditae

124 2018 431 2058 quadringentesimo
467 2018 725 2060 quinquagesimo
756 2024 880 2060 quarto,
920 2040 924 2041 ν

125 2061 268 2091 adductis
286 2060 303 2091 ὲ
319 2061 427 2092 Sicilia
440 2060 459 2090 ’ἆ
476 2062 514 2092 Ρ.
528 2062 646 2092 Lucino
662 2061 762 2092 Mena
775 2073 805 2092 m
820 2061 881 2092 Ur-

126 2105 198 2134 bem
212 2103 396 2140 tonsoribus,
410 2104 478 2134 radi
493 2105 590 2134 barba
604 2109 708 2145 coepta
718 2110 776 2134 est.
798 2104 882 2134 Vide

127 2146 276 2183 Plinium,
291 2146 345 2178 lib.
357 2149 388 2178 8.

170 2191 223 2220 35.
270 2188 458 2230 Mmzicatis]
501 2188 622 2220 Tunica
646 2189 740 2220 vestis
763 2188 884 2220 Roma-

127 2242 234 2262 norum
249 2233 379 2263 interior
403 2233 481 2263 suit:
506 2243 600 2273 quam
620 2233 735 2263 habere
754 2233 883 2263 talarem

128 2285 164 2306 ac
189 2275 385 2311 manicatam,
408 2275 559 2316 flagitium
585 2281 704 2307 veteres
728 2276 885 2307 existima-

128 2318 220 2349 bant:
245 2318 317 2350 solis
341 2318 424 2349 enim
452 2318 631 2350 mulieribus
654 2319 836 2360 permissum
850 2318 884 2349 id

129 2366 205 2392 erat.

172 2404 224 2434 Ib.
250 2403 326 2436 Velis
351 2404 492 2447 amictos]
548 2404 611 2435 Vel
636 2404 819 2436 tenuitatem
839 2409 888 2436 to·

131 2457 250 2489 garum,
260 2447 311 2478 vel
326 2448 496 2484 laxitatem,
520 2447 631 2489 arguit.

174 2492 228 2522 36.
251 2490 470 2532 Amano-anis]
515 2491 628 2523 Coenas
644 2501 749 2523 eorum
772 2490 885 2532 arguit,

133 2543 202 2573 quae
215 2533 235 2564 εἴ
250 2534 349 2574 prima
360 2540 454 2566 nocte
469 2544 569 2575 usque
596 2535 637 2565 ad
661 2545 799 2566 auroram
813 2545 885 2576 pro-

132 2576 334 2610 ducebantur.

175 2621 229 2651 38.
254 2619 325 2651 Tam
340 2621 452 2662 lepidi.]
497 2620 612 2652 Itonia.

177 2664 231 2694 40.
253 2662 332 2694 sicas
348 2664 489 2705 vibrare]
514 2663 623 2696 Sciunt
634 2664 712 2695 sicas
726 2664 761 2695 in
774 2662 886 2695 civium

134 2714 265 2745 corpora
278 2707 417 2748 adigere.

134 2794 147 2819 t
169 2747 228 2821 ffb.
250 2747 391 2791 Spargere
413 2750 551 2792 venena]
595 2750 729 2783 Veneno
752 2749 894 2783 homines

149 2800 167 2821 0
192 2801 254 2823 ere·

960 1632 1016 1663 49.
1061 1629 1288 1673 Seminarium]
1313 1628 1519 1662 Seminarium
1535 1636 1581 1663 est
1592 1630 1678 1665 locus

918 1674 1077 1715 subactus,
1100 1674 1131 1704 in
1146 1685 1208 1715 quo
1235 1674 1306 1705 cuin
1332 1674 1450 1705 semina
1464 1675 1608 1707 fruticum
1629 1688 1679 1708 ar-

917 1716 1066 1748 borumve
1094 1723 1309 1754 excreverunt,
1346 1717 1379 1747 in
1401 1717 1534 1749 viretum
1557 1724 1610 1750 aut
1630 1730 1677 1750 ar.

919 1759 1045 1791 bustum
1061 1760 1294 1791 transferuntur.
1339 1759 1398 1790 Est
1421 1766 1524 1792 autem
1549 1763 1679 1794 transla-

922 1808 1001 1844 tum,
1023 1804 1110 1845 quod
1150 1814 1206 1845 pro
1234 1802 1390 1845 principio
1419 1808 1452 1834 et
1480 1804 1602 1846 origine
1628 1817 1679 1837 su-

921 1847 1025 1877 mitur.

965 1890 1018 1921 45.
1042 1888 1100 1921 His
1112 1889 1268 1931 noctibus]
1315 1888 1395 1921 cfim
1409 1889 1448 1921 ad
1463 1894 1582 1922 sextum
1597 1890 1677 1923 Idus

920 1932 1108 1964 Novembris
1130 1934 1210 1965 hanc
1236 1932 1408 1963 orationem
1431 1933 1572 1971 haberet,
1593 1934 1679 1976 frigi-

922 1976 1026 2007 diores
1035 1976 1101 2018 jam
1113 1981 1146 2006 et
1159 1976 1312 2017 longiores
1325 1981 1434 2007 noctes
1449 1982 1547 2007 erant.

966 2021 1020 2050 46.
1043 2019 1255 2060 Apenninum]
1293 2019 1388 2049 Mons
1404 2019 1590 2059 Apenninus
1614 2031 1678 2052 me-

925 2061 1008 2093 diam
1021 2061 1147 2092 Italiam
1163 2062 1287 2098 dividit,
1298 2072 1392 2102 quem
1404 2061 1510 2091 Livius
1529 2063 1571 2093 ait
1584 2069 1678 2094 vento

927 2109 959 2134 et
971 2105 1083 2145 frigore
1098 2105 1227 2135 biduum
1240 2103 1390 2134 Annibali
1399 2103 1566 2136 obstitisse.

969 2148 1024 2178 48.
1047 2147 1073 2178 Ο
1087 2147 1190 2177 bellum
1214 2146 1414 2188 magnopere]
1459 2146 1563 2177 Ironia
1592 2159 1679 2189 egre-

925 2189 986 2231 gia,
1002 2195 1035 2220 et
1047 2190 1237 2230 comparatio
1251 2188 1404 2221 exercitus
1426 2188 1599 2222 Catilinarii
1609 2202 1680 2222 cum

924 2233 1075 2274 praesidiis
1089 2243 1164 2274 pop.
1178 2232 1275 2266 Rom.

969 2278 1022 2307 49.
1048 2275 1195 2308 Cohortem
1217 2274 1408 2316 pram-ium]
1456 2273 1581 2307 Dicitur
1602 2287 1681 2318 prae-

927 2319 1006 2349 toria
1024 2320 1144 2355 cohors,
1160 2329 1228 2360 quae
1244 2329 1402 2360 nunquam
1418 2320 1551 2351 discedit
1565 2319 1585 2349 εἰ
1599 2331 1680 2361 prae-

930 2367 997 2392 tore
1023 2362 1074 2393 vel
1099 2361 1248 2401 consule3
1281 2363 1361 2393 hane
1388 2362 1519 2405 primum
1548 2362 1684 2394 instituit

931 2404 1037 2446 Scipio
1052 2404 1217 2437 Africanus
1231 2417 1238 2436 :
1263 2405 1295 2436 in
1309 2415 1378 2437 eam
1390 2412 1495 2438 autern
1515 2406 1682 2447 assumpsit

925 2458 969 2522 lex
991 2453 1059 2480 toto
1073 2448 1211 2480 exercitu
1231 2447 1428 2482 fortissimum
1452 2459 1610 2492 quemque
1625 2450 1682 2480 mi·

938 2491 1024 2522 item.
1422 2494 1424 2497 ’

972 2534 1026 2567 51.
1051 2533 1220 2565 Gladiatori
1233 2533 1385 2577 confecta]
1419 2535 1584 2567 Gladiator
1607 2544 1683 2565 con-

927 2576 1029 2609 fectus
1041 2577 1126 2608 idem
1141 2582 1190 2608 est
1200 2587 1237 2608 ac
1251 2578 1385 2619 graviter
1396 2579 1584 2610 vulneratus.
1629 2577 1682 2608 Sic

927 2620 983 2652 lib.
996 2620 1121 2652 Tuscul.
1151 2622 1184 2652 3.
1208 2621 1367 2652 confectos
1391 2626 1484 2653 vocat
1504 2619 1681 2660 gravissime

927 2663 1103 2694 vulneratos
1115 2663 1314 2705 gladiatores,
1339 2664 1379 2694 ad
1402 2674 1480 2704 quos
1495 2663 1625 2693 maxime
1639 2663 1684 2694 vi-

929 2706 1021 2738 detur
1029 2707 1163 2737 verbum.
1171 2706 1308 2747 conficere
1319 2707 1484 2747 pertinere.

981 2749 1033 2781 53.
1055 2748 1311 2792 Naiffragorum]
1348 2748 1525 2789 Naufragus
1545 2748 1687 2790 conjura-

936 2797 986 2825 tos
1013 2798 1117 2834 vocat,
1143 2793 1231 2834 quia,
1256 2791 1327 2824 cum
1348 2791 1538 2824 fortunarum
1552 2792 1688 2824 omnium

1651 141 1732 193 109
