1858 3095
744 140 795 173 IN
825 139 1042 174 PISONEM.
1679 143 1762 189 289

117 235 186 263 ros
203 220 334 262 fortes
349 217 514 276 species
527 218 618 275 ejus
631 223 675 260 et
688 218 978 275 pulchritudo,
988 218 1117 260 etiam
1134 218 1175 259 in
1184 218 1308 260 hoste
1319 217 1476 274 posita,
1488 217 1690 260 delectet.

119 277 336 334 Equidem
365 277 504 318 dicam
527 291 579 317 ex
599 276 756 328 animo,
790 275 841 316 P.
863 274 912 317 C.
935 276 1050 332 quod
1073 275 1228 328 sentio,
1257 283 1300 317 et
1320 275 1452 331 quod,
1474 274 1596 316 vobis
1618 290 1690 316 au-
1709 274 1765 315 30

117 335 350 385 dientibus,
381 332 493 389 saepe
518 333 610 396 jam
631 333 739 374 dixi:
777 332 822 374 Si
845 332 948 373 mihi
970 348 1188 389 nunquam
1210 334 1372 374 amicus
1394 331 1446 373 C.
1464 330 1612 372 Caesar
1629 331 1691 372 su-

116 391 234 443 isset,
249 391 325 433 sed
343 405 509 446 semper
521 397 672 441 iratus3
704 390 738 431 si
754 390 1079 446 adspernaretur
1094 390 1328 431 amicitiam
1343 403 1495 439 meam,
1509 403 1691 443 seseque

118 448 222 489 mihi
275 447 586 503 implacabilem
645 446 1061 503 '‘inexpiabilemque
1123 447 1355 503 praeberem
1435 452 1577 486 tamen
1637 444 1691 494 ei,

116 506 215 545 cum
233 510 374 545 tantas
396 519 462 545 res
483 504 704 561 gessisset,
725 511 975 566 gereretque
993 503 1200 560 quotidie,
1217 518 1302 544 non
1315 501 1480 543 amicus
1497 516 1590 542 esse
1606 515 1692 542 non

117 575 312 617 possen13
352 561 472 617 cujus
494 576 575 617 ego
597 561 773 617 imperio
794 575 881 601 non
896 561 1072 616 Alpium
1093 560 1248 600 vallum
1266 565 1415 599 contra
1434 559 1692 599 adscensum
1712 558 1726 575 ¹⁷

116 618 587 674 transgressionemque
610 618 848 668 Gallorum,
872 632 957 658 non
979 616 1119 656 Rheni
1142 616 1317 665 fossam,
1351 615 1590 671 gurgitibus
1612 615 1692 655 illis

116 674 441 726 redundantem,
463 675 772 716 Germanorum
792 672 1111 714 immanissimis
1132 671 1349 726 gentibus,
1381 670 1539 726 objicio
1560 678 1604 712 et
1620 685 1694 726 op-

117 745 246 787 pono.
296 731 582 781 Perfecitille‚
604 737 666 782 ut,
688 730 724 770 si
745 736 911 770 montes
930 728 1229 778 ‘resedissenn
1247 742 1393 769 amnes
1411 726 1696 778 exaruissent,

117 801 204 829 non
220 795 382 829 naturae
398 788 612 844 praesidio,
634 786 709 827 sed
723 785 902 827 victori-Cr
924 786 1004 826 suit
1025 786 1236 841 rebusque
1255 784 1403 840 gestiS,
1421 783 1588 825 Italiam
1605 799 1695 825 mu-

115 844 250 885 nitam
270 845 535 885 haberemus.
596 843 696 891 Sed,
719 842 815 884 cum
836 857 904 883 me
921 848 1109 898 expetat,
1127 841 1296 898 diligat,
1320 840 1437 882 omni
1455 841 1580 882 laude
1601 841 1696 896 dig·
1713 840 1768 881 40

119 914 221 941 num
242 906 385 956 putet3
422 907 468 942 tu
488 915 556 942 me
580 899 605 941 εἴ
627 900 713 941 tuis
732 899 969 941 inimicitiis
991 899 1045 940 ad
1066 899 1328 940 simultatem
1351 897 1596 938 revocabis?
1632 897 1697 939 sic

117 957 203 998 tuis
224 958 456 998 sceleribus
478 957 722 1014 reipublicae
743 956 957 1013 praeterita
976 956 1063 996 fata
1083 954 1351 997 drefricabis?
1382 955 1500 1010 quod
1521 954 1697 1010 quidem

117 1018 179 1062 tu,
215 1013 289 1070 qui
323 1012 433 1056 bene
461 1014 612 1055 nesses
645 1013 995 1069 conjunctionem
1017 1027 1156 1054 meam
1177 1019 1220 1054 et
1242 1012 1441 1063 Caesaris,
1473 1011 1695 1062 eludebas,

118 1070 217 1111 cum
247 1069 273 1111 a
302 1085 384 1121 me,
416 1071 696 1112 trementibus
725 1069 899 1111 omnino
920 1069 1066 1121 labris,
1098 1070 1173 1111 sed
1202 1077 1358 1120 tamen,
1391 1082 1466 1110 cur
1493 1067 1597 1108 etibi
1623 1082 1697 1108 no-

118 1141 217 1168 men
238 1141 325 1168 non
342 1127 564 1179 deferrem,
586 1127 845 1183 requirebas.
907 1126 1198 1182 Quamquam,
1230 1126 1345 1182 quod
1363 1125 1417 1166 ad
1438 1139 1506 1166 me
1527 1124 1696 1176 attinet,
1714 1123 1769 1164 45

118 1183 129 1206 f
140 1186 386 1238 IVunquam
426 1188 554 1226 istam
588 1187 845 1226 imminuam
877 1199 1029 1225 curam
1059 1185 1294 1240 inficiando
1326 1184 1400 1223 tibi
1417 1201 1428 1230 ,·
1466 1188 1610 1222 tamen
1631 1188 1699 1223 est

123 1240 228 1280 mihi
243 1241 619 1292 considerandum,
636 1248 844 1297 quantum
859 1241 934 1289 illi,
956 1239 1088 1280 tantis
1104 1239 1347 1295 reipublicae
1361 1238 1546 1294 negotiis
1559 1246 1699 1280 tanto-

119 1311 202 1352 que
216 1297 328 1338 bello
343 1297 567 1353 impedito,
583 1312 680 1353 ego,
693 1298 822 1338 homo
833 1296 1132 1347 amicissimus,
1144 1295 1446 1337 sollicitudinis
1460 1304 1587 1351 atque
1599 1310 1698 1337 one-

116 1355 172 1394 ris
187 1353 425 1410 imponam3
446 1369 525 1396 nec
541 1355 723 1409 despero
736 1360 896 1405 tamen,
911 1352 1170 1409 quamquam
1188 1354 1362 1408 languet
1376 1352 1596 1408 juventus,
1617 1367 1698 1393 nec

118 1409 293 1466 perinde
310 1417 438 1467 atque
456 1411 613 1452 debeat
627 1411 670 1452 in
683 1410 822 1452 laudis
841 1417 884 1452 et
901 1411 1047 1466 gloriee
1061 1409 1297 1466 cupiditate
1312 1416 1516 1460 versatur,
1530 1409 1696 1450 futuros
1714 1409 1770 1448 50

116 1466 285 1522 aliquos
305 1467 379 1523 qui
401 1468 617 1524 abjectum
633 1468 717 1509 hoc
737 1468 918 1509 cadaver
940 1467 1234 1509 consularibus
1255 1466 1404 1522 spoliis
1421 1465 1582 1507 nudare
1610 1481 1698 1507 non

117 1523 271 1573 nolint,
293 1524 528 1580 praesertim
547 1533 637 1566 tam
655 1524 830 1576 afflicto,
850 1532 939 1566 tam
959 1523 1140 1573 infirmo,
1162 1531 1250 1565 tam
1270 1529 1470 1565 enervato
1491 1536 1584 1570 reo;
1624 1522 1699 1579 qui

117 1585 160 1621 te
179 1579 242 1621 ita
257 1581 456 1636 gesseris,
479 1588 527 1623 ut
546 1581 715 1623 timeres
732 1597 785 1624 ne
802 1581 1006 1637 indignus
1023 1581 1235 1623 beneficio
1254 1579 1468 1631 videreris,
1490 1579 1574 1621 nisi
1590 1580 1699 1636 ejus,

117 1637 141 1678 ὲ
158 1651 245 1693 quo
265 1637 425 1680 missus
442 1653 551 1688 eras,
569 1638 812 1680 simillimus
832 1638 1088 1680 exstitisses,

176 1693 299 1736 XIV.
331 1695 402 1736 An
417 1694 519 1737 vero
535 1701 584 1737 tu
600 1694 749 1751 parum
764 1701 891 1751 putas
909 1695 1187 1751 investigatas
1202 1709 1296 1736 esse
1313 1693 1474 1735 anobis
1486 1693 1606 1735 labes
1620 1693 1700 1734 im-

118 1750 223 1806 perii
240 1750 315 1804 tui,
328 1758 582 1809 stragesque
597 1752 852 1809 provinciae?
874 1766 981 1809 quas
996 1752 1171 1809 quidem
1184 1766 1277 1801 nos,
1290 1766 1376 1792 non
1387 1750 1581 1807 vestigiis
1595 1751 1700 1792 odo-

1711 556 1766 597 ἓπ,

114 1883 452 1929 bineoeorabilem.

513 1889 658 1941 cplani
672 1893 824 1929 essent.
875 1886 1132 1929 dvi-renovabis.
1184 1893 1294 1928 enon
1299 1886 1495 1941 facerem
1511 1890 1550 1927 te
1566 1899 1699 1928 reum.

524 1943 788 1999 ‘Nunquam
808 1945 989 1987 liberabo
1010 1949 1050 1986 te
1071 1945 1122 1985 ab
1144 1945 1221 1985 Ῐιίιε
1242 1945 1360 1984 cura.

160 2091 213 2122 35.
238 2091 359 2132 Alpium
381 2091 519 2134 vallum]
557 2092 651 2123 ltalia
663 2092 796 2134 Alpibus
812 2098 890 2123 tarn-

117 2145 211 2176 quam
228 2136 309 2166 vallo
333 2136 486 2175 munitur-3
510 2136 594 2177 quod
611 2136 641 2166 ei
656 2136 674 2166 ῖι
689 2136 800 2167 natura
815 2146 890 2166 con-

119 2188 242 2208 cessum
259 2184 316 2209 cst.

161 2223 214 2251 36.
260 2221 357 2253 Rheni
379 2221 519 2264 fossam]
566 2221 651 2253 Galli
680 2221 699 2251 εὶ
723 2221 889 2254 Germanis

117 2274 173 2305 per
189 2264 337 2295 Rhenum
353 2265 481 2295 fluvium
497 2271 688 2306 separantur.

163 2310 216 2339 45.
240 2307 439 2350 Requirebus]
486 2309 644 2340 Credcbat
662 2308 745 2344 Piso,
761 2307 886 2339 Cicero-

118 2360 190 2380 nem
218 2357 300 2382 metu
329 2352 434 2392 generi
462 2353 508 2382 sui
540 2352 672 2382 Caesaris
707 2352 885 2382 deterritum

120 2393 215 2425 fuisse
228 2394 247 2424 ῖι
259 2405 314 2425 suo
328 2395 455 2425 nominc
469 2395 652 2426 deferendo.

162 2437 216 2470 46.
244 2437 408 2479 Irficiando
433 2439 514 2480 tibi]
572 2438 690 2469 Versus
720 2442 769 2468 est
797 2436 889 2468 Accii

122 2480 226 2520 poetae
242 2481 273 2511 in
290 2481 400 2514 Atreo.

163 2524 217 2553 4⁷.
263 2523 409 2565 Tantaque
436 2524 533 2565 bella]
595 2523 718 2554 Bellum
749 2528 822 2554 tunc
858 2523 889 2554 in

123 2563 228 2596 Gallia
255 2574 363 2598 contra
388 2567 555 2597 Britannos
585 2574 617 2598 et
640 2566 812 2598 Germanos
837 2577 890 2607 gc-

126 2607 213 2638 rebat
228 2609 341 2640 Caesar.

163 2651 215 2682 49.
241 2651 378 2694 Languet
397 2653 567 2694 juventus]
626 2653 806 2684 Accusabat
835 2663 891 2693 po-

121 2691 271 2725 tissimum
292 2695 435 2736 juvenes,
458 2697 490 2727 iu
514 2697 624 2739 quibus
650 2698 713 2728 haec
741 2696 805 2727 laus
826 2695 891 2736 jam

122 2735 234 2775 frigere
249 2738 421 2771 videbatur.

163 2781 215 2810 51.
241 2780 444 2813 Consularibus
471 2784 566 2823 spoliis
593 2783 731 2824 auclara]
786 2783 893 2815 Mina-

935 2098 984 2123 tur
1010 2092 1165 2134 judicium
1209 2092 1451 2134 repetundarum
1489 2090 1702 2132 pecuniarum,

934 2146 1012 2177 quas
1030 2137 1102 2167 Piso
1119 2136 1282 2177 proconsul
1298 2146 1334 2166 ex
1358 2135 1551 2166 Macedonia
1565 2135 1701 2167 abstulit.

975 2180 1029 2210 53.
1053 2179 1198 2221 Indignus
1208 2179 1366 2220 beneficia]
1421 2178 1614 2209 Macedonia
1628 2189 1699 2219 pro-

932 2221 1033 2253 vincia
1056 2222 1163 2253 Pisoni
1186 2223 1311 2253 decreta
1333 2223 1392 2253 fuit
1413 2220 1433 2251 εὶ
1455 2221 1579 2258 Clodio,
1610 2222 1700 2262 quasi

931 2265 1119 2296 beneficium
1142 2271 1173 2296 et
1197 2276 1312 2296 merces
1329 2276 1383 2305 pro
1400 2264 1564 2295 Ciceronis
1580 2265 1698 2295 exsilio.

975 2308 1024 2339 Il).
1050 2308 1117 2339 Nisi
1138 2310 1226 2351 rjus]
1275 2308 1348 2339 Non
1375 2307 1561 2338 decrevisset
1591 2307 1699 2338 Pisoni

933 2351 1061 2382 Clodius
1085 2351 1319 2388 Macedoniam,
1341 2351 1399 2382 nisi
1412 2351 1442 2381 ei
1457 2350 1518 2381 suis
1533 2349 1699 2382 sceleribus

933 2395 1103 2425 simillimus
1118 2395 1237 2426 fuisset.

978 2442 1008 2468 1.
1032 2439 1079 2468 An
1093 2438 1156 2469 vero
1172 2444 1204 2468 tu
1215 2438 1350 2479 partlm]
1407 2437 1633 2478 Ostenditjam
1647 2437 1702 2469 Ci-

932 2491 1016 2518 cero,
1038 2492 1099 2512 nou
1115 2483 1225 2512 deesse
1239 2482 1380 2521 crimina,
1405 2487 1532 2523 propter
1547 2491 1616 2522 quae
1630 2491 1700 2522 pos-

935 2525 976 2555 sit
991 2525 1022 2554 in
1032 2524 1186 2565 judicium
1199 2525 1363 2566 appellari.

976 2567 1026 2598 Ib.
1043 2568 1258 2609 Investigatas]
1283 2568 1399 2604 innuit,
1412 2566 1484 2598 satis
1495 2576 1562 2596 esse
1576 2565 1703 2606 cognita

935 2609 1057 2641 Pisonis
1083 2611 1210 2646 scelera,
1239 2612 1278 2640 ob
1306 2622 1376 2652 quae
1396 2608 1566 2650 comparari
1596 2615 1703 2642 eontra

936 2665 1005 2684 eum
1022 2655 1121 2695 possit
1135 2655 1301 2686 accusatio.

980 2700 1009 2727 Q.
1061 2696 1190 2739 Vestigiis
1225 2697 1400 2738 odorante-§.J
1459 2697 1649 2740 Metapliora
1685 2697 1705 2726 Ῑι

938 2739 1059 2779 belluis,
1083 2751 1152 2781 quae
1182 2752 1219 2770 ex
1245 2740 1382 2782 vestigiis
1408 2745 1439 2771 et
1465 2740 1705 2773 volutationibus

938 2783 1000 2814 suis
1015 2784 1301 2825 deprehenduntur.
