1759 2997
69 143 155 187 548

116 222 194 264 legit
206 224 305 253 eversoe
313 231 364 262 per
376 226 404 252 te
416 227 443 252 et
454 220 573 262 perditae
582 230 594 258 ,⁶
621 219 673 251 cui
688 221 843 252 accedunt

118 266 247 296 Manut.
265 269 298 295 et
309 265 420 295 Lamb.
432 265 486 295 sed
499 272 555 305 pro
569 263 688 303 perditae
697 262 724 294 T
725 264 841 294 urnebo

118 309 225 349 placet
238 309 371 348 prodieae.
597 309 599 311 ’

73 350 128 383 25.
157 350 362 390 mariarum]
409 349 459 380 Ita
483 349 537 379 lib.
562 357 680 385 omnes,
704 349 788 389 quod
810 353 842 379 et

121 395 246 426 Graevio
263 394 388 434 placet3
412 393 532 423 Faerno
548 398 651 422 autem
663 391 836 423 traderetur.

73 439 130 469 ⁷1.
154 437 311 478 ferculis]
370 435 421 466 Ita
445 435 497 465 lib.
529 436 593 466 ant.
616 430 750 471 Faerni3
782 444 838 474 pro

119 491 182 521 quo
205 479 256 509 alii
279 479 395 509 habent
422 479 571 516 vehiculis,
594 477 680 518 quod
709 477 837 507 sortasse

118 524 425 562 interpretamentum
440 527 496 552 est.

74 565 135 596 XI.
158 568 189 595 4.
212 564 346 605 Infima]
395 565 445 594 lta
476 564 573 594 MSS.
601 567 633 593 et
661 563 772 595 Lamb.
804 568 836 593 et

118 609 219 640 Graev.
234 609 289 639 sed
306 607 424 647 vulgati
436 607 638 647 infirmissimo.
767 645 773 648 ἡ

71 654 103 684 8.
129 651 411 691 Praestantissimus.]
457 649 560 681 Graev.
581 650 598 680 ὲ
622 648 719 679 MSS.
747 648 832 680 Pith.

118 700 150 724 et
166 694 275 726 Franc.
288 694 378 724 addit
391 699 419 723 et
429 694 638 723 ornatissimus.

71 739 128 769 30.
153 737 350 777 protervius]
388 735 439 766 Ita
452 736 562 767 Faern.
576 746 632 776 pro
643 746 704 776 quo
717 734 834 774 vulgati

115 781 233 810 habent
245 781 403 820 posteriu55
426 779 510 820 quod
527 783 559 809 et
573 779 673 819 ipsum
688 777 833 808 Turnebo

115 834 177 853 nun
192 823 349 863 displicet.
394 821 560 852 Adversar.
576 821 596 850 Ι.
610 832 657 851 xx.
674 830 702 850 c.
717 822 747 850 9.

69 867 124 896 64.
150 865 308 904 Epicurum
334 866 473 894 disertum
501 865 668 899 decernere5
691 868 719 892 et
741 869 836 893 tamen

111 909 221 938 dictum
234 914 268 937 ut
281 907 410 947 opinon]
448 906 497 936 Ita
514 907 630 936 habent
643 905 830 944 antiquiores

113 952 254 991 plerique
271 950 358 985 editi,
376 949 488 979 omissa
501 959 577 979 voce
590 954 633 978 ut.
668 947 829 977 Manutius

112 993 211 1024 voluit
226 1000 253 1023 et
269 993 384 1023 tandem
398 993 509 1022 dictum
523 993 633 1031 opinor.
694 990 780 1026 Quid
806 991 832 1020 si

114 1037 158 1067 sic
189 1036 326 1076 legatur?
362 1040 389 1065 et
422 1037 511 1065 etiam
539 1036 622 1068 dicit,
659 1039 694 1063 ut
722 1034 833 1072 opinor.

114 1079 255 1110 Graevius
280 1084 384 1109 autem
400 1077 418 1108 ὲ
435 1077 516 1108 Cod.
534 1077 645 1107 Faern.
661 1082 692 1106 et
705 1076 833 1116 quibus-

112 1123 185 1152 dam
208 1121 402 1151 Manutianis
425 1121 470 1150 ita
494 1121 596 1150 edidit
619 1125 651 1150 et
672 1119 833 1155 distinxit;

111 1164 276 1204 Epicurum
284 1165 423 1194 disertum
434 1164 526 1194 dicere
536 1174 546 1200 ,·
562 1169 602 1193 est
613 1168 708 1192 tamen
720 1173 728 1190 .-
749 1162 833 1197 dicit,

110 1213 146 1237 ut
165 1209 286 1247 opium-‚-
311 1206 353 1236 sic
369 1217 402 1236 se
418 1206 586 1247 explicans,
608 1211 647 1235 est
662 1211 769 1240 tamen,
784 1204 832 1234 in-

111 1250 180 1290 quit
217 1250 341 1285 Cicero,
377 1251 445 1286 ita5
482 1249 559 1279 dicit
595 1248 760 1288 Epicurus,
794 1251 829 1277 ut

111 1293 234 1332 opinor,
246 1293 438 1333 voluptatem
452 1302 520 1322 esse
533 1301 685 1321 summum
701 1291 826 1320 bonum.

112 1336 187 1372 Sed,
211 1341 380 1376 utcumque
391 1346 423 1365 se
439 1346 487 1365 res
502 1334 627 1368 habeat,
650 1333 744 1363 verba
759 1338 830 1362 sunt

110 1379 313 1410 concedentis
329 1379 372 1408 ita
389 1378 501 1408 dixisse
525 1377 630 1407 revera
645 1376 828 1416 Epicurum,

108 1432 134 1452 se
157 1422 272 1452 nullum
295 1422 399 1451 bonum
420 1421 582 1461 intelligere
599 1429 687 1459 posse,
710 1419 829 1458 demptis

106 1466 231 1504 corporis
240 1464 443 1504 voluptatibus.

64 1510 120 1538 84.
145 1508 271 1538 Detrahi
284 1507 358 1536 nihil
369 1507 456 1548 volm]
500 1505 551 1536 Ita
563 1505 674 1536 Faern.
691 1504 745 1535 ubi
760 1504 827 1534 vul-

108 1550 172 1591 gati
188 1551 302 1580 habent
317 1550 431 1579 detrahi
442 1550 517 1580 nolo.

62 1591 142 1624 XII.
166 1596 198 1624 7.
226 1593 368 1632 δσνὶρεὶηὶ
390 1594 476 1628 enim,
498 1592 600 1622 cedant
621 1601 704 1621 arma
725 1591 825 1632 togae]

106 1636 201 1677 Vulg.
225 1636 369 1675 Scripsisti
387 1637 463 1665 enim
490 1645 596 1669 versus,
619 1635 722 1664 cedant
745 1645 828 1664 arma

106 1685 187 1720 togae.
243 1679 305 1708 Sed
330 1689 438 1708 vocem
461 1689 556 1708 versus
578 1676 685 1707 merit&
711 1677 828 1707 delevit

104 1721 251 1757 Faernus,
260 1722 442 1752 auctoritate
451 1721 611 1752 Cod.Vat.
623 1725 695 1750 utet
705 1719 829 1751 Manut.

105 1770 136 1794 et
152 1764 254 1795 Graev.

61 1808 113 1838 11.
142 1807 193 1842 Ut,
215 1807 289 1846 quud
314 1805 462 1846 RIarcus]
508 1804 597 1835 Male
626 1805 756 1842 vulgati,
791 1811 826 1835 ut

103 1861 159 1879 non
175 1851 250 1889 quud
271 1849 403 1879 stIarcus.
450 1848 644 1888 Negativum
667 1847 717 1878 hic
740 1848 823 1878 recte

106 1893 294 1923 sustulerunt
309 1892 455 1926 Faernus,
478 1891 631 1926 Graevius,
653 1889 712 1920 &c.
729 1890 822 1930 supra

105 1936 188 1965 enim
205 1935 298 1969 dixit,
323 1944 464 1974 nusquam
479 1935 621 1972 opinor—

59 1979 114 2008 ⁶25.
134 1977 510 2017 Concedatlaurealaudi]
548 1974 671 2005 Acriter
682 1974 821 2005 hicinter

105 2030 138 2050 se
156 2020 352 2051 contendunt
367 2019 422 2049 viri
441 2019 540 2053 docti,
563 2016 665 2048 utrum
683 2018 765 2048 laudi
780 2029 820 2048 an

103 2065 211 2107 lingme
235 2063 402 2103 legendum
426 2063 476 2093 sit.
522 2061 623 2090 Laudi
649 2062 765 2090 habent
790 2066 822 2090 et

102 2105 227 2147 plurimi
243 2111 275 2135 et
288 2105 400 2144 optimi
412 2105 511 2135 MSS.
525 2110 556 2134 et
567 2104 639 2134 edd.
651 2103 777 2135 Manut.
788 2109 823 2133 ut

58 2166 63 2169 -
102 2151 134 2179 et
146 2148 189 2179 R..
204 2153 236 2178 et
252 2147 289 2179 C.
303 2148 414 2188 steph.
429 2148 488 2178 hoc
504 2148 534 2177 in
551 2147 640 2177 loco:
664 2145 822 2186 (quamvis

100 2192 122 2221 l.
140 2196 169 2222 1.
182 2191 273 2222 OffiC.
287 2196 349 2221 tam
366 2190 409 2222 R.
420 2191 514 2232 quim
527 2188 564 2221 C.
579 2189 689 2230 steph.
705 2190 822 2220 habent

634 130 800 176 vnum>
818 131 1082 178 Lssc‘uo‘NES.

928 220 1054 263 linguae)
1075 223 1109 251 et
1129 219 1212 252 certe
1242 218 1268 251 si
1292 217 1455 262 sequentia
1483 213 1643 258 Cieefotiis

927 265 1021 295 verba
1050 265 1176 294 minimae‘
1208 264 1292 294 laudi
1329 264 1458 294 lauream
1486 265 1644 299 6051aessssae

928 313 1064 347 spectes,
1087 308 1170 337 laudi
1184 307 1326 348 praeseras
1340 311 1474 347 oportet.
1484 299 1644 343 Plataicbi

929 355 1033 380 autem
1059 350 1166 385 verba,
1193 353 1230 396 τῇ
1255 351 1378 395 γλώσσῃ
1404 351 1454 384 τὴν
1481 345 1644 389 θριᾳμὸικῆν

924 394 1044 423 ὑπείκειν
1081 392 1194 433 δάφνην,
1242 393 1349 433 linguae
1386 391 1484 432 magis·
1524 391 1642 429 saffent.

926 435 1011 471 Quid
1027 436 1051 465 si
1069 436 1199 465 diversis
1212 435 1402 476 temporibus
1411 435 1533 473 diverso
1548 434 1642 474 modo

925 478 1087 518 protulerit
1102 479 1183 508 hunc
1199 489 1318 508 versum
1334 478 1401 518 ipse¹
1418 477 1550 508 Cicero?
1577 473 1642 514 Qui

922 521 1011 561 plura
1027 522 1066 551 de
1080 522 1138 551 hac
1154 531 1185 550 re
1198 521 1277 559 vult,
1291 519 1565 559 adeatGraevium,
1575 520 1641 562 qui,

922 568 984 593 tam
1001 565 1059 594 hoc
1076 564 1144 594 loco
1161 563 1254 604 quam
1270 563 1322 594 illo
1334 563 1365 594 in
1378 562 1440 595 1.1.
1453 562 1544 593 offic.
1558 556 1642 593 laudi

922 606 1119 637 retinendum
1135 613 1252 637 censet.

878 651 932 681 42.
955 649 1178 691 complecteris]
1227 649 1342 680 Erfurt.
1356 651 1389 680 et
1403 644 1489 682 Pith.
1504 641 1640 689 complea-

922 698 979 723 τετε
993 694 1045 723 vis.

878 737 932 765 68.
954 734 1172 776 Sumpturum]
1219 733 1270 764 Al.
1286 734 1503 774 Suscepturum.

877 777 975 809 XIII.
999 780 1030 808 7.
1055 779 1140 808 oiim
1157 777 1262 808 hocin
1285 778 1354 809 loco
1379 779 1422 808 ita
1443 775 1566 818 legitur.
1586 787 1640 807 cu-

912 823 969 860 jus
983 831 1033 862 ego
1047 821 1185 861 beneficiis
1198 821 1321 860 quidem,
1345 827 1377 851 et
1391 819 1434 851 sic
1448 824 1556 860 pmnes
1571 818 1641 850 libri

923 869 955 894 et
982 864 1078 894 MSS.
1107 869 1139 893 et
1165 864 1240 894 edd.
1266 869 1337 894 ante
1367 862 1564 898 Lambinurn,
1586 861 1640 904 qui

917 906 1033 946 primus
1047 907 1091 936 sic
1107 906 1218 941 edidit,
1231 917 1324 947 quem
1337 911 1392 936 no's
1408 905 1507 936 secuti
1522 909 1638 944 sunjus,

918 950 1001 988 cujus
1013 959 1063 989 ego
1085 955 1120 978 πε
1141 949 1282 988 beneficiis
1294 949 1420 988 quidem,
1443 948 1527 988 quod
1544 947 1639 978 eriam

920 991 1062 1022 Graevius
1072 990 1216 1021 libentius
1233 991 1484 1032 amplecteretur,
1499 990 1525 1020 Si
1539 984 1638 1022 MSS.

919 1039 1101 1070 annuerent,
1125 1034 1198 1074 quia
1221 1043 1328 1063 sensus
1350 1032 1381 1063 id
1405 1033 1509 1073 ipsum
1530 1035 1638 1073 posui-

918 1076 981 1107 lare
999 1077 1130 1107 videtur.
1191 1076 1240 1106 Ea
1261 1076 1431 1106 mutatione
1457 1080 1520 1105 non
1536 1074 1638 1116 plane

919 1129 997 1159 opus
1013 1124 1081 1157 est;
1106 1119 1164 1149 hoc
1180 1120 1263 1149 euim
1280 1118 1361 1149 velle
1376 1118 1498 1148 videtur
1514 1117 1639 1154 Ciceid',

919 1173 953 1192 se
969 1172 1032 1192 non
1048 1162 1220 1202 postulasse
1242 1167 1277 1192 ut
1300 1161 1415 1192 Caesari
1435 1160 1525 1191 nimis
1549 1164 1637 1191 carus

919 1211 1011 1240 esset,
1034 1206 1108 1245 quia
1130 1209 1195 1235 tum
1218 1204 1376 1235 beneficiis
1402 1202 1470 1244 ejus
1498 1202 1597 1235 victus
1617 1203 1638 1234 a

916 1247 1072 1278 sententia
1097 1247 1152 1278 sua
1178 1248 1336 1283 recedere,
1363 1252 1494 1287 eamque
1518 1242 1635 1277 Cae'sari

916 1291 1050 1327 tradere,
1063 1296 1189 1321 coactus
1203 1295 1294 1321 esset.
1308 1289 1344 1320 F.
1355 1289 1486 1320 Ursinu's
1501 1294 1564 1319 rem
1581 1289 1638 1319 ali-

919 1338 965 1363 ter
980 1333 1119 1374 expedit.
1133 1344 1188 1373 pro
1201 1334 1316 1373 quidem
1326 1332 1507 1373 reponendo
1513 1327 1638 1372 pridem.

871 1376 964 1406 XIV.
988 1378 1041 1406 48.
1065 1376 1227 1417 Plerique]
1271 1376 1324 1408 ΑΙ.
1343 1374 1484 1415 perteque.
1527 1413 1530 1414 ⁷

872 1421 924 1450 69.
1038 1419 1216 1459 legatorum
1239 1424 1356 1449 tuorum
1385 1418 1539 1459 optimus]
1583 1415 1636 1448 Ita

916 1472 1024 1493 omnes
1047 1462 1143 1492 MSS.
1160 1462 1273 1493 Faern.
1291 1462 1382 1492 Grut.
1400 1466 1433 1490 et
1448 1459 1552 1490 Graev.
1577 1460 1635 1490 sed

913 1506 991 1535 editi
1007 1504 1148 1546 plerique
1168 1505 1225 1541 sic,
1248 1505 1409 1546 legatorum
1431 1508 1550 1533 tuorum
1570 1507 1636 1534 tur-

870 1551 873 1553 ’
912 1549 1062 1587 pissimus?
1082 1549 1204 1587 optimus

870 1590 944 1621 XV.
969 1594 1021 1622 24.
1044 1591 1198 1627 Arsinoen,
1219 1590 1382 1630 Stratum]
1427 1587 1479 1620 Sic
1499 1586 1634 1626 Tumeb.

915 1633 932 1664 ὲ
948 1634 1044 1664 MSS.
1061 1633 1101 1663 al.
1115 1634 1258 1664 Arsinoen
1273 1633 1429 1663 Thracum.

872 1676 966 1709 XVI.
993 1680 1042 1707 11.
1068 1676 1270 1718 conjicietur]
1328 1675 1379 1706 Ita
1408 1675 1477 1705 libri
1507 1679 1634 1705 omnes:

915 1720 969 1749 sed
987 1719 1125 1750 Faernus
1144 1731 1180 1750 ex
1196 1718 1373 1760 conjectura
1385 1719 1562 1748 comitetur.

876 1763 929 1792 13.
952 1762 1070 1793 Invitus
1082 1763 1242 1803 invitabis]
1293 1762 1465 1792 Hotoman.
1479 1765 1512 1791 et
1526 1760 1636 1790 Lamb.

913 1805 1030 1834 malunt
1042 1807 1167 1835 invitum
1182 1804 1329 1835 invitabis.

868 1848 920 1877 53.
938 1847 984 1877 De
996 1853 1023 1877 te
1033 1847 1201 1877 FECISSE
1215 1846 1367 1876 VIDERI
1377 1845 1632 1886 pronuntiavisti]

909 1889 961 1919 Ita
981 1890 1064 1920 recte
1081 1891 1161 1920 hunc
1177 1891 1278 1920 locum
1301 1889 1319 1919 ὲ
1343 1888 1440 1920 MSS.
1455 1888 1635 1918 emendavit

909 1932 1060 1967 Faernus,
1084 1933 1138 1962 ubi
1155 1932 1238 1973 prius
1255 1932 1330 1962 editi
1347 1933 1465 1961 habent
1478 1932 1513 1961 de
1528 1936 1555 1962 te
1569 1941 1632 1962 sen-

908 1978 1028 2005 tentiam
1054 1976 1152 2006 tulisse
1173 1976 1290 2011 videris,
1313 1979 1376 2004 tum
1389 1975 1542 2014 judicium
1563 1978 1634 2014 pro-

909 2019 1098 2048 nuntiavisti.

865 2062 917 2091 62.
944 2060 1105 2091 Pendet-ari
1119 2060 1267 2101 neque—]
1279 2059 1331 2091 Sic
1343 2059 1437 2090 etiam
1451 2055 1536 2090 recte
1546 2061 1630 2091 hunc

909 2103 1010 2134 locum
1034 2103 1263 2134 constituerunt
1285 2102 1411 2133 Manut.
1435 2102 1546 2134 Lamb.
1568 2092 1628 2143 &a

910 2146 963 2176 ubi
977 2146 1093 2186 vulgati
1107 2147 1234 2184 habent,
1245 2147 1402 2187 ponderari
1414 2145 1508 2177 dicere
1522 2146 1630 2177 audes?

910 2200 1009 2231 neque,
1032 2189 1082 2230 δςο.

564 2545 658 2577 PRO
681 2545 719 2577 T.
743 2541 894 2578 ANNIO
919 2546 1115 2579 M1LONE.
1150 2535 1154 2539 “

53 2648 128 2680 Par.
155 2646 184 2678 I.
209 2647 279 2678 Lin.
306 2649 337 2678 3.
367 2645 462 2677 CUM
491 2645 525 2678 T.
557 2646 672 2677 Annius
709 2646 817 2687 [Milo]

97 2691 281 2731 Cognomen
297 2690 373 2720 Milo
386 2691 475 2720 abest
489 2691 573 2730 apud
587 2689 719 2726 Quintil.
737 2690 757 2719 l.
773 2690 814 2719 xi.

95 2744 168 2774 cap.
185 2736 215 2764 3.
240 2741 271 2763 et
284 2734 316 2763 in
332 2733 407 2763 Var.
419 2733 507 2766 Lect.
522 2733 631 2774 Steph.
646 2738 689 2770 et,
705 2738 816 2765 utere-

96 2778 150 2817 do,
174 2775 287 2809 rectius
303 2776 402 2807 abest.

861 2649 893 2678 7.
907 2647 1103 2688 Requirunt]
1142 2647 1194 2678 Sic
1204 2646 1242 2680 F.
1255 2644 1413 2678 Fabricius
1422 2649 1455 2676 et
1463 2646 1516 2678 alii
1525 2646 1623 2680 MSS.

903 2696 936 2721 et
957 2691 1001 2721 sic
1017 2690 1111 2721 etiam
1133 2690 1246 2731 legitur
1269 2691 1353 2731 apud
1378 2690 1511 2726 Quintil.
1531 2691 1574 2724 xi.
1590 2693 1624 2724 3.

902 2744 959 2774 pro
975 2744 1036 2774 quo
1049 2733 1169 2774 vulgati
1191 2733 1280 2763 multi
1300 2734 1419 2764 habent
1436 2732 1554 2763 minime?
1576 2736 1622 2764 vi-

901 2777 981 2813 dent,
990 2777 1075 2818 quod
1085 2777 1397 2818 interpretamentum
1406 2786 1474 2808 esse
1484 2776 1619 2814 videtur,
