1838 3017
308 144 504 215 ἄίνωπᾶκ
577 158 592 192 Ι
670 171 672 175 ,
704 135 963 170 PHILIPPICA
989 136 1034 169 ΙΙ.
1648 134 1734 181 417

96 210 170 279 il)e
190 223 236 257 se
253 209 299 252 in
313 209 452 253 scalas
465 208 658 262 tabernae,
671 210 848 253 librariae
862 211 1135 267 conjecisset,
1151 210 1305 267 hisque
1321 208 1339 235 ¹³
1350 208 1556 267 oppilatis
1575 207 1654 251 im·
1671 212 1727 253 55

98 267 114 280 ''
140 264 246 310 'tum
266 275 387 310 tuum
407 260 776 324 tcofnpre'ss'isset‘t
824 269 973 323 [Quod
995 268 1188 325 quidem]
1211 284 1291 325 ego
1314 267 1470 309 favisse
1488 282 1556 309 me
1574 267 1653 308 tibi

118 334 250 378 ateor,
267 325 452 367 suasisse
474 340 526 366 ne
548 331 594 366 tu
614 326 786 381 quidem
807 326 929 367 dicis.
990 327 1048 366 At
1070 325 1227 366 Miloni
1249 339 1302 366 ne
1325 325 1464 367 favere
1481 324 1655 380 quidem

98 383 242 439 potui3
269 381 382 438 prius
413 381 527 423 enim
557 397 644 424 rem
675 383 895 439 transegit,
918 382 1048 439 quam
1079 383 1307 439 quisquam
1329 397 1425 424 eum
1453 381 1496 422 id
1518 381 1656 422 factu-

100 449 193 481 rum
214 438 516 495 suspicaretur.
547 439 607 480 At
629 454 708 494 ego
730 440 867 481 suasi!
905 440 1083 481 Scilicet
1105 439 1139 479 is
1162 439 1329 480 animus
1348 444 1438 480 erat
1459 437 1654 488 Milonis,

100 502 150 538 ut
169 496 371 560 prodesse
392 495 635 551 reipublieae
657 491 749 537 sine
769 511 942 538 suasore
963 511 1048 538 non
1071 495 1236 551 posset!
1279 495 1338 536 At
1358 496 1524 536 laetatus
1546 509 1654 536 sum.
1677 495 1728 537 lO

103 553 219 602 de
235 551 337 609 ergo
346 551 362 592 ¹?
384 552 425 593 in
441 553 562 594 tant-si
580 553 728 594 laetitist
744 560 909 595 cunotae
925 553 1128 602 civitatis,
1148 566 1215 593 me
1232 566 1362 592 unum
1380 551 1543 592 tristem
1561 566 1656 592 esse

102 610 327 666 oportebat
338 608 354 649 ’ἒ
387 609 658 666 Quamquam
679 611 732 652 de
754 618 888 651 morte
913 610 962 650 P.
983 609 1127 650 Clodii
1147 608 1226 649 fuit
1242 608 1422 663 quaestio
1444 621 1530 648 non
1551 609 1655 648 satis

100 666 331 723 prudenter
350 667 422 707 illa
442 667 616 722 quidem
637 667 895 708 constituta:
929 666 1030 722 quid
1053 665 1167 706 enim
1187 665 1400 705 attinebat
1429 664 1542 705 nova
1562 664 1656 720 lege

105 723 238 780 quaeri
257 723 311 765 de
333 737 398 776 eo,
421 723 494 779 qui
524 724 740 765 hominem
758 722 1004 771 occidisset,
1026 721 1123 763 eum
1145 727 1259 762 esset
1289 720 1458 777 legibus
1478 722 1656 777 quaestio

105 780 371 822 constituta?
401 780 628 834 quaesitum
650 786 716 821 est
735 785 893 820 tamen.
945 778 1073 826 Quod
1095 777 1210 834 ergo,
1233 777 1328 819 enm
1349 793 1414 819 res
1436 778 1656 834 agebatur,

105 851 233 878 nemo
253 836 297 877 in
318 850 386 877 me
407 835 529 887 dixit,
552 836 611 888 id,
631 843 696 877 tot
725 836 847 877 annis
869 836 981 892 post,
1004 843 1050 876 tu
1072 849 1115 876 es
1136 836 1348 886 inventus,
1370 834 1442 891 qui
1465 835 1657 876 diceres?

107 891 237 941 Quod
259 891 358 934 vero
381 892 524 934 dicere
546 907 674 934 ausus
697 907 757 944 es,
778 893 908 948 idque
929 893 1072 933 multis
1095 891 1249 943 verbis,
1268 893 1397 948 opera
1416 891 1514 933 mea
1531 891 1658 932 Pom-

103 949 247 1006 peium
264 948 290 990 a
303 949 483 990 Caesaris
500 949 685 991 amicitia
700 965 794 991 esse
811 950 1088 1005 disjunctum,
1107 949 1160 990 ob
1180 963 1359 1004 eamque
1373 963 1546 990 causam
1561 947 1659 989 mea

106 1005 237 1064 culpa
257 1005 382 1048 civile
403 1007 560 1048 bellum
579 1021 673 1048 esse
693 1014 862 1058 natum3
895 1007 937 1047 in
959 1021 1009 1047 eo
1031 1020 1117 1046 non
1138 1013 1184 1046 tu
1206 1005 1379 1062 quidem
1395 1005 1489 1046 tota
1507 1020 1566 1057 re,
1581 1005 1658 1047 sed

105 1064 240 1119 (quod
261 1063 492 1104 maximum
515 1063 598 1115 est)
620 1063 893 1119 temporibus,
916 1063 1078 1104 errasti.
1140 1062 1251 1118 Ego,
1274 1062 1336 1103 M.
1360 1061 1533 1111 Bibulo,
1555 1076 1658 1118 prae-
1676 1066 1733 1109 20

109 1120 373 1161 stantissimo
394 1120 502 1171 eive,
525 1120 716 1171 consule,
743 1120 850 1161 nihil
882 1118 1145 1176 prantewni‘si,
1168 1124 1393 1175 (quantum
1412 1119 1552 1160 facere
1573 1117 1660 1160 eni-

106 1175 227 1232 tique
249 1177 383 1234 potui)
408 1177 512 1232 quin
545 1176 800 1233 Pompeium
823 1176 849 1217 ῖι
871 1177 1052 1218 Caesaris
1077 1176 1381 1232 conjunctione
1410 1189 1659 1217 evocarem:

103 1231 150 1273 in
181 1247 268 1289 quo
297 1233 441 1275 Caesar
467 1233 548 1274 fuit
581 1233 768 1285 felicior3
800 1233 893 1290 ipse
928 1233 1040 1275 enim
1071 1233 1327 1288 Pompeium
1356 1235 1382 1273 ἐι
1409 1232 1508 1275 mea
1538 1231 1662 1274 fami-

106 1289 293 1341 liaritate
323 1290 548 1346 disjunxit.
608 1289 769 1332 Postea
788 1290 887 1332 vero
908 1289 1037 1347 quam
1067 1304 1112 1331 se
1142 1296 1282 1331 totum
1313 1289 1545 1346 Pompeius
1568 1289 1663 1330 Cae-

105 1346 190 1388 sari
219 1346 411 1399 tradidit,
433 1347 537 1403 quid
569 1361 651 1404 ego
682 1347 802 1389 illum
832 1348 886 1389 ab
918 1362 968 1389 eo
1001 1346 1236 1388 distrahere
1269 1346 1470 1388 conarer?
1533 1345 1662 1389 Stulti
1678 1351 1735 1393 25

106 1410 195 1445 erat
215 1418 406 1460 sperare3
437 1404 632 1456 suadere,
653 1403 933 1461 impudentis.
993 1403 1093 1446 Duo
1114 1410 1258 1445 tamen
1278 1409 1471 1460 tempora
1499 1402 1664 1445 incide-

106 1466 219 1511 runt,
250 1461 406 1517 quibus
446 1460 610 1516 aliquid
652 1468 802 1503 contra
842 1461 1057 1504 Caesarem
1104 1460 1314 1518 Pompeio
1357 1460 1581 1503 suaserim:
1613 1474 1666 1502 ea

108 1517 239 1558 velim
268 1517 570 1574 reprehendas,
611 1517 647 1559 si
685 1525 835 1574 potes:
867 1533 1015 1570 unum,
1044 1532 1099 1559 ne
1130 1517 1411 1574 quinquennii
1441 1517 1665 1574 imperium

112 1573 272 1615 Caesari
302 1581 575 1630 prorogaret3
605 1575 800 1627 alterum,
830 1590 884 1617 ne
914 1581 1130 1632 pateretur
1146 1575 1252 1626 fieri,
1274 1581 1322 1616 ut
1352 1575 1543 1617 absentis
1574 1575 1665 1631 ejus

107 1630 215 1674 ratio
236 1631 486 1675 haberetur:
520 1645 702 1688 quorum
722 1632 758 1674 si
781 1632 986 1676 utrumvis
1018 1631 1339 1689 persuasissern,
1361 1632 1405 1675 in
1434 1631 1513 1676 has
1541 1632 1666 1676 mise-
1682 1638 1739 1681 30

1679 779 1731 821 15

450 1802 646 1845 ‘'elau-sis.
1022 1812 1037 1857 ἒ
1047 1806 1322 1859 repressisset.

153 1977 206 2006 12.
240 1974 313 2006 Fuit
343 1976 478 2017 questio]
526 1975 643 2016 Legem
673 1976 741 2007 tulit
772 1976 867 2008 Pom·
908 1977 988 2008 inter
1019 1977 1187 2016 Caesarem,
1219 1976 1417 2018 Bompeium,
1447 1981 1480 2008 et
1509 1975 1667 2015 Crassum,

110 2019 213 2061 peius,
229 2024 263 2049 ut
275 2019 315 2050 de
328 2020 414 2049 caede
426 2019 457 2049 in
472 2018 576 2060 Appia
587 2019 637 2049 via
650 2019 735 2050 sacta
749 2030 867 2060 quaere-

110 2067 205 2093 retur.
250 2062 334 2093 Vide
351 2062 439 2092 Orat.-
467 2072 522 2103 pro
545 2061 618 2092 Mil.
640 2062 695 2093 ubi
719 2063 778 2094 ista
799 2063 866 2095 fuse

109 2109 289 2142 tractantur,
306 2116 412 2146 parag.
428 2116 466 2135 v„
484 2128 492 2134 .
505 2126 512 2131 .
558 2101 567 2133 ¹>
592 2111 597 2134 ’.

154 2147 204 2180 Ib.
228 2147 297 2178 fon
319 2147 390 2179 satis
408 2148 595 2190 prudenter]
640 2148 764 2179 Frustra
789 2159 870 2180 nova

110 2191 242 2233 quaestio
259 2191 299 2222 de
316 2191 419 2223 Clodii
445 2192 532 2222 caede
553 2192 616 2222 lata
638 2197 697 2228 est,
712 2191 781 2222 cum
802 2192 869 2233 jam

112 2236 154 2266 de
166 2239 262 2266 morte
273 2234 398 2272 civium,
411 2234 481 2275 lege
490 2233 778 2273 XIl.Tabularum,
788 2241 870 2268 esset

111 2277 290 2311 constituta.

156 2323 208 2353 19.
245 2320 313 2352 Non
342 2321 455 2361 quidem
483 2318 542 2352 tota
568 2320 627 2362 re.]
681 2321 868 2362 Pompeium

111 2364 242 2406 quidem
265 2365 420 2396 abducere
443 2364 463 2395 εἰ
478 2364 601 2395 Caesare
617 2362 729 2395 Cicero
741 2371 870 2396 conatus
891 2376 894 2379 ’

112 2411 171 2443 est,
187 2408 262 2438 dum
274 2407 449 2444 verebatur,
464 2418 504 2438 ne
521 2406 693 2448 conjunctis
709 2408 799 2439 armis
813 2407 871 2439 rei-

112 2450 248 2493 publicae
271 2456 304 2482 et
325 2450 452 2481 senatus
476 2451 693 2481 auctoritatem
714 2451 872 2482 convelle-

112 2497 202 2532 rent3
223 2504 287 2524 non
302 2492 375 2524 vero
392 2493 461 2525 esim
484 2493 600 2524 bellum
617 2493 706 2524 civile
722 2494 801 2525 inter
816 2504 870 2525 eos

113 2536 194 2566 vidit
207 2536 366 2568 exardere.
409 2536 493 2567 Nam
505 2536 612 2568 revera
625 2547 746 2578 semper
756 2543 788 2568 et
800 2548 872 2568 auc-

115 2585 163 2610 tor
189 2584 222 2610 et
245 2589 352 2610 suasor
378 2580 463 2621 pacis
489 2580 590 2610 fuerat
613 2579 735 2611 Cicero.
787 2580 874 2611 Vide

118 2621 208 2654 Orat.
225 2631 280 2663 pro
296 2622 463 2659 Marcello,
476 2633 582 2664 parag.
597 2623 640 2654 iii.
656 2623 675 2653 l.
692 2625 745 2654 28.

161 2666 215 2696 20.
228 2663 415 2707 M.Bibulo.]
428 2666 554 2697 Marcus
565 2666 616 2696 ille
628 2666 759 2697 Bibulus
769 2666 876 2697 consul

117 2707 177 2738 fuit
191 2717 261 2738 cum
277 2707 411 2746 Caesare,
423 2710 478 2750 qui
499 2709 557 2740 sibi
581 2709 674 2740 totius
696 2709 876 2741 consulatus

122 2753 312 2792 potestatem
323 2751 462 2794 arripuit3
476 2751 720 2784 immassibulum
726 2751 877 2794 collegam

910 2021 1054 2056 societas,
1077 2020 1156 2051 adeo
1178 2025 1213 2051 ut
1236 2030 1341 2051 eorum
1366 2020 1490 2051 arbitrIo
1512 2025 1578 2052 tota
1603 2031 1668 2052 res-

910 2063 1034 2105 publica
1047 2064 1279 2103 gubernaretur.
1323 2063 1411 2094 Tuuc
1426 2068 1529 2095 autem
1545 2068 1668 2105 tempo-

909 2107 949 2137 ris
972 2107 1123 2148 optabant
1145 2117 1252 2137 ornnes
1275 2106 1349 2137 boni
1371 2106 1465 2144 cives,
1480 2111 1515 2138 ut
1530 2106 1633 2139 Caesar
1647 2106 1668 2138 εἶ

913 2150 1067 2191 Pompeio
1080 2149 1302 2191 sejungeretur.

955 2196 1009 2226 24.
1030 2192 1181 2232 Pompeius
1196 2193 1305 2224 Caesari
1318 2192 1469 2235 tradidit]
1497 2192 1668 2235 Pompeius

911 2235 1175 2275 Juliam‚Caesaris
1185 2236 1291 2273 filiam,
1301 2246 1427 2266 uxorem
1437 2236 1539 2276 duxit,
1556 2247 1593 2267 ex
1603 2246 1667 2279 quo

913 2279 1107 2310 matrimonio
1132 2280 1252 2310 firmata
1275 2285 1322 2311 est
1347 2278 1502 2311 Caesarem
1531 2280 1612 2311 inter
1635 2284 1670 2311 et

912 2323 1098 2364 Pompeium
1113 2323 1257 2353 amicitia.

914 2385 916 2396 ,·
957 2368 1008 2397 28.
1033 2365 1079 2396 Ne
1092 2368 1286 2407 quinquennii
1306 2366 1484 2408 imperiumn]
1531 2365 1670 2398 Galliam

913 2414 1076 2450 utramque
1092 2420 1161 2440 cum
1175 2409 1316 2451 Illyrico,
1329 2409 1399 2449 lege
1411 2409 1670 2446 Vatinia,caesar

915 2453 1090 2483 obtinuerat
1113 2453 1143 2483 in
1160 2452 1414 2494 quinquennium.
1462 2452 1535 2490 Quo
1551 2452 1671 2493 elapso,

914 2495 1020 2527 effecit
1032 2506 1086 2537 per
1102 2495 1287 2536 Pompeium
1301 2501 1334 2526 et
1346 2494 1490 2526 Crassum
1501 2495 1624 2531 iterum,
1637 2499 1671 2524 ut

915 2549 970 2581 per
995 2544 1040 2569 tot
1063 2549 1160 2570 annos
1186 2539 1270 2570 idem
1297 2539 1459 2579 imperium
1485 2539 1542 2569 sibi
1565 2547 1672 2578 proro-

919 2587 1051 2622 garetur.
1095 2582 1154 2613 Cui
1178 2582 1241 2622 legi
1262 2581 1332 2613 cnm
1350 2580 1429 2612 Cato
1445 2582 1670 2619 adversaretur,

919 2625 938 2654 a
960 2624 1114 2656 Trebonio
1138 2626 1260 2656 tribuno
1280 2624 1380 2666 plebis
1399 2625 1431 2654 in
1453 2623 1576 2656 vincula
1596 2633 1672 2655 con-

914 2667 1019 2709 jectus
1034 2674 1091 2699 est.
1254 2681 1259 2686 ‘

962 2712 1015 2742 29.
1037 2712 1167 2743 Absentis
1187 2713 1248 2750 ejus
1268 2712 1346 2741 ratio
1367 2708 1545 2750 haberetur]
1591 2708 1673 2742 crim

920 2764 998 2785 unus
1025 2760 1108 2786 esset
1143 2754 1263 2785 tantum
1292 2752 1399 2784 consul
1436 2753 1607 2795 Pompeius
1639 2753 1674 2783 in

119 2803 210 2844 suurn
230 2793 249 2826 ἃ
268 2796 379 2827 senatu
402 2794 568 2837 prohibuit.
623 2794 712 2830 'lunc
732 2795 811 2830 inita
831 2800 880 2829 est
920 2797 1080 2840 republica
1102 2802 1174 2840 post
1196 2802 1324 2832 mortem
1349 2795 1466 2850 (JlodIi,
1483 2797 1548 2841 egit
1570 2795 1675 2831 Caesar
