<?xml version="1.0" encoding="UTF-8"?>
<!DOCTYPE html PUBLIC "-//W3C//DTD XHTML 1.0 Transitional//EN"
    "http://www.w3.org/TR/xhtml1/DTD/xhtml1-transitional.dtd">
<html xmlns="http://www.w3.org/1999/xhtml" xml:lang="en" lang="en">
 <head>
  <title>
</title>
<meta http-equiv="Content-Type" content="text/html;charset=utf-8" />
  <meta name='ocr-system' content='tesseract 3.04.00' />
  <meta name='ocr-capabilities' content='ocr_page ocr_carea ocr_par ocr_line ocrx_word'/>
</head>
<body>
  <div class='ocr_page' id='page_1' title='image "./selectaeoratione00ciceuoft_0523.png"; bbox 0 0 1838 3017; ppageno 0'>
   <div class='ocr_carea' id='block_1_1' title="bbox 712 162 1671 207">
    <p class='ocr_par' dir='ltr' id='par_1_1' title="bbox 712 162 1671 207">
     <span class='ocr_line' id='line_1_1' title="bbox 712 162 1671 207; baseline 0.013 -13"><span class='ocrx_word' id='word_1_1' title='bbox 712 162 773 195; x_wconf 85' lang='lat' dir='ltr'>DE</span> <span class='ocrx_word' id='word_1_2' title='bbox 795 162 1068 195; x_wconf 66' lang='lat' dir='ltr'>snm-„crum</span> <span class='ocrx_word' id='word_1_3' title='bbox 1584 163 1671 207; x_wconf 84' lang='grc'>481</span> 
     </span>
    </p>
   </div>
   <div class='ocr_carea' id='block_1_2' title="bbox 96 233 1708 2834">
    <p class='ocr_par' dir='ltr' id='par_1_2' title="bbox 96 233 1682 914">
     <span class='ocr_line' id='line_1_2' title="bbox 106 233 1670 294; baseline 0.004 -19"><span class='ocrx_word' id='word_1_4' title='bbox 106 233 206 276; x_wconf 81' lang='lat' dir='ltr'>dam</span> <span class='ocrx_word' id='word_1_5' title='bbox 227 236 438 279; x_wconf 78' lang='lat' dir='ltr'>senectuti</span> <span class='ocrx_word' id='word_1_6' title='bbox 460 236 652 293; x_wconf 84' lang='lat' dir='ltr'><strong>gratiam,</strong></span> <span class='ocrx_word' id='word_1_7' title='bbox 671 252 765 294; x_wconf 86' lang='lat' dir='ltr'>quae</span> <span class='ocrx_word' id='word_1_8' title='bbox 787 238 988 287; x_wconf 86' lang='lat' dir='ltr'>efficeret,</span> <span class='ocrx_word' id='word_1_9' title='bbox 1012 245 1061 279; x_wconf 89' lang='lat' dir='ltr'>ut</span> <span class='ocrx_word' id='word_1_10' title='bbox 1082 236 1125 279; x_wconf 87' lang='lat' dir='ltr'>id</span> <span class='ocrx_word' id='word_1_11' title='bbox 1147 251 1234 280; x_wconf 90' lang='lat' dir='ltr'>non</span> <span class='ocrx_word' id='word_1_12' title='bbox 1253 236 1420 290; x_wconf 90' lang='lat' dir='ltr'>liberet,</span> <span class='ocrx_word' id='word_1_13' title='bbox 1445 237 1562 294; x_wconf 90' lang='lat' dir='ltr'>quod</span> <span class='ocrx_word' id='word_1_14' title='bbox 1581 253 1670 282; x_wconf 89' lang='lat' dir='ltr'>non</span> 
     </span>
     <span class='ocr_line' id='line_1_3' title="bbox 106 294 1672 351; baseline 0.004 -20"><span class='ocrx_word' id='word_1_15' title='bbox 106 300 332 347; x_wconf 84' lang='lat' dir='ltr'>oporteret.</span> <span class='ocrx_word' id='word_1_16' title='bbox 394 294 580 350; x_wconf 85' lang='lat' dir='ltr'>Impedit</span> <span class='ocrx_word' id='word_1_17' title='bbox 600 294 711 335; x_wconf 89' lang='lat' dir='ltr'>enim</span> <span class='ocrx_word' id='word_1_18' title='bbox 733 294 960 336; x_wconf 89' lang='lat' dir='ltr'>consilium</span> <span class='ocrx_word' id='word_1_19' title='bbox 981 296 1194 351; x_wconf 81' lang='lat' dir='ltr'>voluptas,</span> <span class='ocrx_word' id='word_1_20' title='bbox 1217 294 1369 335; x_wconf 86' lang='lat' dir='ltr'>rationi</span> <span class='ocrx_word' id='word_1_21' title='bbox 1393 295 1591 347; x_wconf 81' lang='lat' dir='ltr'>inimica3</span> <span class='ocrx_word' id='word_1_22' title='bbox 1619 311 1672 338; x_wconf 86' lang='lat' dir='ltr'>ac</span> 
     </span>
     <span class='ocr_line' id='line_1_4' title="bbox 107 350 1674 407; baseline 0.003 -19"><span class='ocrx_word' id='word_1_23' title='bbox 107 350 260 390; x_wconf 86' lang='lat' dir='ltr'>mentis</span> <span class='ocrx_word' id='word_1_24' title='bbox 294 355 362 402; x_wconf 92' lang='lat' dir='ltr'>(ut</span> <span class='ocrx_word' id='word_1_25' title='bbox 393 350 452 391; x_wconf 88' lang='lat' dir='ltr'>ita</span> <span class='ocrx_word' id='word_1_26' title='bbox 485 351 644 402; x_wconf 85' lang='lat' dir='ltr'>dicam)</span> <span class='ocrx_word' id='word_1_27' title='bbox 679 351 936 407; x_wconf 60' lang='lat' dir='ltr'>praestringit</span> <span class='ocrx_word' id='word_1_28' title='bbox 959 353 1129 401; x_wconf 77' lang='lat' dir='ltr'>oculos3</span> <span class='ocrx_word' id='word_1_29' title='bbox 1166 351 1399 392; x_wconf 83' lang='lat' dir='ltr'>nechabet</span> <span class='ocrx_word' id='word_1_30' title='bbox 1420 352 1553 392; x_wconf 90' lang='lat' dir='ltr'>ullum</span> <span class='ocrx_word' id='word_1_31' title='bbox 1576 367 1674 392; x_wconf 90' lang='lat' dir='ltr'>cum</span> 
     </span>
     <span class='ocr_line' id='line_1_5' title="bbox 109 405 1670 462; baseline 0.002 -18"><span class='ocrx_word' id='word_1_32' title='bbox 109 405 263 447; x_wconf 89' lang='lat' dir='ltr'>virtute</span> <span class='ocrx_word' id='word_1_33' title='bbox 286 408 600 448; x_wconf 83' lang='lat' dir='ltr'>commercium.</span> <span class='ocrx_word' id='word_1_34' title='bbox 666 408 829 449; x_wconf 77' lang='lat' dir='ltr'>Invitus</span> <span class='ocrx_word' id='word_1_35' title='bbox 861 408 1034 462; x_wconf 89' lang='lat' dir='ltr'>quidem</span> <span class='ocrx_word' id='word_1_36' title='bbox 1068 408 1164 458; x_wconf 78' lang='lat' dir='ltr'>feci,</span> <span class='ocrx_word' id='word_1_37' title='bbox 1198 416 1244 448; x_wconf 90' lang='lat' dir='ltr'>ut</span> <span class='ocrx_word' id='word_1_38' title='bbox 1265 407 1486 449; x_wconf 86' lang='lat' dir='ltr'>fortissimi</span> <span class='ocrx_word' id='word_1_39' title='bbox 1510 407 1603 458; x_wconf 88' lang='lat' dir='ltr'>viri,</span> <span class='ocrx_word' id='word_1_40' title='bbox 1623 408 1670 448; x_wconf 91' lang='lat' dir='ltr'>T.</span> 
     </span>
     <span class='ocr_line' id='line_1_6' title="bbox 110 459 1674 520; baseline 0.003 -19"><span class='ocrx_word' id='word_1_41' title='bbox 110 459 352 514; x_wconf 83' lang='lat' dir='ltr'>Flaminini,</span> <span class='ocrx_word' id='word_1_42' title='bbox 373 464 544 505; x_wconf 84' lang='lat' dir='ltr'>fratrem</span> <span class='ocrx_word' id='word_1_43' title='bbox 566 464 612 506; x_wconf 89' lang='lat' dir='ltr'>L.</span> <span class='ocrx_word' id='word_1_44' title='bbox 630 464 912 505; x_wconf 84' lang='lat' dir='ltr'>Flamininum</span> <span class='ocrx_word' id='word_1_45' title='bbox 927 462 950 504; x_wconf 69' lang='grc' dir='ltr'>ὲ</span> <span class='ocrx_word' id='word_1_46' title='bbox 972 472 1122 505; x_wconf 88' lang='lat' dir='ltr'>senatu</span> <span class='ocrx_word' id='word_1_47' title='bbox 1135 464 1349 520; x_wconf 79' lang='lat' dir='ltr'>ejicerem,</span> <span class='ocrx_word' id='word_1_48' title='bbox 1364 472 1529 520; x_wconf 84' lang='lat' dir='ltr'>septem</span> <span class='ocrx_word' id='word_1_49' title='bbox 1551 464 1674 505; x_wconf 87' lang='lat' dir='ltr'>annis</span> 
     </span>
     <span class='ocr_line' id='line_1_7' title="bbox 108 517 1676 576; baseline 0.003 -18"><span class='ocrx_word' id='word_1_50' title='bbox 108 517 208 572; x_wconf 71' lang='lat' dir='ltr'>post</span> <span class='ocrx_word' id='word_1_51' title='bbox 239 520 368 575; x_wconf 64' lang='lat' dir='ltr'>quam</span> <span class='ocrx_word' id='word_1_52' title='bbox 400 521 551 562; x_wconf 86' lang='lat' dir='ltr'>consul</span> <span class='ocrx_word' id='word_1_53' title='bbox 573 521 744 562; x_wconf 79' lang='lat' dir='ltr'>fuisset:</span> <span class='ocrx_word' id='word_1_54' title='bbox 778 522 851 561; x_wconf 84' lang='lat' dir='ltr'>sed</span> <span class='ocrx_word' id='word_1_55' title='bbox 883 521 1117 561; x_wconf 80' lang='lat' dir='ltr'>notandam</span> <span class='ocrx_word' id='word_1_56' title='bbox 1154 521 1298 576; x_wconf 87' lang='lat' dir='ltr'>putavi</span> <span class='ocrx_word' id='word_1_57' title='bbox 1329 521 1571 562; x_wconf 87' lang='lat' dir='ltr'>libidinem:</span> <span class='ocrx_word' id='word_1_58' title='bbox 1605 520 1676 562; x_wconf 85' lang='lat' dir='ltr'>ille</span> 
     </span>
     <span class='ocr_line' id='line_1_8' title="bbox 97 574 1675 628; baseline 0.003 -14"><span class='ocrx_word' id='word_1_59' title='bbox 97 574 238 626; x_wconf 82' lang='lat' dir='ltr'>enim,</span> <span class='ocrx_word' id='word_1_60' title='bbox 261 575 356 618; x_wconf 71' lang='lat' dir='ltr'>cnm</span> <span class='ocrx_word' id='word_1_61' title='bbox 372 585 487 618; x_wconf 88' lang='lat' dir='ltr'>esset</span> <span class='ocrx_word' id='word_1_62' title='bbox 503 579 666 628; x_wconf 86' lang='lat' dir='ltr'>consul,</span> <span class='ocrx_word' id='word_1_63' title='bbox 686 593 727 617; x_wconf 84' lang='lat' dir='ltr'>in</span> <span class='ocrx_word' id='word_1_64' title='bbox 746 578 889 618; x_wconf 87' lang='lat' dir='ltr'>Gallia</span> <span class='ocrx_word' id='word_1_65' title='bbox 904 585 1103 618; x_wconf 81' lang='lat' dir='ltr'>exoratus</span> <span class='ocrx_word' id='word_1_66' title='bbox 1119 577 1159 616; x_wconf 91' lang='lat' dir='ltr'>in</span> <span class='ocrx_word' id='word_1_67' title='bbox 1178 576 1376 618; x_wconf 88' lang='lat' dir='ltr'>convivio</span> <span class='ocrx_word' id='word_1_68' title='bbox 1393 576 1417 617; x_wconf 69' lang='grc' dir='ltr'>Ξι</span> <span class='ocrx_word' id='word_1_69' title='bbox 1434 584 1576 618; x_wconf 88' lang='lat' dir='ltr'>scorto</span> <span class='ocrx_word' id='word_1_70' title='bbox 1594 584 1675 627; x_wconf 91' lang='lat' dir='ltr'>est,</span> 
     </span>
     <span class='ocr_line' id='line_1_9' title="bbox 110 633 1678 690; baseline 0.002 -20"><span class='ocrx_word' id='word_1_71' title='bbox 110 636 161 670; x_wconf 87' lang='lat' dir='ltr'>ut</span> <span class='ocrx_word' id='word_1_72' title='bbox 180 633 319 673; x_wconf 85' lang='lat' dir='ltr'>securi</span> <span class='ocrx_word' id='word_1_73' title='bbox 339 634 484 674; x_wconf 85' lang='lat' dir='ltr'>feriret</span> <span class='ocrx_word' id='word_1_74' title='bbox 499 634 686 690; x_wconf 81' lang='lat' dir='ltr'>aliquem</span> <span class='ocrx_word' id='word_1_75' title='bbox 703 649 864 685; x_wconf 88' lang='lat' dir='ltr'>eorum,</span> <span class='ocrx_word' id='word_1_76' title='bbox 887 633 960 689; x_wconf 88' lang='lat' dir='ltr'>qui</span> <span class='ocrx_word' id='word_1_77' title='bbox 979 633 1022 673; x_wconf 89' lang='lat' dir='ltr'>in</span> <span class='ocrx_word' id='word_1_78' title='bbox 1036 633 1216 674; x_wconf 91' lang='lat' dir='ltr'>vinculis</span> <span class='ocrx_word' id='word_1_79' title='bbox 1235 640 1394 683; x_wconf 81' lang='lat' dir='ltr'>essent,</span> <span class='ocrx_word' id='word_1_80' title='bbox 1412 633 1600 674; x_wconf 83' lang='lat' dir='ltr'>damnati</span> <span class='ocrx_word' id='word_1_81' title='bbox 1617 633 1678 674; x_wconf 88' lang='lat' dir='ltr'>rei</span> 
     </span>
     <span class='ocr_line' id='line_1_10' title="bbox 96 687 1682 744; baseline 0.002 -17"><span class='ocrx_word' id='word_1_82' title='bbox 96 687 322 743; x_wconf 73' lang='lat' dir='ltr'>capitalis.</span> <span class='ocrx_word' id='word_1_83' title='bbox 367 690 467 741; x_wconf 89' lang='lat' dir='ltr'>Hic,</span> <span class='ocrx_word' id='word_1_84' title='bbox 488 690 585 732; x_wconf 86' lang='lat' dir='ltr'>Tito</span> <span class='ocrx_word' id='word_1_85' title='bbox 603 692 728 732; x_wconf 83' lang='lat' dir='ltr'>fratre</span> <span class='ocrx_word' id='word_1_86' title='bbox 753 705 830 731; x_wconf 93' lang='lat' dir='ltr'>suo</span> <span class='ocrx_word' id='word_1_87' title='bbox 849 704 1040 740; x_wconf 84' lang='lat' dir='ltr'>censore,</span> <span class='ocrx_word' id='word_1_88' title='bbox 1055 690 1127 744; x_wconf 90' lang='lat' dir='ltr'>qui</span> <span class='ocrx_word' id='word_1_89' title='bbox 1144 689 1364 744; x_wconf 84' lang='lat' dir='ltr'>proximus</span> <span class='ocrx_word' id='word_1_90' title='bbox 1382 696 1480 729; x_wconf 90' lang='lat' dir='ltr'>ante</span> <span class='ocrx_word' id='word_1_91' title='bbox 1502 703 1570 729; x_wconf 89' lang='lat' dir='ltr'>me</span> <span class='ocrx_word' id='word_1_92' title='bbox 1587 689 1682 730; x_wconf 89' lang='lat' dir='ltr'>fue-</span> 
     </span>
     <span class='ocr_line' id='line_1_11' title="bbox 111 744 1681 802; baseline 0.001 -18"><span class='ocrx_word' id='word_1_93' title='bbox 111 751 192 795; x_wconf 87' lang='lat' dir='ltr'>rat,</span> <span class='ocrx_word' id='word_1_94' title='bbox 220 745 390 802; x_wconf 88' lang='lat' dir='ltr'>elapsus</span> <span class='ocrx_word' id='word_1_95' title='bbox 421 754 505 789; x_wconf 89' lang='lat' dir='ltr'>est:</span> <span class='ocrx_word' id='word_1_96' title='bbox 542 747 647 788; x_wconf 88' lang='lat' dir='ltr'>mihi</span> <span class='ocrx_word' id='word_1_97' title='bbox 676 748 774 787; x_wconf 71' lang='lat' dir='ltr'>vero</span> <span class='ocrx_word' id='word_1_98' title='bbox 806 752 849 786; x_wconf 90' lang='lat' dir='ltr'>et</span> <span class='ocrx_word' id='word_1_99' title='bbox 881 745 1036 786; x_wconf 87' lang='lat' dir='ltr'>Flacco</span> <span class='ocrx_word' id='word_1_100' title='bbox 1073 744 1324 800; x_wconf 88' lang='lat' dir='ltr'>neutiquam</span> <span class='ocrx_word' id='word_1_101' title='bbox 1345 744 1515 800; x_wconf 89' lang='lat' dir='ltr'>probari</span> <span class='ocrx_word' id='word_1_102' title='bbox 1537 745 1681 801; x_wconf 89' lang='lat' dir='ltr'>potuit</span> 
     </span>
     <span class='ocr_line' id='line_1_12' title="bbox 111 801 1682 858; baseline 0.002 -18"><span class='ocrx_word' id='word_1_103' title='bbox 111 805 201 841; x_wconf 89' lang='lat' dir='ltr'>tam</span> <span class='ocrx_word' id='word_1_104' title='bbox 217 801 435 858; x_wconf 87' lang='lat' dir='ltr'>flagitiosa</span> <span class='ocrx_word' id='word_1_105' title='bbox 456 810 499 844; x_wconf 93' lang='lat' dir='ltr'>et</span> <span class='ocrx_word' id='word_1_106' title='bbox 517 810 605 844; x_wconf 89' lang='lat' dir='ltr'>tam</span> <span class='ocrx_word' id='word_1_107' title='bbox 625 802 790 858; x_wconf 84' lang='lat' dir='ltr'>perdita</span> <span class='ocrx_word' id='word_1_108' title='bbox 810 801 958 853; x_wconf 91' lang='lat' dir='ltr'>libido,</span> <span class='ocrx_word' id='word_1_109' title='bbox 979 816 1076 858; x_wconf 84' lang='lat' dir='ltr'>quae</span> <span class='ocrx_word' id='word_1_110' title='bbox 1096 815 1194 842; x_wconf 88' lang='lat' dir='ltr'>cum</span> <span class='ocrx_word' id='word_1_111' title='bbox 1216 801 1370 857; x_wconf 87' lang='lat' dir='ltr'>probro</span> <span class='ocrx_word' id='word_1_112' title='bbox 1391 801 1556 857; x_wconf 87' lang='lat' dir='ltr'>privato</span> <span class='ocrx_word' id='word_1_113' title='bbox 1578 816 1682 843; x_wconf 88' lang='lat' dir='ltr'>con-</span> 
     </span>
     <span class='ocr_line' id='line_1_13' title="bbox 107 856 720 914; baseline 0.005 -17"><span class='ocrx_word' id='word_1_114' title='bbox 107 856 312 911; x_wconf 83' lang='lat' dir='ltr'>jungeret</span> <span class='ocrx_word' id='word_1_115' title='bbox 332 859 495 914; x_wconf 88' lang='lat' dir='ltr'>imperii</span> <span class='ocrx_word' id='word_1_116' title='bbox 517 859 720 901; x_wconf 86' lang='lat' dir='ltr'>dedecus.</span> 
     </span>
    </p>

    <p class='ocr_par' dir='ltr' id='par_1_3' title="bbox 111 912 1708 2834">
     <span class='ocr_line' id='line_1_14' title="bbox 173 912 1682 971; baseline 0.002 -18"><span class='ocrx_word' id='word_1_117' title='bbox 173 913 302 955; x_wconf 86' lang='lat' dir='ltr'>XIII.</span> <span class='ocrx_word' id='word_1_118' title='bbox 364 915 487 971; x_wconf 87' lang='lat' dir='ltr'>Saepe</span> <span class='ocrx_word' id='word_1_119' title='bbox 521 915 664 956; x_wconf 90' lang='lat' dir='ltr'>audivi</span> <span class='ocrx_word' id='word_1_120' title='bbox 700 918 723 955; x_wconf 75' lang='lat' dir='ltr'>a</span> <span class='ocrx_word' id='word_1_121' title='bbox 758 915 992 970; x_wconf 86' lang='lat' dir='ltr'>majoribus</span> <span class='ocrx_word' id='word_1_122' title='bbox 1025 921 1129 955; x_wconf 88' lang='lat' dir='ltr'>natu</span> <span class='ocrx_word' id='word_1_123' title='bbox 1151 914 1224 968; x_wconf 89' lang='lat' dir='ltr'>qui</span> <span class='ocrx_word' id='word_1_124' title='bbox 1255 928 1299 955; x_wconf 91' lang='lat' dir='ltr'>se</span> <span class='ocrx_word' id='word_1_125' title='bbox 1325 912 1450 970; x_wconf 75' lang='lat' dir='ltr'>porro</span> <span class='ocrx_word' id='word_1_126' title='bbox 1473 929 1633 971; x_wconf 89' lang='lat' dir='ltr'>pueros</span> <span class='ocrx_word' id='word_1_127' title='bbox 1655 914 1682 956; x_wconf 67' lang='lat' dir='ltr'>a</span> 
     </span>
     <span class='ocr_line' id='line_1_15' title="bbox 115 970 1683 1027; baseline 0.001 -17"><span class='ocrx_word' id='word_1_128' title='bbox 115 970 292 1012; x_wconf 88' lang='lat' dir='ltr'>senibus</span> <span class='ocrx_word' id='word_1_129' title='bbox 312 973 483 1013; x_wconf 74' lang='lat' dir='ltr'>audisse</span> <span class='ocrx_word' id='word_1_130' title='bbox 505 972 721 1022; x_wconf 89' lang='lat' dir='ltr'>dicebant,</span> <span class='ocrx_word' id='word_1_131' title='bbox 743 971 883 1012; x_wconf 86' lang='lat' dir='ltr'>mirari</span> <span class='ocrx_word' id='word_1_132' title='bbox 901 971 1074 1012; x_wconf 82' lang='lat' dir='ltr'>solitum</span> <span class='ocrx_word' id='word_1_133' title='bbox 1089 970 1141 1011; x_wconf 88' lang='lat' dir='ltr'>C.</span> <span class='ocrx_word' id='word_1_134' title='bbox 1160 970 1417 1021; x_wconf 82' lang='lat' dir='ltr'>Fabricium,</span> <span class='ocrx_word' id='word_1_135' title='bbox 1436 972 1569 1027; x_wconf 92' lang='lat' dir='ltr'>quod,</span> <span class='ocrx_word' id='word_1_136' title='bbox 1583 971 1683 1013; x_wconf 71' lang='lat' dir='ltr'>cnm</span> 
     </span>
     <span class='ocr_line' id='line_1_16' title="bbox 115 1026 1682 1085; baseline 0.002 -18"><span class='ocrx_word' id='word_1_137' title='bbox 115 1027 231 1083; x_wconf 85' lang='lat' dir='ltr'>apud</span> <span class='ocrx_word' id='word_1_138' title='bbox 265 1043 409 1085; x_wconf 78' lang='lat' dir='ltr'>regem</span> <span class='ocrx_word' id='word_1_139' title='bbox 445 1029 654 1084; x_wconf 89' lang='lat' dir='ltr'>Pyrrhum</span> <span class='ocrx_word' id='word_1_140' title='bbox 686 1029 852 1084; x_wconf 79' lang='lat' dir='ltr'>legatus</span> <span class='ocrx_word' id='word_1_141' title='bbox 890 1035 1019 1078; x_wconf 88' lang='lat' dir='ltr'>esset,</span> <span class='ocrx_word' id='word_1_142' title='bbox 1051 1028 1240 1068; x_wconf 80' lang='lat' dir='ltr'>audisset</span> <span class='ocrx_word' id='word_1_143' title='bbox 1259 1029 1283 1067; x_wconf 76' lang='lat' dir='ltr'>a</span> <span class='ocrx_word' id='word_1_144' title='bbox 1303 1026 1511 1068; x_wconf 85' lang='lat' dir='ltr'>Thessalo</span> <span class='ocrx_word' id='word_1_145' title='bbox 1532 1027 1682 1080; x_wconf 69' lang='lat' dir='ltr'>Cinea,</span> 
     </span>
     <span class='ocr_line' id='line_1_17' title="bbox 118 1084 1684 1140; baseline 0.001 -16"><span class='ocrx_word' id='word_1_146' title='bbox 118 1098 214 1125; x_wconf 88' lang='lat' dir='ltr'>esse</span> <span class='ocrx_word' id='word_1_147' title='bbox 249 1086 479 1140; x_wconf 83' lang='lat' dir='ltr'>quemdam</span> <span class='ocrx_word' id='word_1_148' title='bbox 510 1084 711 1135; x_wconf 85' lang='lat' dir='ltr'>Athenis,</span> <span class='ocrx_word' id='word_1_149' title='bbox 743 1084 816 1139; x_wconf 90' lang='lat' dir='ltr'>qui</span> <span class='ocrx_word' id='word_1_150' title='bbox 849 1099 894 1126; x_wconf 86' lang='lat' dir='ltr'>se</span> <span class='ocrx_word' id='word_1_151' title='bbox 917 1085 1154 1140; x_wconf 84' lang='lat' dir='ltr'>sapientem</span> <span class='ocrx_word' id='word_1_152' title='bbox 1175 1084 1468 1139; x_wconf 80' lang='lat' dir='ltr'>profiteretur3</span> <span class='ocrx_word' id='word_1_153' title='bbox 1500 1099 1684 1140; x_wconf 89' lang='lat' dir='ltr'>eumque</span> 
     </span>
     <span class='ocr_line' id='line_1_18' title="bbox 124 1140 1685 1197; baseline 0.001 -17"><span class='ocrx_word' id='word_1_154' title='bbox 124 1140 283 1192; x_wconf 90' lang='lat' dir='ltr'>dicere,</span> <span class='ocrx_word' id='word_1_155' title='bbox 315 1140 486 1192; x_wconf 89' lang='lat' dir='ltr'>Omnia,</span> <span class='ocrx_word' id='word_1_156' title='bbox 525 1156 620 1196; x_wconf 84' lang='lat' dir='ltr'>quae</span> <span class='ocrx_word' id='word_1_157' title='bbox 638 1142 888 1190; x_wconf 85' lang='lat' dir='ltr'>faceremus,</span> <span class='ocrx_word' id='word_1_158' title='bbox 924 1142 978 1181; x_wconf 90' lang='lat' dir='ltr'>ad</span> <span class='ocrx_word' id='word_1_159' title='bbox 1013 1142 1276 1197; x_wconf 87' lang='lat' dir='ltr'>voluptatem</span> <span class='ocrx_word' id='word_1_160' title='bbox 1310 1154 1403 1181; x_wconf 90' lang='lat' dir='ltr'>esse</span> <span class='ocrx_word' id='word_1_161' title='bbox 1438 1140 1685 1182; x_wconf 88' lang='lat' dir='ltr'>referenda:</span> 
     </span>
     <span class='ocr_line' id='line_1_19' title="bbox 120 1196 1684 1255; baseline -0.001 -16"><span class='ocrx_word' id='word_1_162' title='bbox 120 1197 238 1255; x_wconf 90' lang='lat' dir='ltr'>quod</span> <span class='ocrx_word' id='word_1_163' title='bbox 274 1212 327 1239; x_wconf 86' lang='lat' dir='ltr'>ex</span> <span class='ocrx_word' id='word_1_164' title='bbox 361 1212 412 1239; x_wconf 93' lang='lat' dir='ltr'>eo</span> <span class='ocrx_word' id='word_1_165' title='bbox 452 1198 690 1248; x_wconf 87' lang='lat' dir='ltr'>audientes,</span> <span class='ocrx_word' id='word_1_166' title='bbox 734 1197 931 1237; x_wconf 87' lang='lat' dir='ltr'>Manium</span> <span class='ocrx_word' id='word_1_167' title='bbox 971 1197 1148 1237; x_wconf 90' lang='lat' dir='ltr'>Curium</span> <span class='ocrx_word' id='word_1_168' title='bbox 1187 1204 1229 1237; x_wconf 85' lang='lat' dir='ltr'>et</span> <span class='ocrx_word' id='word_1_169' title='bbox 1262 1196 1311 1238; x_wconf 94' lang='lat' dir='ltr'>T.</span> <span class='ocrx_word' id='word_1_170' title='bbox 1348 1196 1684 1250; x_wconf 86' lang='lat' dir='ltr'>Coruncanium,</span> 
     </span>
     <span class='ocr_line' id='line_1_20' title="bbox 119 1252 1684 1310; baseline -0.001 -15"><span class='ocrx_word' id='word_1_171' title='bbox 119 1262 266 1310; x_wconf 88' lang='lat' dir='ltr'>optare</span> <span class='ocrx_word' id='word_1_172' title='bbox 296 1254 463 1305; x_wconf 89' lang='lat' dir='ltr'>solitos,</span> <span class='ocrx_word' id='word_1_173' title='bbox 496 1262 545 1295; x_wconf 93' lang='lat' dir='ltr'>ut</span> <span class='ocrx_word' id='word_1_174' title='bbox 575 1254 618 1295; x_wconf 84' lang='lat' dir='ltr'>id</span> <span class='ocrx_word' id='word_1_175' title='bbox 651 1253 914 1294; x_wconf 85' lang='lat' dir='ltr'>Samnitibus</span> <span class='ocrx_word' id='word_1_176' title='bbox 947 1254 1117 1309; x_wconf 86' lang='lat' dir='ltr'>ipsique</span> <span class='ocrx_word' id='word_1_177' title='bbox 1139 1252 1305 1309; x_wconf 78' lang='lat' dir='ltr'>Pyrrho</span> <span class='ocrx_word' id='word_1_178' title='bbox 1337 1254 1684 1309; x_wconf 80' lang='lat' dir='ltr'>persuaderetur3</span> 
     </span>
     <span class='ocr_line' id='line_1_21' title="bbox 120 1309 1687 1367; baseline -0.001 -16"><span class='ocrx_word' id='word_1_179' title='bbox 120 1325 206 1367; x_wconf 91' lang='lat' dir='ltr'>quo</span> <span class='ocrx_word' id='word_1_180' title='bbox 227 1310 396 1351; x_wconf 71' lang='lat' dir='ltr'>facilins</span> <span class='ocrx_word' id='word_1_181' title='bbox 417 1310 531 1351; x_wconf 90' lang='lat' dir='ltr'>vinci</span> <span class='ocrx_word' id='word_1_182' title='bbox 562 1317 752 1366; x_wconf 87' lang='lat' dir='ltr'>possent,</span> <span class='ocrx_word' id='word_1_183' title='bbox 786 1309 883 1350; x_wconf 72' lang='lat' dir='ltr'>cum</span> <span class='ocrx_word' id='word_1_184' title='bbox 904 1324 949 1350; x_wconf 81' lang='lat' dir='ltr'>se</span> <span class='ocrx_word' id='word_1_185' title='bbox 970 1310 1262 1364; x_wconf 86' lang='lat' dir='ltr'>voluptatibus</span> <span class='ocrx_word' id='word_1_186' title='bbox 1285 1309 1522 1351; x_wconf 91' lang='lat' dir='ltr'>dedissent.</span> <span class='ocrx_word' id='word_1_187' title='bbox 1582 1309 1687 1351; x_wconf 88' lang='lat' dir='ltr'>Vix-</span> 
     </span>
     <span class='ocr_line' id='line_1_22' title="bbox 122 1365 1688 1422; baseline -0.001 -14"><span class='ocrx_word' id='word_1_188' title='bbox 122 1374 212 1408; x_wconf 86' lang='lat' dir='ltr'>erat</span> <span class='ocrx_word' id='word_1_189' title='bbox 243 1366 419 1408; x_wconf 88' lang='lat' dir='ltr'>Manius</span> <span class='ocrx_word' id='word_1_190' title='bbox 451 1366 607 1407; x_wconf 88' lang='lat' dir='ltr'>Curius</span> <span class='ocrx_word' id='word_1_191' title='bbox 639 1381 738 1408; x_wconf 89' lang='lat' dir='ltr'>cum</span> <span class='ocrx_word' id='word_1_192' title='bbox 760 1366 809 1407; x_wconf 92' lang='lat' dir='ltr'>P.</span> <span class='ocrx_word' id='word_1_193' title='bbox 835 1365 990 1417; x_wconf 89' lang='lat' dir='ltr'>Decio,</span> <span class='ocrx_word' id='word_1_194' title='bbox 1025 1366 1112 1422; x_wconf 88' lang='lat' dir='ltr'>qui,</span> <span class='ocrx_word' id='word_1_195' title='bbox 1145 1365 1437 1421; x_wconf 89' lang='lat' dir='ltr'>quinquennio</span> <span class='ocrx_word' id='word_1_196' title='bbox 1469 1373 1568 1407; x_wconf 91' lang='lat' dir='ltr'>ante</span> <span class='ocrx_word' id='word_1_197' title='bbox 1590 1381 1688 1408; x_wconf 89' lang='lat' dir='ltr'>eum</span> 
     </span>
     <span class='ocr_line' id='line_1_23' title="bbox 124 1422 1690 1480; baseline -0.001 -16"><span class='ocrx_word' id='word_1_198' title='bbox 124 1424 361 1472; x_wconf 87' lang='lat' dir='ltr'>consulem,</span> <span class='ocrx_word' id='word_1_199' title='bbox 393 1438 439 1464; x_wconf 91' lang='lat' dir='ltr'>se</span> <span class='ocrx_word' id='word_1_200' title='bbox 469 1437 545 1480; x_wconf 86' lang='lat' dir='ltr'>pro</span> <span class='ocrx_word' id='word_1_201' title='bbox 572 1422 792 1479; x_wconf 69' lang='lat' dir='ltr'>republica</span> <span class='ocrx_word' id='word_1_202' title='bbox 819 1429 972 1478; x_wconf 86' lang='lat' dir='ltr'>quarto</span> <span class='ocrx_word' id='word_1_203' title='bbox 1009 1423 1236 1463; x_wconf 88' lang='lat' dir='ltr'>consulatu</span> <span class='ocrx_word' id='word_1_204' title='bbox 1268 1422 1522 1464; x_wconf 83' lang='lat' dir='ltr'>devoverat:</span> <span class='ocrx_word' id='word_1_205' title='bbox 1563 1422 1690 1464; x_wconf 70' lang='lat' dir='ltr'>norat</span> 
     </span>
     <span class='ocr_line' id='line_1_24' title="bbox 122 1478 1688 1535; baseline -0.001 -14"><span class='ocrx_word' id='word_1_206' title='bbox 122 1480 321 1521; x_wconf 90' lang='lat' dir='ltr'>eumdem</span> <span class='ocrx_word' id='word_1_207' title='bbox 351 1479 597 1521; x_wconf 87' lang='lat' dir='ltr'>Fabricius:</span> <span class='ocrx_word' id='word_1_208' title='bbox 628 1481 750 1520; x_wconf 73' lang='lat' dir='ltr'>norat</span> <span class='ocrx_word' id='word_1_209' title='bbox 780 1478 1100 1520; x_wconf 86' lang='lat' dir='ltr'>Coruncanius:</span> <span class='ocrx_word' id='word_1_210' title='bbox 1140 1479 1227 1535; x_wconf 90' lang='lat' dir='ltr'>qui,</span> <span class='ocrx_word' id='word_1_211' title='bbox 1260 1478 1358 1519; x_wconf 72' lang='lat' dir='ltr'>cum</span> <span class='ocrx_word' id='word_1_212' title='bbox 1389 1493 1441 1520; x_wconf 83' lang='lat' dir='ltr'>ex</span> <span class='ocrx_word' id='word_1_213' title='bbox 1474 1478 1550 1520; x_wconf 61' lang='lat' dir='ltr'>sua</span> <span class='ocrx_word' id='word_1_214' title='bbox 1582 1479 1688 1531; x_wconf 63' lang='lat' dir='ltr'>vita,</span> 
     </span>
     <span class='ocr_line' id='line_1_25' title="bbox 121 1534 1688 1592; baseline 0 -15"><span class='ocrx_word' id='word_1_215' title='bbox 121 1543 213 1578; x_wconf 92' lang='lat' dir='ltr'>tum</span> <span class='ocrx_word' id='word_1_216' title='bbox 231 1551 284 1577; x_wconf 83' lang='lat' dir='ltr'>ex</span> <span class='ocrx_word' id='word_1_217' title='bbox 306 1537 412 1592; x_wconf 87' lang='lat' dir='ltr'>ejus,</span> <span class='ocrx_word' id='word_1_218' title='bbox 433 1551 561 1592; x_wconf 91' lang='lat' dir='ltr'>quem</span> <span class='ocrx_word' id='word_1_219' title='bbox 582 1535 694 1586; x_wconf 87' lang='lat' dir='ltr'>dico,</span> <span class='ocrx_word' id='word_1_220' title='bbox 727 1534 777 1576; x_wconf 91' lang='lat' dir='ltr'>P.</span> <span class='ocrx_word' id='word_1_221' title='bbox 801 1535 927 1576; x_wconf 87' lang='lat' dir='ltr'>Decii</span> <span class='ocrx_word' id='word_1_222' title='bbox 949 1535 1080 1585; x_wconf 86' lang='lat' dir='ltr'>facto,</span> <span class='ocrx_word' id='word_1_223' title='bbox 1099 1535 1358 1590; x_wconf 83' lang='lat' dir='ltr'>judicabant</span> <span class='ocrx_word' id='word_1_224' title='bbox 1378 1550 1473 1576; x_wconf 91' lang='lat' dir='ltr'>esse</span> <span class='ocrx_word' id='word_1_225' title='bbox 1493 1535 1688 1592; x_wconf 71' lang='lat' dir='ltr'>profecto</span> 
     </span>
     <span class='ocr_line' id='line_1_26' title="bbox 125 1591 1689 1648; baseline 0 -15"><span class='ocrx_word' id='word_1_226' title='bbox 125 1593 290 1648; x_wconf 89' lang='lat' dir='ltr'>aliquid</span> <span class='ocrx_word' id='word_1_227' title='bbox 331 1593 484 1633; x_wconf 68' lang='lat' dir='ltr'>natura</span> <span class='ocrx_word' id='word_1_228' title='bbox 519 1592 743 1648; x_wconf 87' lang='lat' dir='ltr'>pulchrum</span> <span class='ocrx_word' id='word_1_229' title='bbox 784 1599 914 1646; x_wconf 85' lang='lat' dir='ltr'>atque</span> <span class='ocrx_word' id='word_1_230' title='bbox 951 1592 1218 1647; x_wconf 81' lang='lat' dir='ltr'>praeclarum,</span> <span class='ocrx_word' id='word_1_231' title='bbox 1259 1591 1377 1646; x_wconf 91' lang='lat' dir='ltr'>quod</span> <span class='ocrx_word' id='word_1_232' title='bbox 1417 1591 1496 1632; x_wconf 68' lang='lat' dir='ltr'>sua</span> <span class='ocrx_word' id='word_1_233' title='bbox 1535 1598 1689 1647; x_wconf 88' lang='lat' dir='ltr'>sponte</span> 
     </span>
     <span class='ocr_line' id='line_1_27' title="bbox 111 1647 1689 1706; baseline -0.001 -16"><span class='ocrx_word' id='word_1_234' title='bbox 111 1656 354 1706; x_wconf 84' lang='lat' dir='ltr'>peteretur,</span> <span class='ocrx_word' id='word_1_235' title='bbox 400 1649 618 1705; x_wconf 91' lang='lat' dir='ltr'>quodque,</span> <span class='ocrx_word' id='word_1_236' title='bbox 662 1648 807 1703; x_wconf 67' lang='lat' dir='ltr'>spreta</span> <span class='ocrx_word' id='word_1_237' title='bbox 852 1655 896 1688; x_wconf 90' lang='lat' dir='ltr'>et</span> <span class='ocrx_word' id='word_1_238' title='bbox 934 1647 1183 1703; x_wconf 70' lang='lat' dir='ltr'>contempta</span> <span class='ocrx_word' id='word_1_239' title='bbox 1223 1649 1460 1704; x_wconf 85' lang='lat' dir='ltr'>voluptate,</span> <span class='ocrx_word' id='word_1_240' title='bbox 1500 1648 1689 1704; x_wconf 88' lang='lat' dir='ltr'>optimus</span> 
     </span>
     <span class='ocr_line' id='line_1_28' title="bbox 127 1704 1690 1762; baseline -0.001 -16"><span class='ocrx_word' id='word_1_241' title='bbox 127 1706 309 1762; x_wconf 89' lang='lat' dir='ltr'>quisque</span> <span class='ocrx_word' id='word_1_242' title='bbox 337 1714 602 1762; x_wconf 86' lang='lat' dir='ltr'>sequeretur.</span> <span class='ocrx_word' id='word_1_243' title='bbox 661 1705 878 1752; x_wconf 87' lang='lat' dir='ltr'>Quorsum</span> <span class='ocrx_word' id='word_1_244' title='bbox 909 1704 1039 1759; x_wconf 76' lang='lat' dir='ltr'>igitur</span> <span class='ocrx_word' id='word_1_245' title='bbox 1069 1711 1158 1745; x_wconf 87' lang='lat' dir='ltr'>tam</span> <span class='ocrx_word' id='word_1_246' title='bbox 1188 1704 1323 1744; x_wconf 86' lang='lat' dir='ltr'>multa</span> <span class='ocrx_word' id='word_1_247' title='bbox 1351 1705 1404 1744; x_wconf 93' lang='lat' dir='ltr'>de</span> <span class='ocrx_word' id='word_1_248' title='bbox 1438 1705 1690 1760; x_wconf 77' lang='lat' dir='ltr'>voluptate?</span> 
     </span>
     <span class='ocr_line' id='line_1_29' title="bbox 127 1760 1692 1819; baseline 0 -17"><span class='ocrx_word' id='word_1_249' title='bbox 127 1762 230 1819; x_wconf 89' lang='lat' dir='ltr'>quia</span> <span class='ocrx_word' id='word_1_250' title='bbox 259 1776 346 1803; x_wconf 92' lang='lat' dir='ltr'>non</span> <span class='ocrx_word' id='word_1_251' title='bbox 375 1761 504 1802; x_wconf 73' lang='lat' dir='ltr'>modo</span> <span class='ocrx_word' id='word_1_252' title='bbox 532 1761 785 1816; x_wconf 89' lang='lat' dir='ltr'>vituperatio</span> <span class='ocrx_word' id='word_1_253' title='bbox 827 1761 955 1810; x_wconf 87' lang='lat' dir='ltr'>nulla,</span> <span class='ocrx_word' id='word_1_254' title='bbox 994 1761 1070 1801; x_wconf 84' lang='lat' dir='ltr'>sed</span> <span class='ocrx_word' id='word_1_255' title='bbox 1106 1760 1239 1801; x_wconf 85' lang='lat' dir='ltr'>etiam</span> <span class='ocrx_word' id='word_1_256' title='bbox 1274 1775 1439 1800; x_wconf 87' lang='lat' dir='ltr'>summa</span> <span class='ocrx_word' id='word_1_257' title='bbox 1481 1761 1589 1808; x_wconf 86' lang='lat' dir='ltr'>laus,</span> <span class='ocrx_word' id='word_1_258' title='bbox 1629 1775 1692 1802; x_wconf 83' lang='lat' dir='ltr'>se-</span> 
     </span>
     <span class='ocr_line' id='line_1_30' title="bbox 129 1816 1692 1874; baseline -0.001 -14"><span class='ocrx_word' id='word_1_259' title='bbox 129 1819 320 1860; x_wconf 88' lang='lat' dir='ltr'>nectutis</span> <span class='ocrx_word' id='word_1_260' title='bbox 352 1826 431 1869; x_wconf 87' lang='lat' dir='ltr'>est,</span> <span class='ocrx_word' id='word_1_261' title='bbox 471 1817 588 1874; x_wconf 77' lang='lat' dir='ltr'>quod</span> <span class='ocrx_word' id='word_1_262' title='bbox 628 1832 679 1858; x_wconf 88' lang='lat' dir='ltr'>ea</span> <span class='ocrx_word' id='word_1_263' title='bbox 712 1817 954 1872; x_wconf 84' lang='lat' dir='ltr'>voluptates</span> <span class='ocrx_word' id='word_1_264' title='bbox 996 1817 1133 1857; x_wconf 88' lang='lat' dir='ltr'>nullas</span> <span class='ocrx_word' id='word_1_265' title='bbox 1168 1831 1426 1872; x_wconf 82' lang='lat' dir='ltr'>magnopere</span> <span class='ocrx_word' id='word_1_266' title='bbox 1462 1816 1692 1858; x_wconf 84' lang='lat' dir='ltr'>desiderat.</span> 
     </span>
     <span class='ocr_line' id='line_1_31' title="bbox 114 1873 1693 1932; baseline -0.001 -16"><span class='ocrx_word' id='word_1_267' title='bbox 114 1875 259 1916; x_wconf 75' lang='lat' dir='ltr'>&#39;Caret</span> <span class='ocrx_word' id='word_1_268' title='bbox 289 1874 444 1932; x_wconf 90' lang='lat' dir='ltr'>epulis,</span> <span class='ocrx_word' id='word_1_269' title='bbox 466 1873 783 1929; x_wconf 80' lang='lat' dir='ltr'>exstructisque</span> <span class='ocrx_word' id='word_1_270' title='bbox 803 1873 978 1923; x_wconf 87' lang='lat' dir='ltr'>mensis,</span> <span class='ocrx_word' id='word_1_271' title='bbox 1000 1881 1043 1914; x_wconf 87' lang='lat' dir='ltr'>et</span> <span class='ocrx_word' id='word_1_272' title='bbox 1063 1873 1357 1929; x_wconf 87' lang='lat' dir='ltr'>frequentibus</span> <span class='ocrx_word' id='word_1_273' title='bbox 1386 1873 1586 1929; x_wconf 75' lang='lat' dir='ltr'>poculis?</span> <span class='ocrx_word' id='word_1_274' title='bbox 1624 1888 1693 1916; x_wconf 51' lang='lat' dir='ltr'>cae</span> 
     </span>
     <span class='ocr_line' id='line_1_32' title="bbox 129 1929 1693 1988; baseline -0.001 -15"><span class='ocrx_word' id='word_1_275' title='bbox 129 1938 197 1973; x_wconf 88' lang='lat' dir='ltr'>ret</span> <span class='ocrx_word' id='word_1_276' title='bbox 231 1946 331 1988; x_wconf 86' lang='lat' dir='ltr'>ergo</span> <span class='ocrx_word' id='word_1_277' title='bbox 367 1932 498 1972; x_wconf 89' lang='lat' dir='ltr'>etiam</span> <span class='ocrx_word' id='word_1_278' title='bbox 527 1930 776 1980; x_wconf 68' lang='lat' dir='ltr'>vinolentia,</span> <span class='ocrx_word' id='word_1_279' title='bbox 812 1937 855 1970; x_wconf 90' lang='lat' dir='ltr'>et</span> <span class='ocrx_word' id='word_1_280' title='bbox 891 1929 1100 1970; x_wconf 87' lang='lat' dir='ltr'>cruditate</span> <span class='ocrx_word' id='word_1_281' title='bbox 1134 1937 1178 1971; x_wconf 89' lang='lat' dir='ltr'>et</span> <span class='ocrx_word' id='word_1_282' title='bbox 1208 1929 1449 1971; x_wconf 85' lang='lat' dir='ltr'>insomniis.</span> <span class='ocrx_word' id='word_1_283' title='bbox 1521 1929 1622 1979; x_wconf 87' lang='lat' dir='ltr'>Sed,</span> <span class='ocrx_word' id='word_1_284' title='bbox 1657 1930 1693 1972; x_wconf 91' lang='lat' dir='ltr'>si</span> 
     </span>
     <span class='ocr_line' id='line_1_33' title="bbox 133 1986 1694 2043; baseline 0 -15"><span class='ocrx_word' id='word_1_285' title='bbox 133 1988 299 2043; x_wconf 88' lang='lat' dir='ltr'>aliquid</span> <span class='ocrx_word' id='word_1_286' title='bbox 326 1988 515 2028; x_wconf 88' lang='lat' dir='ltr'>dandum</span> <span class='ocrx_word' id='word_1_287' title='bbox 548 1995 614 2027; x_wconf 87' lang='lat' dir='ltr'>est</span> <span class='ocrx_word' id='word_1_288' title='bbox 633 1986 856 2041; x_wconf 90' lang='lat' dir='ltr'>voluptati,</span> <span class='ocrx_word' id='word_1_289' title='bbox 877 1986 1081 2041; x_wconf 90' lang='lat' dir='ltr'>quoniam</span> <span class='ocrx_word' id='word_1_290' title='bbox 1107 1987 1142 2041; x_wconf 87' lang='lat' dir='ltr'>ej</span> <span class='ocrx_word' id='word_1_291' title='bbox 1151 2001 1199 2026; x_wconf 93' lang='lat' dir='ltr'>us</span> <span class='ocrx_word' id='word_1_292' title='bbox 1219 1986 1439 2027; x_wconf 87' lang='lat' dir='ltr'>blanditiis</span> <span class='ocrx_word' id='word_1_293' title='bbox 1460 2000 1548 2027; x_wconf 90' lang='lat' dir='ltr'>non</span> <span class='ocrx_word' id='word_1_294' title='bbox 1567 1986 1694 2028; x_wconf 66' lang='lat' dir='ltr'>facile</span> 
     </span>
     <span class='ocr_line' id='line_1_34' title="bbox 133 2042 1698 2099; baseline -0.001 -14"><span class='ocrx_word' id='word_1_295' title='bbox 133 2044 398 2091; x_wconf 89' lang='lat' dir='ltr'>obsistimus,</span> <span class='ocrx_word' id='word_1_296' title='bbox 433 2042 596 2096; x_wconf 72' lang='lat' dir='ltr'>(divine</span> <span class='ocrx_word' id='word_1_297' title='bbox 633 2042 747 2082; x_wconf 90' lang='lat' dir='ltr'>enim</span> <span class='ocrx_word' id='word_1_298' title='bbox 768 2042 895 2082; x_wconf 86' lang='lat' dir='ltr'>Plato</span> <span class='ocrx_word' id='word_1_299' title='bbox 931 2056 1076 2083; x_wconf 89' lang='lat' dir='ltr'>escam</span> <span class='ocrx_word' id='word_1_300' title='bbox 1110 2042 1318 2083; x_wconf 91' lang='lat' dir='ltr'>malorum</span> <span class='ocrx_word' id='word_1_301' title='bbox 1338 2042 1602 2098; x_wconf 89' lang='lat' dir='ltr'>voluptatem</span> <span class='ocrx_word' id='word_1_302' title='bbox 1623 2057 1698 2099; x_wconf 88' lang='lat' dir='ltr'>ap-</span> 
     </span>
     <span class='ocr_line' id='line_1_35' title="bbox 131 2098 1696 2158; baseline 0 -17"><span class='ocrx_word' id='word_1_303' title='bbox 131 2101 282 2158; x_wconf 85' lang='lat' dir='ltr'>pellat,</span> <span class='ocrx_word' id='word_1_304' title='bbox 313 2098 431 2156; x_wconf 78' lang='lat' dir='ltr'>quod</span> <span class='ocrx_word' id='word_1_305' title='bbox 465 2099 516 2140; x_wconf 67' lang='lat' dir='ltr'>ea</span> <span class='ocrx_word' id='word_1_306' title='bbox 547 2098 751 2139; x_wconf 90' lang='lat' dir='ltr'>videlicet</span> <span class='ocrx_word' id='word_1_307' title='bbox 785 2098 981 2138; x_wconf 90' lang='lat' dir='ltr'>homines</span> <span class='ocrx_word' id='word_1_308' title='bbox 1017 2098 1254 2153; x_wconf 81' lang='lat' dir='ltr'>capiantur,</span> <span class='ocrx_word' id='word_1_309' title='bbox 1290 2104 1339 2139; x_wconf 93' lang='lat' dir='ltr'>ut</span> <span class='ocrx_word' id='word_1_310' title='bbox 1371 2098 1499 2139; x_wconf 89' lang='lat' dir='ltr'>hamo</span> <span class='ocrx_word' id='word_1_311' title='bbox 1534 2099 1696 2154; x_wconf 87' lang='lat' dir='ltr'>pisces)</span> 
     </span>
     <span class='ocr_line' id='line_1_36' title="bbox 135 2153 1699 2214; baseline -0.001 -16"><span class='ocrx_word' id='word_1_312' title='bbox 135 2157 399 2214; x_wconf 70' lang='lat' dir='ltr'>quamquam</span> <span class='ocrx_word' id='word_1_313' title='bbox 414 2155 706 2196; x_wconf 81' lang='lat' dir='ltr'>immoderatis</span> <span class='ocrx_word' id='word_1_314' title='bbox 716 2154 851 2210; x_wconf 85' lang='lat' dir='ltr'>epulis</span> <span class='ocrx_word' id='word_1_315' title='bbox 867 2161 1009 2195; x_wconf 87' lang='lat' dir='ltr'>careat</span> <span class='ocrx_word' id='word_1_316' title='bbox 1023 2161 1237 2206; x_wconf 89' lang='lat' dir='ltr'>senectus,</span> <span class='ocrx_word' id='word_1_317' title='bbox 1247 2153 1430 2196; x_wconf 86' lang='lat' dir='ltr'>modicis</span> <span class='ocrx_word' id='word_1_318' title='bbox 1440 2161 1584 2196; x_wconf 88' lang='lat' dir='ltr'>tamen</span> <span class='ocrx_word' id='word_1_319' title='bbox 1597 2169 1699 2197; x_wconf 91' lang='lat' dir='ltr'>con-</span> 
     </span>
     <span class='ocr_line' id='line_1_37' title="bbox 134 2210 1698 2269; baseline -0.001 -14"><span class='ocrx_word' id='word_1_320' title='bbox 134 2213 260 2255; x_wconf 87' lang='lat' dir='ltr'>viviis</span> <span class='ocrx_word' id='word_1_321' title='bbox 277 2212 478 2255; x_wconf 90' lang='lat' dir='ltr'>delectari</span> <span class='ocrx_word' id='word_1_322' title='bbox 491 2218 649 2269; x_wconf 90' lang='lat' dir='ltr'>potest.</span> <span class='ocrx_word' id='word_1_323' title='bbox 681 2210 962 2262; x_wconf 85' lang='lat' dir='ltr'>C.Duillium,</span> <span class='ocrx_word' id='word_1_324' title='bbox 981 2210 1121 2252; x_wconf 88' lang='lat' dir='ltr'>Marci</span> <span class='ocrx_word' id='word_1_325' title='bbox 1134 2210 1367 2267; x_wconf 87' lang='lat' dir='ltr'>filium,qui</span> <span class='ocrx_word' id='word_1_326' title='bbox 1379 2210 1541 2253; x_wconf 85' lang='lat' dir='ltr'>Poenos</span> <span class='ocrx_word' id='word_1_327' title='bbox 1558 2213 1698 2254; x_wconf 86' lang='lat' dir='ltr'>classe</span> 
     </span>
     <span class='ocr_line' id='line_1_38' title="bbox 135 2266 1699 2326; baseline 0.001 -15"><span class='ocrx_word' id='word_1_328' title='bbox 135 2269 298 2326; x_wconf 90' lang='lat' dir='ltr'>primus</span> <span class='ocrx_word' id='word_1_329' title='bbox 329 2269 559 2320; x_wconf 87' lang='lat' dir='ltr'>devicerat,</span> <span class='ocrx_word' id='word_1_330' title='bbox 585 2268 836 2309; x_wconf 87' lang='lat' dir='ltr'>redeuntem</span> <span class='ocrx_word' id='word_1_331' title='bbox 859 2266 885 2307; x_wconf 70' lang='lat' dir='ltr'>a</span> <span class='ocrx_word' id='word_1_332' title='bbox 906 2267 1033 2308; x_wconf 65' lang='lat' dir='ltr'>coena</span> <span class='ocrx_word' id='word_1_333' title='bbox 1053 2282 1201 2309; x_wconf 89' lang='lat' dir='ltr'>senem</span> <span class='ocrx_word' id='word_1_334' title='bbox 1222 2282 1334 2323; x_wconf 88' lang='lat' dir='ltr'>saepe</span> <span class='ocrx_word' id='word_1_335' title='bbox 1355 2267 1552 2309; x_wconf 87' lang='lat' dir='ltr'>videbam</span> <span class='ocrx_word' id='word_1_336' title='bbox 1571 2283 1699 2326; x_wconf 89' lang='lat' dir='ltr'>puer:</span> 
     </span>
     <span class='ocr_line' id='line_1_39' title="bbox 136 2323 1698 2382; baseline -0.001 -14"><span class='ocrx_word' id='word_1_337' title='bbox 136 2326 431 2368; x_wconf 84' lang='lat' dir='ltr'>delectabatur</span> <span class='ocrx_word' id='word_1_338' title='bbox 467 2325 615 2367; x_wconf 86' lang='lat' dir='ltr'>crebro</span> <span class='ocrx_word' id='word_1_339' title='bbox 644 2323 775 2365; x_wconf 83' lang='lat' dir='ltr'>funali</span> <span class='ocrx_word' id='word_1_340' title='bbox 800 2330 844 2365; x_wconf 92' lang='lat' dir='ltr'>et</span> <span class='ocrx_word' id='word_1_341' title='bbox 863 2323 1068 2374; x_wconf 81' lang='lat' dir='ltr'>tibicine3</span> <span class='ocrx_word' id='word_1_342' title='bbox 1101 2338 1196 2380; x_wconf 89' lang='lat' dir='ltr'>quae</span> <span class='ocrx_word' id='word_1_343' title='bbox 1231 2324 1314 2365; x_wconf 88' lang='lat' dir='ltr'>sibi</span> <span class='ocrx_word' id='word_1_344' title='bbox 1347 2324 1466 2365; x_wconf 90' lang='lat' dir='ltr'>nullo</span> <span class='ocrx_word' id='word_1_345' title='bbox 1499 2326 1698 2382; x_wconf 88' lang='lat' dir='ltr'>exemplo</span> 
     </span>
     <span class='ocr_line' id='line_1_40' title="bbox 137 2380 1702 2440; baseline -0.001 -16"><span class='ocrx_word' id='word_1_346' title='bbox 137 2383 329 2440; x_wconf 88' lang='lat' dir='ltr'>privatus</span> <span class='ocrx_word' id='word_1_347' title='bbox 351 2389 615 2438; x_wconf 86' lang='lat' dir='ltr'>sumpserat:</span> <span class='ocrx_word' id='word_1_348' title='bbox 645 2387 813 2422; x_wconf 82' lang='lat' dir='ltr'>tantum</span> <span class='ocrx_word' id='word_1_349' title='bbox 832 2380 1019 2422; x_wconf 83' lang='lat' dir='ltr'>licentiae</span> <span class='ocrx_word' id='word_1_350' title='bbox 1041 2381 1172 2421; x_wconf 90' lang='lat' dir='ltr'>dabat</span> <span class='ocrx_word' id='word_1_351' title='bbox 1188 2380 1336 2436; x_wconf 84' lang='lat' dir='ltr'>gloria.</span> <span class='ocrx_word' id='word_1_352' title='bbox 1385 2380 1473 2422; x_wconf 87' lang='lat' dir='ltr'>Sed</span> <span class='ocrx_word' id='word_1_353' title='bbox 1493 2381 1597 2438; x_wconf 90' lang='lat' dir='ltr'>quid</span> <span class='ocrx_word' id='word_1_354' title='bbox 1619 2396 1702 2438; x_wconf 85' lang='lat' dir='ltr'>ego</span> 
     </span>
     <span class='ocr_line' id='line_1_41' title="bbox 123 2436 1700 2494; baseline 0 -14"><span class='ocrx_word' id='word_1_355' title='bbox 123 2439 275 2481; x_wconf 77' lang='lat' dir='ltr'>alios?</span> <span class='ocrx_word' id='word_1_356' title='bbox 306 2439 361 2480; x_wconf 88' lang='lat' dir='ltr'>ad</span> <span class='ocrx_word' id='word_1_357' title='bbox 379 2453 448 2480; x_wconf 90' lang='lat' dir='ltr'>me</span> <span class='ocrx_word' id='word_1_358' title='bbox 470 2439 610 2494; x_wconf 89' lang='lat' dir='ltr'>ipsum</span> <span class='ocrx_word' id='word_1_359' title='bbox 621 2438 713 2494; x_wconf 88' lang='lat' dir='ltr'>jam</span> <span class='ocrx_word' id='word_1_360' title='bbox 732 2444 930 2478; x_wconf 83' lang='lat' dir='ltr'>revertar.</span> <span class='ocrx_word' id='word_1_361' title='bbox 961 2436 1168 2488; x_wconf 76' lang='lat' dir='ltr'>Primum,</span> <span class='ocrx_word' id='word_1_362' title='bbox 1184 2437 1313 2478; x_wconf 88' lang='lat' dir='ltr'>habui</span> <span class='ocrx_word' id='word_1_363' title='bbox 1331 2452 1496 2493; x_wconf 88' lang='lat' dir='ltr'>semper</span> <span class='ocrx_word' id='word_1_364' title='bbox 1513 2439 1700 2480; x_wconf 83' lang='lat' dir='ltr'>sodales.</span> 
     </span>
     <span class='ocr_line' id='line_1_42' title="bbox 139 2494 1702 2551; baseline -0.001 -14"><span class='ocrx_word' id='word_1_365' title='bbox 139 2495 402 2538; x_wconf 87' lang='lat' dir='ltr'>Sodalitates</span> <span class='ocrx_word' id='word_1_366' title='bbox 417 2503 573 2545; x_wconf 85' lang='lat' dir='ltr'>autem,</span> <span class='ocrx_word' id='word_1_367' title='bbox 588 2509 655 2536; x_wconf 90' lang='lat' dir='ltr'>me</span> <span class='ocrx_word' id='word_1_368' title='bbox 669 2501 892 2550; x_wconf 88' lang='lat' dir='ltr'>quaestore,</span> <span class='ocrx_word' id='word_1_369' title='bbox 906 2494 1151 2535; x_wconf 80' lang='lat' dir='ltr'>constitutae</span> <span class='ocrx_word' id='word_1_370' title='bbox 1165 2500 1279 2545; x_wconf 89' lang='lat' dir='ltr'>sunt,</span> <span class='ocrx_word' id='word_1_371' title='bbox 1297 2494 1565 2536; x_wconf 84' lang='lat' dir='ltr'>sacrisldaeis</span> <span class='ocrx_word' id='word_1_372' title='bbox 1576 2495 1702 2551; x_wconf 88' lang='lat' dir='ltr'>Mag-</span> 
     </span>
     <span class='ocr_line' id='line_1_43' title="bbox 139 2550 1703 2608; baseline 0 -15"><span class='ocrx_word' id='word_1_373' title='bbox 139 2566 207 2594; x_wconf 87' lang='lat' dir='ltr'>nae</span> <span class='ocrx_word' id='word_1_374' title='bbox 226 2553 381 2595; x_wconf 89' lang='lat' dir='ltr'>Matris</span> <span class='ocrx_word' id='word_1_375' title='bbox 410 2551 615 2608; x_wconf 88' lang='lat' dir='ltr'>acceptis.</span> <span class='ocrx_word' id='word_1_376' title='bbox 675 2550 892 2607; x_wconf 89' lang='lat' dir='ltr'>Epulabar</span> <span class='ocrx_word' id='word_1_377' title='bbox 911 2551 1041 2606; x_wconf 84' lang='lat' dir='ltr'>igitur</span> <span class='ocrx_word' id='word_1_378' title='bbox 1061 2565 1160 2591; x_wconf 88' lang='lat' dir='ltr'>cum</span> <span class='ocrx_word' id='word_1_379' title='bbox 1181 2550 1398 2592; x_wconf 89' lang='lat' dir='ltr'>sodalibus</span> <span class='ocrx_word' id='word_1_380' title='bbox 1420 2551 1592 2592; x_wconf 92' lang='lat' dir='ltr'>omnino</span> <span class='ocrx_word' id='word_1_381' title='bbox 1614 2565 1703 2593; x_wconf 87' lang='lat' dir='ltr'>mo-</span> 
     </span>
     <span class='ocr_line' id='line_1_44' title="bbox 142 2606 1706 2664; baseline 0 -14"><span class='ocrx_word' id='word_1_382' title='bbox 142 2609 259 2660; x_wconf 77' lang='lat' dir='ltr'>dice3</span> <span class='ocrx_word' id='word_1_383' title='bbox 279 2610 356 2651; x_wconf 88' lang='lat' dir='ltr'>sed</span> <span class='ocrx_word' id='word_1_384' title='bbox 378 2616 468 2650; x_wconf 86' lang='lat' dir='ltr'>erat</span> <span class='ocrx_word' id='word_1_385' title='bbox 480 2609 654 2664; x_wconf 89' lang='lat' dir='ltr'>quidam</span> <span class='ocrx_word' id='word_1_386' title='bbox 668 2608 806 2649; x_wconf 87' lang='lat' dir='ltr'>fervor</span> <span class='ocrx_word' id='word_1_387' title='bbox 819 2607 979 2659; x_wconf 79' lang='lat' dir='ltr'>aetatis3</span> <span class='ocrx_word' id='word_1_388' title='bbox 1000 2606 1086 2663; x_wconf 66' lang='lat' dir='ltr'>qua</span> <span class='ocrx_word' id='word_1_389' title='bbox 1105 2607 1421 2664; x_wconf 83' lang='lat' dir='ltr'>progrediente,</span> <span class='ocrx_word' id='word_1_390' title='bbox 1439 2606 1583 2648; x_wconf 86' lang='lat' dir='ltr'>omnia</span> <span class='ocrx_word' id='word_1_391' title='bbox 1594 2607 1706 2650; x_wconf 86' lang='lat' dir='ltr'>fiunt</span> 
     </span>
     <span class='ocr_line' id='line_1_45' title="bbox 142 2662 1705 2720; baseline 0 -14"><span class='ocrx_word' id='word_1_392' title='bbox 142 2665 281 2707; x_wconf 86' lang='lat' dir='ltr'>indies</span> <span class='ocrx_word' id='word_1_393' title='bbox 308 2665 497 2716; x_wconf 80' lang='lat' dir='ltr'>mitiora3</span> <span class='ocrx_word' id='word_1_394' title='bbox 528 2679 666 2720; x_wconf 90' lang='lat' dir='ltr'>neque</span> <span class='ocrx_word' id='word_1_395' title='bbox 696 2664 810 2705; x_wconf 89' lang='lat' dir='ltr'>enim</span> <span class='ocrx_word' id='word_1_396' title='bbox 839 2664 1032 2720; x_wconf 84' lang='lat' dir='ltr'>ipsorum</span> <span class='ocrx_word' id='word_1_397' title='bbox 1052 2664 1345 2705; x_wconf 88' lang='lat' dir='ltr'>conviviorum</span> <span class='ocrx_word' id='word_1_398' title='bbox 1372 2662 1705 2706; x_wconf 86' lang='lat' dir='ltr'>delectationem</span> 
     </span>
     <span class='ocr_line' id='line_1_46' title="bbox 142 2719 1705 2779; baseline 0 -17"><span class='ocrx_word' id='word_1_399' title='bbox 142 2722 434 2779; x_wconf 81' lang='lat' dir='ltr'>voluptatibus</span> <span class='ocrx_word' id='word_1_400' title='bbox 452 2722 644 2778; x_wconf 89' lang='lat' dir='ltr'>corporis</span> <span class='ocrx_word' id='word_1_401' title='bbox 664 2721 818 2777; x_wconf 82' lang='lat' dir='ltr'>magis,</span> <span class='ocrx_word' id='word_1_402' title='bbox 835 2720 963 2777; x_wconf 75' lang='lat' dir='ltr'>quam</span> <span class='ocrx_word' id='word_1_403' title='bbox 981 2727 1098 2762; x_wconf 87' lang='lat' dir='ltr'>coetu</span> <span class='ocrx_word' id='word_1_404' title='bbox 1114 2720 1348 2762; x_wconf 88' lang='lat' dir='ltr'>amicorum</span> <span class='ocrx_word' id='word_1_405' title='bbox 1361 2726 1404 2761; x_wconf 92' lang='lat' dir='ltr'>et</span> <span class='ocrx_word' id='word_1_406' title='bbox 1419 2719 1705 2774; x_wconf 88' lang='lat' dir='ltr'>sermonibus,</span> 
     </span>
     <span class='ocr_line' id='line_1_47' title="bbox 146 2776 1708 2834; baseline -0.001 -12"><span class='ocrx_word' id='word_1_407' title='bbox 146 2778 368 2823; x_wconf 85' lang='lat' dir='ltr'>metiebar.</span> <span class='ocrx_word' id='word_1_408' title='bbox 397 2778 518 2823; x_wconf 87' lang='lat' dir='ltr'>Bene</span> <span class='ocrx_word' id='word_1_409' title='bbox 537 2779 653 2824; x_wconf 84' lang='lat' dir='ltr'>enim</span> <span class='ocrx_word' id='word_1_410' title='bbox 672 2779 755 2833; x_wconf 83' lang='lat' dir='ltr'>maj</span> <span class='ocrx_word' id='word_1_411' title='bbox 763 2791 856 2820; x_wconf 86' lang='lat' dir='ltr'>ores</span> <span class='ocrx_word' id='word_1_412' title='bbox 876 2777 1012 2822; x_wconf 84' lang='lat' dir='ltr'>nostri</span> <span class='ocrx_word' id='word_1_413' title='bbox 1030 2777 1347 2823; x_wconf 84' lang='lat' dir='ltr'>accubitionem</span> <span class='ocrx_word' id='word_1_414' title='bbox 1363 2776 1585 2834; x_wconf 80' lang='lat' dir='ltr'>epularum</span> <span class='ocrx_word' id='word_1_415' title='bbox 1604 2778 1708 2822; x_wconf 82' lang='lat' dir='ltr'>ami-</span> 
     </span>
    </p>
   </div>
  </div>
 </body>
</html>
