1790 3090
70 188 125 230 66

67 772 123 813 35
142 770 267 812 Rom.
290 785 384 811 esse
406 770 606 810 delatam.

734 182 825 215 PRO
851 180 1061 216 RABIRIO.

141 262 272 315 tistis,
282 260 563 303 intercludere
578 273 724 302 omnes
739 260 1001 302 seditionum
1013 260 1104 301 vias
1108 257 1291 312 ‚munire
1303 256 1504 315 praesidia
1512 258 1698 315 Reipub.

142 334 355 361 summum
375 319 419 359 in
440 317 690 360 consulibus
719 317 962 374 imperium,
985 331 1197 359 summum
1214 316 1259 358 in
1281 322 1432 357 senatu
1453 316 1695 367 consilium,

140 383 290 433 putare
306 393 316 427 3
350 389 400 417 ea
421 374 493 430 qui
516 380 690 415 secutus
711 374 783 426 sit,
800 375 924 415 laude
941 373 1085 430 potius
1103 381 1147 416 et
1166 374 1338 422 honore,
1359 371 1490 429 quam
1506 373 1636 428 poena
1653 378 1698 413 et

142 433 366 489 supplicio,
389 431 566 485 dignum
580 430 790 483 judicare.
823 431 1109 478 Quamobrem
1125 430 1245 471 labor
1265 429 1308 470 in
1324 430 1408 470 hoc
1424 428 1694 469 defendendo

68 491 124 533 30
141 489 354 545 praeeipue
374 502 494 528 meus
516 494 605 537 est3
639 487 828 527 studium
851 486 947 527 vero
964 485 1246 527 conservandi
1265 485 1451 526 hominis
1470 499 1696 527 commune

141 545 247 586 mihi
268 544 488 586 vobiscum
506 558 600 584 esse
622 542 811 584 debebit.
873 542 946 583 Sic
968 543 1081 583 enim
1099 542 1340 583 existimare
1357 542 1537 593 debetis,
1556 541 1698 589 Quiri-

141 608 222 652 tes,
243 607 365 658 epost
389 599 611 641 hominum
631 599 879 640 memoriam
901 613 989 639 rem
1007 598 1170 638 nullam
1189 599 1407 653 majorem,
1429 597 1566 654 magis
1588 597 1698 654 peri-

143 659 349 709 culosam,
373 656 510 712 magis
532 656 586 697 ab
608 656 806 696 omnibus
829 654 948 696 vobis
970 654 1294 711 providendam,
1315 669 1454 710 neque
1476 653 1502 695 a
1523 655 1695 695 tribuno

140 715 255 769 pleb.
276 720 535 768 susceptam,
557 727 696 768 neque
730 711 755 753 a
787 712 961 753 consule
993 711 1227 761 defensam,
1249 712 1389 765 neque
1409 711 1463 751 ad
1484 712 1693 766 populum

667 768 825 825 Agitur
846 768 959 809 enim
979 767 1084 808 nihil
1100 768 1217 808 aliud
1238 767 1283 808 in
1303 766 1387 807 hac
1420 767 1566 817 causa,
1592 767 1698 814 Qui-

140 826 260 878 rites,
277 826 408 882 quam
429 833 478 866 ut
497 826 661 866 nullum
679 825 733 866 sit
753 824 937 881 posthac
956 824 999 865 in
1021 824 1189 880 Repub.
1207 823 1430 879 publicum
1451 822 1697 874 consilium,

140 883 256 924 nulla
267 884 478 924 bonorum
493 882 720 923 consensio
736 889 885 923 contra
901 881 1190 936 improborum
1199 881 1383 922 furorem
1397 886 1440 921 et
1452 879 1698 931 audaciam;

141 940 305 980 nullum
321 938 520 980 extremis
538 938 663 994 Reip.
677 938 942 994 temporibus
959 937 1203 993 perfugium
1217 945 1259 978 et
1273 936 1516 993 praesidium
1533 935 1698 978 salutis.

143 995 251 1042 Quae
273 995 371 1036 cum
387 995 448 1035 ita
461 995 561 1046 sint,
576 995 773 1051 primum,
791 995 941 1051 (quod,
959 995 1003 1035 in
1019 994 1140 1034 tanta
1157 993 1432 1035 dimicatione
1451 992 1621 1048 capitis,
1638 993 1700 1033 fa-

67 1055 122 1096 40
142 1065 235 1100 mae,
256 1051 605 1106 fortunarumque
637 1066 841 1102 omnium,
862 1051 954 1091 fieri
982 1065 1159 1091 necesse
1192 1053 1275 1102 est)
1310 1050 1363 1091 ab
1384 1050 1491 1090 Jove
1520 1048 1702 1104 Optimo

143 1108 263 1149 Max.
278 1107 531 1163 caeterisque
547 1107 629 1148 diis
648 1108 896 1162 deabusque
910 1107 1235 1158 immortalibus,
1245 1121 1426 1162 quorum
1440 1120 1521 1160 ope
1538 1113 1582 1146 et
1597 1119 1701 1145 aux-

141 1164 217 1204 ilio
252 1165 386 1204 multo
410 1164 546 1218 magis
574 1164 667 1203 haec
689 1163 820 1218 Resp.
842 1165 970 1218 quam
999 1163 1162 1203 ratione
1193 1161 1417 1202 hominum
1442 1168 1486 1202 et
1517 1161 1698 1202 consilio

142 1221 416 1276 gubernatur,
438 1234 588 1275 pacem
609 1234 660 1260 ac
681 1219 848 1260 veniam
869 1226 970 1274 peto
990 1235 998 1259 ε
1031 1233 1266 1274 precorque
1295 1218 1349 1259 ab
1374 1217 1441 1269 iis,
1462 1224 1510 1258 ut
1529 1217 1700 1258 hodier-

140 1291 243 1317 num
264 1277 393 1327 diem,
426 1283 469 1317 et
500 1277 553 1317 ad
584 1276 711 1331 hujus
747 1276 929 1316 salutem
962 1276 1314 1326 conservandam,
1337 1280 1380 1315 et
1400 1274 1454 1315 ad
1475 1273 1695 1330 Rempub.

67 1337 122 1378 45
140 1333 525 1384 fconstituendam,
535 1332 728 1373 illuxisse
742 1333 973 1388 patiantur.
1005 1332 1175 1373 Deinde
1192 1346 1283 1382 vos,
1298 1330 1502 1381 Quirites,
1517 1345 1698 1386 quorum

140 1397 332 1446 potestas
353 1389 547 1445 proxime
569 1390 623 1429 ad
646 1390 821 1429 deorum
841 1388 1142 1429 immortalium
1163 1403 1320 1429 numen
1341 1387 1525 1438 accedit,
1543 1401 1617 1428 oro
1635 1394 1698 1427 at-

141 1462 224 1503 que
247 1447 440 1496 obsecro,
463 1445 665 1501 quoniam
692 1460 777 1486 uno
809 1452 1000 1500 tempore
1023 1445 1111 1485 vita
1142 1445 1191 1485 C.
1211 1443 1392 1494 Rabirii,
1413 1443 1600 1484 hominis
1622 1443 1701 1483 mi-

142 1503 304 1544 serrimi
321 1510 450 1558 atque
463 1500 822 1552 innocentissimi,
839 1508 881 1542 et
894 1502 1009 1542 salus
1027 1501 1153 1555 Reip.
1168 1501 1319 1541 vestris
1334 1500 1532 1540 manibus
1550 1499 1702 1540 suffra-

141 1560 310 1615 giisque
331 1557 607 1614 permittitur,
626 1557 867 1597 adhibeatis
886 1557 928 1597 in
944 1557 1130 1597 hominis
1149 1555 1330 1599 fortunis
1347 1555 1700 1609 misericordiam,

350 1745 365 1764 ⁸
379 1753 607 1793 nunquam
628 1741 764 1779 ullam
780 1753 881 1779 rem.

138 1874 312 1914 dicebatur,
338 1875 392 1915 qui
416 1875 454 1905 ab
478 1874 620 1905 omnibus
649 1873 762 1903 deserti
791 1877 899 1911 erant3

139 1917 238 1957 qualis
252 1918 325 1948 sane
341 1929 404 1947 non
415 1918 473 1948 fuit
493 1917 650 1951 Rabirius,
666 1915 735 1946 esim
752 1915 770 1945 a
786 1916 899 1956 princi-

138 1960 229 2000 pibus
257 1960 390 1991 civitatis
426 1961 665 1997 defenderetur3
689 1959 743 1988 sed
768 1958 898 1989 oratorie

138 2003 170 2032 id
201 2003 338 2038 dixit,ut
360 2003 659 2034 commiserationem
685 2001 718 2031 in
745 2012 814 2031 eum
841 2012 898 2042 po-

138 2045 205 2085 puli
218 2046 377 2077 excitaret.

182 2090 234 2118 26.
258 2090 438 2119 &editionum
450 2088 536 2128 vius]
573 2087 697 2117 Iudicat
711 2086 896 2116 seditionem

138 2140 230 2170 quam
255 2132 436 2162 Saturninus
461 2136 533 2161 ante
568 2140 665 2160 annos
690 2129 814 2169 triginta
845 2140 897 2159 sex

138 2174 297 2210 excitavit,
313 2180 345 2204 et
368 2175 479 2215 quibus
502 2174 567 2209 viis,
591 2173 616 2203 si
643 2183 712 2213 quae
737 2182 825 2209 nssvae
846 2183 898 2201 ex-

136 2216 314 2253 citarentur,
330 2223 395 2247 toto
413 2222 525 2247 conatu
549 2221 673 2247 senatus
698 2215 895 2256 populusque

138 2259 234 2290 debet
249 2260 406 2291 obsistere.

181 2305 233 2333 27.
278 2303 426 2333 Summum
452 2304 484 2333 in
513 2302 679 2333 consulibus
715 2301 895 2342 imperium]

136 2344 259 2385 ,Magna
275 2353 307 2376 et
329 2346 417 2386 quasi
440 2345 525 2385 regia
549 2345 607 2375 suit
629 2343 790 2375 consulum
821 2354 894 2374 auc-

136 2388 255 2423 toritas,
271 2389 296 2418 si
320 2399 390 2418 cum
419 2388 543 2428 reliquis
574 2388 640 2418 aliis
666 2386 894 2425 magistratibus

137 2430 328 2461 conferatur:
354 2436 385 2461 at
407 2431 590 2461 auctoritate
622 2428 732 2470 populi
759 2429 893 2465 inferior,

137 2473 234 2513 penes
249 2484 342 2513 quem
357 2484 475 2504 summa
491 2473 558 2503 suit.

180 2515 229 2546 Ib.
256 2515 293 2545 In
306 2523 408 2546 senatu
432 2516 606 2556 consilium]
652 2513 833 2545 Pertinebat
855 2515 894 2544 ad

137 2563 279 2589 senatum
302 2559 474 2589 deliberare
505 2560 544 2589 de
568 2558 697 2599 Repub.
721 2556 786 2586 sine
809 2556 895 2597 cujus

137 2601 265 2632 consilio
279 2602 365 2632 nulla
381 2602 445 2642 ejus
458 2607 506 2632 est
521 2603 698 2632 auctoritas.

181 2646 233 2674 29.
257 2643 351 2674 Labor
366 2646 399 2675 in
422 2644 623 2686 defendendo]
670 2643 727 2674 Ait
742 2642 824 2682 saept}
843 2643 895 2674 Ci-

136 2697 208 2717 cero
222 2688 417 2718 defendendi
438 2688 587 2724 laborem,
609 2698 703 2728 quam
719 2686 896 2723 accusandi,

137 2740 285 2769 majorem
301 2741 381 2761 esse.

180 2774 232 2803 33.
257 2773 283 2803 A
299 2774 414 2803 tribuno
427 2772 541 2813 plebis]
586 2773 737 2816 Loquitur
763 2775 803 2805 de
833 2772 895 2804 La-

136 2815 240 2848 bieno.
288 2816 368 2848 Vide
384 2816 473 2849 Orat.
489 2816 618 2857 Argum.

66 1623 121 1662 50
140 1616 184 1657 in
206 1616 331 1671 Reip.
353 1616 490 1655 salute
513 1614 779 1669 sapientiam,
804 1628 932 1669 quam
954 1613 1118 1656 soletis.

1137 1736 1456 1780 ‘stabiliendam
1465 1769 1474 1778 .

986 1875 1040 1904 38.
1078 1873 1220 1904 Extremis
1245 1873 1370 1913 Reipub.
1400 1872 1596 1914 temporibus]
1641 1873 1704 1903 Ex-

943 1920 1040 1946 trema
1066 1923 1137 1947 sunt
1160 1916 1300 1956 Reipub.
1316 1921 1469 1956 tempora,
1485 1916 1595 1956 quibus
1620 1917 1702 1955 peri-

943 1959 1077 1994 clitatur,
1087 1965 1118 1989 et
1130 1959 1307 1989 consulibus
1319 1959 1524 2000 praescribitur
1533 1964 1567 1989 ut
1575 1958 1702 1989 videant

943 2013 978 2032 'ne
991 2002 1061 2041 quid
1075 2003 1239 2032 detrimenti
1252 2003 1350 2041 capiat
1366 2001 1491 2041 Respub.

983 2045 1037 2079 40,
1082 2045 1127 2074 Ab
1159 2044 1253 2085 Jove.]
1315 2044 1390 2074 Non
1421 2045 1494 2074 solis
1531 2043 1701 2074 oratoribus

942 2087 1071 2122 Graecis,
1086 2088 1140 2117 sed
1172 2086 1324 2117 Romanis
1350 2087 1455 2123 etiarn,
1470 2086 1620 2117 familiare
1643 2086 1703 2116 fuit

942 2131 1070 2159 deorum
1104 2140 1219 2160 numen
1248 2129 1336 2159 initio
1367 2129 1493 2160 dicendi
1521 2129 1699 2169 implorare.

941 2172 1066 2213 Jupiter
1079 2178 1182 2203 autem
1199 2172 1403 2213 quasijuvans
1414 2178 1499 2212 pater
1511 2171 1612 2203 dictus
1629 2176 1699 2209 θείς

940 2217 1093 2253 nzaaimus,
1119 2220 1243 2256 propter
1265 2225 1413 2245 summam
1438 2225 1537 2245 rerum
1563 2214 1701 2245 omnium

940 2264 1125 2299 potestatem
1137 2269 1146 2297 3
1170 2259 1302 2298 optimus,
1314 2258 1386 2299 quia
1397 2258 1538 2289 omnibus
1550 2258 1698 2298 prodesse

941 2307 1052 2342 potest.

981 2347 1033 2375 43.
1073 2343 1177 2374 Pacem
1201 2356 1237 2375 ac
1263 2342 1403 2383 veniam]
1463 2342 1629 2373 Profitetur
1667 2354 1700 2372 se

939 2387 1067 2417 deorum
1105 2397 1197 2426 opem
1244 2392 1276 2417 et
1324 2386 1471 2417 auxilium
1520 2384 1696 2425 implorare.

939 2429 1067 2470 Proprie
1104 2435 1206 2459 autem
1230 2429 1323 2460 venia
1346 2429 1365 2459 a
1388 2428 1446 2458 diis
1472 2428 1600 2469 petitur,
1625 2427 1695 2458 cum

937 2471 1031 2502 iratos
1055 2472 1232 2509 metuimus,
1248 2478 1280 2503 et
1302 2472 1455 2513 propitios
1478 2471 1567 2501 nobis
1590 2477 1698 2511 postu-

938 2514 1046 2545 lamus.

980 2558 1034 2588 46.
1059 2556 1177 2587 Numen
1202 2557 1340 2598 accedit]
1387 2557 1448 2587 Per
1476 2565 1591 2586 numen
1622 2556 1700 2586 deo-

937 2611 1015 2636 rum,
1041 2599 1132 2639 vulgo
1159 2605 1296 2640 potestas
1318 2599 1522 2640 intelligitur:
1556 2599 1639 2629 uudc
1668 2599 1700 2629 in

937 2643 991 2674 lib.
1009 2644 1050 2673 de
1075 2643 1153 2673 Nat.
1167 2642 1264 2673 Deor.
1313 2642 1415 2674 Omnes
1442 2647 1558 2673 naturae
1584 2643 1701 2672 numini

939 2687 1036 2716 divino
1046 2691 1165 2725 parent.

982 2731 1034 2759 48.
1071 2728 1282 2769 Suffragiisque
1308 2727 1518 2768 permittitur]
1573 2725 1702 2767 Ageba-

938 2777 986 2802 tur
1008 2773 1074 2802 haec
1097 2781 1191 2802 causa
1217 2771 1302 2810 apud
1327 2769 1492 2811 populum,
1509 2770 1549 2801 de
1561 2770 1624 2812 qua
1639 2770 1701 2801 suis

938 2814 1090 2855 suffragiis
1106 2814 1184 2846 ferre
1201 2813 1387 2845 sementiam
1404 2813 1549 2848 debebat.
