1858 3095
738 152 828 185 ruo
854 153 1012 186 COELIO,
1645 154 1730 198 223

99 227 256 270 ducam
273 228 298 270 ῖι
311 226 518 278 testibus3
550 238 690 281 neque
711 225 839 281 hujus
855 226 1010 282 judicii
1028 226 1264 276 veritatem,
1282 235 1378 280 quae
1395 220 1547 263 mutari
1565 220 1657 263 nul·
1673 222 1731 263 55

98 285 143 326 lo
164 287 292 327 modo
310 291 467 341 potest,
484 282 526 323 in
544 283 760 323 voluntate
782 283 958 324 testium
979 283 1181 325 collocari
1200 282 1362 331 sinam3
1393 293 1488 335 quae
1506 278 1659 319 facilli-

100 340 169 383 me
190 341 349 397 effingi,
366 340 481 381 nullo
503 338 678 395 negotio
702 339 817 380 flecti
839 354 889 380 ac
910 340 1170 397 detorqueri,
1187 344 1346 396 potest.
1378 333 1658 391 Argumentis

102 413 278 454 agemus
293 414 304 448 ;
324 395 460 451 signis
477 395 591 436 omni
608 396 702 436 luce
719 395 969 437 clarioribus
987 397 1166 438 crimina
1180 395 1420 437 refellemus
1435 407 1446 442 3
1477 404 1543 432 res
1561 404 1659 432 cum

100 469 158 506 re,
177 468 307 496 causa
327 467 424 494 cum
445 452 593 503 causa,
615 452 721 493 ratio
743 467 840 493 cum
861 453 1038 502 ratione,
1058 452 1282 509 pugnabit.

159 509 214 552 V.
245 510 397 565 Itaque
417 508 536 550 illam
557 516 720 564 partem
753 523 895 551 causae
929 509 1054 551 facile
1079 509 1217 565 patior
1237 505 1421 570 graviter
1443 508 1487 546 et
1508 500 1658 544 ornate

101 566 127 608 ῖι
151 566 218 609 Μ.
239 566 395 608 Crasso
417 573 669 621 peroratam,
689 565 741 607 de
763 566 1048 607 seditionibus
1070 561 1381 620 Neapolitanis,
1398 560 1451 601 de
1473 560 1660 600 Alexan-

100 622 317 665 drinorum
338 628 354 646 ¹²
368 623 608 678 pulsatione
625 621 882 673 Puteolana,
903 623 956 664 de
978 621 1102 664 bonis
1126 620 1274 662 Pallae.
1304 616 1473 658 Vellem
1495 615 1661 656 dictum

102 685 218 720 esset
238 679 292 720 ab
315 679 466 720 eodem
499 678 628 720 etiam
649 679 701 719 de
732 677 901 728 Dione;
932 678 984 719 de
1020 691 1105 734 quo
1133 677 1227 733 ipso
1263 681 1408 716 tamen
1440 671 1546 727 quid
1578 676 1659 720 est,

100 736 217 790 quod
239 735 512 791 exspectetiS,
534 734 649 790 quod
671 734 706 774 is
728 733 802 790 qui
823 734 941 786 fecit,
962 742 1036 775 aut
1055 747 1142 775 non
1162 732 1299 782 timet,
1314 736 1388 771 aut
1407 730 1538 789 etiam
1552 726 1660 767 fate·
1677 731 1704 770 5

99 791 196 832 tur?
227 791 400 833 Etenim
420 805 532 841 reus,
554 792 628 846 qui
650 789 793 831 dictus
815 797 883 832 est
902 798 946 832 et
966 791 1135 846 adjutor
1155 789 1284 830 fuisse
1306 793 1350 828 et
1370 797 1586 833 conscius,
1609 781 1661 822 Ρ.

96 846 307 898 Ascitius,
323 847 359 888 is
373 846 541 909 judicio
564 853 631 887 est
650 846 871 888 liberatus.
932 847 1060 894 Quod
1081 846 1211 902 igitur
1231 851 1297 886 est
1315 839 1563 898 hujusmodi
1584 852 1662 900 cri-

100 917 214 955 men,
234 909 295 954 ut,
315 918 387 959 qul
408 902 640 954 commisit,
657 917 743 944 non
757 910 911 959 neget3
943 903 1017 959 qui
1035 917 1121 943 non
1137 900 1323 957 negavit,
1337 897 1557 940 absolutus
1575 893 1661 935 sit?

101 958 154 1000 Id
175 959 245 1000 hic
265 959 552 1015 pertimescat,
576 959 649 1015 qui
682 974 769 1001 non
799 959 928 1001 inodo
958 961 984 1000 a
1013 959 1144 1009 facto,
1166 957 1309 999 verum
1342 955 1468 996 etiam
1503 951 1529 992 a
1559 965 1663 993 con-

105 1015 296 1057 scientiae
314 1015 575 1071 suspicione,
594 1015 754 1056 abfuit?
776 1016 846 1066 Et,
861 1016 898 1057 si
912 1016 1081 1057 Ascitio
1096 1028 1226 1056 causa
1238 1014 1334 1070 plus
1347 1009 1519 1067 profuit,
1534 1005 1664 1069 quani
1687 1011 1736 1053 10

104 1072 254 1114 nocuit
293 1072 468 1123 invidia,
500 1072 602 1114 huic
633 1072 772 1113 oberit
812 1080 934 1114 tuum
976 1072 1265 1119 maledictum,
1297 1068 1371 1124 qui
1403 1066 1528 1107 istius
1559 1064 1663 1105 facti

103 1143 190 1169 non
231 1128 360 1170 modi)
404 1129 665 1184 suspicione,
697 1129 774 1170 sed
815 1144 868 1170 ne
914 1128 1090 1169 iufamia
1132 1127 1322 1182 quidem,
1354 1130 1420 1164 est
1435 1178 1441 1184 ¹
1459 1121 1475 1145 b
1490 1120 1664 1182 adSRffl'T

103 1185 206 1225 sus?
270 1186 330 1226 At
343 1185 681 1240 prevaricatione
700 1192 766 1226 est
782 1185 976 1227 Ascitius
997 1185 1216 1225 liberatus.
1276 1178 1488 1222 Persacsse
1506 1184 1573 1218 est
1590 1183 1663 1217 isti

104 1241 203 1282 loco
234 1241 506 1296 respondere,
529 1240 633 1280 mihi
668 1241 916 1295 praesertim,
950 1241 973 1281 a
996 1255 1081 1296 quo
1118 1240 1192 1280 illa
1224 1252 1356 1279 causa
1385 1234 1563 1276 defensa
1583 1240 1664 1294 est:

104 1297 190 1339 Sed
211 1296 375 1338 Coelius
403 1297 609 1351 optimam
636 1311 810 1338 causam
830 1297 989 1337 Ascitii
1023 1311 1116 1337 esse
1139 1294 1388 1336 arbitratur:
1421 1288 1663 1346 cujusmodi
1686 1293 1738 1334 15

104 1359 247 1394 autem
268 1353 340 1403 sit,
363 1351 389 1392 ἢ
411 1352 489 1393 sua
511 1358 633 1408 putat
653 1367 747 1393 esse
769 1355 1034 1409 sejunctam:
1066 1366 1205 1407 neque
1227 1348 1367 1390 solnm
1387 1347 1566 1396 Ccelius,
1588 1344 1667 1406 sed

103 1408 233 1450 etiam
253 1409 549 1450 adolescentes
570 1408 868 1449 humanissimi
889 1416 932 1450 et
953 1407 1210 1458 doctissimi,
1231 1403 1483 1447 rectissimis
1510 1401 1665 1463 studiis

105 1472 236 1521 atque
269 1465 445 1521 optimis
483 1464 644 1506 artibus
677 1466 859 1521 praediti,
880 1465 1002 1506 Titus
1040 1464 1258 1520 Caiusque
1292 1458 1490 1516 Coponii,
1513 1472 1592 1519 qui·
1613 1471 1667 1498 ex

104 1521 303 1563 omnibus
336 1521 520 1562 maxime
550 1520 706 1562 Dionis
743 1530 922 1563 mortem
958 1522 1212 1570 doluerunt3
1243 1518 1318 1574 qui
1340 1516 1437 1557 cum
1458 1516 1667 1555 doctrmae

105 1577 248 1619 studio
281 1585 409 1633 atque
445 1577 740 1626 humanitatis,
762 1586 854 1619 tum
876 1578 1006 1619 etiam
1031 1576 1220 1632 hospitio
1241 1573 1414 1623 Dionis,
1437 1570 1666 1632 ctenebanT
1683 1576 1739 1617 20

104 1641 185 1675 tur.
256 1633 496 1675 Habitabat
527 1633 563 1673 is
601 1634 715 1689 apud
752 1635 798 1675 L.
831 1635 1078 1684 Lucceium,
1110 1639 1159 1673 ut
1193 1629 1400 1678 audistis;
1450 1627 1588 1668 fuerat
1627 1640 1667 1666 ei

104 1690 307 1746 cognitus
329 1689 616 1731 Alexandriae.
679 1689 795 1737 Quid
817 1697 891 1731 aut
910 1691 995 1741 hic,
1017 1696 1091 1731 aut
1121 1702 1287 1729 summo
1316 1684 1542 1741 splendore
1563 1697 1666 1744 pree-3

105 1746 220 1788 ditus
257 1747 384 1788 frater
419 1747 526 1802 erS,
557 1746 611 1787 de
646 1746 709 1787 M.
743 1746 882 1788 Coelio
919 1747 1149 1796 existimet,
1170 1758 1222 1785 ex
1255 1742 1376 1799 ipsis,
1398 1740 1434 1781 si
1467 1739 1665 1801 producti

106 1809 243 1854 erunt,
264 1802 464 1844 audietis.
524 1802 640 1859 Ergo
661 1803 756 1843 haeo
775 1810 1086 1853 removeantur,
1108 1809 1156 1842 ut
1175 1800 1423 1856 aliquando,
1446 1796 1488 1858 in
1510 1795 1665 1851 quibus

104 1874 237 1901 causa
266 1859 430 1910 nititur,
452 1858 507 1899 ad
540 1873 591 1899 ea
617 1859 852 1901 veniamus.
913 1856 1212 1900 Animadverti
1240 1855 1368 1904 enim,
1384 1853 1570 1909 judices,
1592 1866 1666 1891 au·
1683 1859 1739 1899 25

104 1915 183 1957 diri
204 1915 230 1956 ὲ,
249 1915 371 1957 vobis
394 1929 534 1955 meum
566 1915 820 1957 familiarem
854 1915 900 1956 L.
930 1915 1195 1957 Herennium
1216 1908 1482 1968 perattente3
1514 1908 1558 1948 in
1579 1922 1666 1963 quo

106 1971 187 2013 etsi
210 1971 367 2027 magna
388 1986 441 2012 ex
462 1978 580 2026 parte
601 1971 776 2026 ingenio
795 1973 902 2028 ejus,
920 1980 963 2013 et
983 1971 1154 2013 dicendi
1177 1982 1330 2025 genere
1347 1965 1534 2022 quodam
1550 1971 1668 2026 tene-

103 2027 282 2080 bamini,
303 2035 446 2069 tamen
477 2041 788 2084 nonnunquam
810 2029 999 2079 verebar,
1020 2042 1074 2069 ne
1105 2027 1194 2078 illa,
1216 2023 1431 2066 subtiliter
1451 2021 1506 2063 ad
1528 2020 1668 2062 crimi-

1125 2167 1140 2186 ⁰
1152 2159 1485 2202 delectabantur.

289 2169 305 2186 ⁸
316 2164 443 2204 ccede.
674 2162 693 2187 b
705 2168 896 2206 notatus.

149 2309 179 2337 2.
204 2305 250 2336 De
273 2305 455 2337 seditionibus
486 2305 717 2349 Neapolitanis.]
769 2307 866 2337 Exor-

106 2354 145 2380 ¹ae
160 2349 304 2390 quaedani
316 2349 440 2379 fuerant
451 2349 589 2389 Neapoli
600 2350 784 2388 seditiones,
797 2351 867 2391 qui-

108 2393 164 2422 bus
195 2390 265 2422 cum
295 2402 335 2422 ne
361 2392 490 2432 quidem
520 2392 714 2422 interfuisset.
737 2393 866 2430 Coelius,

108 2440 224 2470 tamen,
240 2434 330 2474 quasi
353 2444 458 2465 earum
482 2439 600 2471 auctor,
615 2435 633 2465 a
649 2435 762 2466 Clodio
778 2446 870 2467 accu-

112 2482 195 2507 satus
212 2483 271 2508 est.

152 2519 202 2550 Ib.
229 2518 456 2559 Neapolitanis.]
502 2518 655 2559 Neapolis
678 2520 779 2552 Italiae
794 2522 870 2553 civi-

110 2566 157 2591 tas
172 2561 372 2594 nobilissima.
384 2571 454 2602 quae
465 2566 497 2591 et
506 2561 706 2604 Parthenope
717 2565 801 2595 dicta
812 2571 869 2598 cst.

154 2605 187 2634 3.
210 2603 255 2634 De
269 2605 346 2634 bonis
362 2604 479 2645 Fatua]
525 2604 604 2634 Haec
629 2605 705 2636 fals&
729 2614 836 2649 erepta
851 2609 869 2638 ἰὶ

112 2645 212 2677 Coelio
228 2646 420 2677 dicebantur.

156 2691 186 2719 4.
225 2688 271 2718 De
299 2688 420 2730 Diona]

111 2730 267 2761 drinoruin
289 2731 420 2772 legatus,
437 2743 528 2773 quen»
555 2732 638 2764 Pub.
660 2734 794 2766 Asellius
821 2736 869 2766 in-

110 2773 250 2813 terfecit5
273 2774 327 2815 qui
352 2779 453 2806 tamen
477 2775 601 2816 judicio
628 2778 786 2810 absolutus
810 2783 868 2811 cst.

473 2689 547 2720 Fuit
568 2690 618 2720 hic
643 2689 708 2722 Dio
732 2691 868 2723 Alexan-

912 2307 1007 2338 Unde
1022 2306 1137 2338 crimen
1163 2303 1240 2334 illud
1262 2302 1295 2333 in
1319 2299 1451 2332 Coelium
1466 2297 1670 2329 derivandum

911 2354 1102 2424 ''oill‘isilztic
1116 2389 1232 2429 oberit]
1258 2386 1357 2418 Coelio
1374 2395 1439 2415 non
1451 2384 1548 2414 debet
1561 2382 1671 2413 obesse

914 2435 1068 2467 interfecti
1088 2433 1199 2464 Dionis
1223 2431 1349 2465 crimen,
1364 2427 1434 2458 cuin
1459 2427 1542 2458 illius
1566 2431 1671 2456 auctor

913 2479 990 2510 illud
1006 2479 1107 2519 ipsum
1124 2486 1187 2507 non
1204 2478 1309 2514 neget.
1461 2511 1468 2517 ⁶
1524 2511 1532 2518 ⁵
1647 2509 1654 2514 .

958 2525 1009 2553 13.
1033 2516 1306 2556 Ρνιευανὶοειῐίοηο.]
1337 2513 1596 2544 Praevancatione
1612 2514 1672 2540 uti-

914 2570 972 2601 tur,
985 2565 1050 2606 qui,
1064 2561 1188 2604 prodita
1196 2558 1290 2591 causa
1301 2556 1367 2592 suit,
1377 2557 1536 2586 adversam
1551 2557 1670 2593 partein

915 2607 1054 2648 adjuvat.
1525 2637 1533 2643 ⁶

957 2651 1009 2681 23.
1031 2649 1062 2679 Si
1076 2648 1209 2689 producti
1223 2642 1337 2682 erunt]
1382 2640 1421 2669 Id
1437 2643 1496 2686 est,
1511 2647 1535 2666 si
1550 2636 1590 2666 ad
1608 2642 1670 2667 tes.

913 2693 1074 2723 timonium
1105 2691 1273 2721 dicendum
1303 2686 1447 2714 advocati
1474 2684 1535 2726 sint
1561 2690 1669 2728 ornnes

913 2735 956 2766 illi
972 2735 1027 2777 qui
1042 2734 1154 2765 Dionis
1171 2736 1258 2763 erant
1279 2725 1382 2760 muiei,
1396 2725 1475 2753 lianc
1491 2732 1556 2762 ejus
1569 2732 1669 2754 crum-

913 2778 960 2811 nis
975 2777 1183 2820 suspicionem
1199 2775 1217 2805 a
1233 2770 1334 2803 Coelio
1350 2765 1564 2799 removebunt.
