1858 3095
744 200 838 235 PRO
861 200 1071 236 RABIRIO.

119 279 305 321 vendum
327 278 456 321 debet
474 276 623 320 videri.
639 333 647 341 ι
682 277 794 320 Nam
812 291 880 340 me
898 278 995 320 cum
1011 279 1212 322 amicitiae
1230 284 1437 334 vetustas,
1457 288 1548 326 tum
1568 285 1664 342 dig-

120 336 233 378 nitas
254 336 453 386 hominis,
468 342 559 376 tum
571 340 679 376 ratio
694 334 988 386 humanitatis,
1002 343 1092 377 tum
1108 352 1213 379 meae
1228 338 1327 380 vitae
1340 346 1546 396 perpetua
1561 357 1665 383 con·-

121 394 319 443 suetudo,
333 393 387 434 ad
418 391 468 433 C.
487 391 709 432 Rabirium
726 392 1044 434 defendendum
1066 401 1132 435 est
1159 395 1407 438 adhortata:
1441 402 1532 438 tum
1547 397 1663 449 vero,
1685 397 1735 438 10

117 458 165 491 ut
178 451 220 491 id
235 447 548 492 studiosissime
566 447 764 500 facerem,
781 449 896 490 salus
910 449 1094 506 Reipub.
1108 452 1328 493 consulare
1345 452 1546 503 officium,
1563 468 1665 496 con-

116 508 280 548 sulatus
293 505 477 561 deniqne
490 504 710 560 ipse‚mihi
723 505 810 547 unzi
824 506 1046 548 vobiscum
1060 510 1178 562 [cum
1192 509 1326 550 salute
1337 508 1537 565 Reipub.]
1550 524 1665 552 com-

118 564 357 613 mendatus,
379 561 537 618 coi-igit.
597 560 697 603 Non
719 562 831 603 enim
849 562 899 603 C.
917 562 1140 605 Rabirium
1162 566 1290 621 culpa
1311 565 1471 617 delicti,
1489 581 1574 608 non
1604 566 1665 608 in-

116 620 244 670 vidia,
265 619 450 674 vitaeqne
483 618 719 675 turpitudo,
741 633 827 660 non
857 619 1043 676 denique
1073 622 1409 678 veteres,justae‚
1430 637 1664 680 gravesque

116 675 352 717 inimicitiae
374 690 546 726 civium,
574 675 617 716 in
649 675 879 717 discrimen
900 676 1054 732 capitis
1076 686 1363 730 vocaverunt;
1393 679 1470 720 sed
1489 685 1537 720 ut
1557 679 1664 721 illud
1686 678 1738 720 15

114 746 327 774 summum
356 731 563 773 auxilium
583 731 821 787 majestatis
841 738 969 788 atque
997 732 1177 789 imperii,
1198 735 1316 790 quod
1343 734 1468 776 nobis
1487 737 1512 776 ἐι
1531 737 1666 792 majo-

113 788 232 830 ribus
249 795 316 830 est
327 788 606 840 traditum,de
619 788 787 844 Repub.
800 789 1038 841 tolleretur;
1059 796 1108 830 ut
1119 789 1226 831 nihil
1238 789 1421 847 posthac
1433 793 1666 834 auctoritas

114 845 302 896 senatus,
314 845 422 886 nihil
436 846 659 886 consulare
672 845 911 900 imperium,
921 845 1027 887 nihil
1040 846 1268 888 consensio
1282 847 1507 900 bonorum,
1517 856 1667 891 contra

112 908 281 959 pestem
299 916 351 944 ac
370 901 604 958 perniciem
624 901 812 944 civitatis
831 903 1017 944 valeret:
1048 902 1227 956 idcirco,
1248 903 1293 945 in
1313 904 1380 945 his
1401 905 1528 947 rebus
1548 921 1665 949 ever-

114 959 274 1010 tendis,
294 973 422 1000 umus
452 958 638 1000 hominis
670 964 886 1010 senectus,
906 958 1147 1012 infirmitas,
1167 960 1464 1018 csolitudoque
1498 968 1666 1004 tentata
1681 963 1736 1003 20

253 1015 556 1067 Quamobrem,
579 1015 614 1056 si
636 1022 704 1057 est
722 1015 824 1057 boni
846 1016 1050 1067 consulis,
1072 1016 1170 1058 cnm
1200 1023 1358 1059 cuncta
1387 1018 1544 1060 auxilia
1563 1019 1665 1061 Rei-

114 1022 193 1057 est.

112 1073 217 1128 pub.
232 1072 482 1114 labefactari
499 1072 768 1129 convellique
789 1072 946 1121 videat,
968 1073 1074 1114 ferre
1095 1087 1221 1130 opem
1242 1074 1403 1130 patriae,
1420 1089 1664 1118 succurrere

115 1129 243 1170 saluti
262 1129 530 1186 fortunisque
563 1129 878 1180 communibus,
899 1129 1124 1185 implorare
1155 1130 1312 1172 civium
1347 1132 1492 1183 fidem,
1514 1132 1666 1174 dsuam

113 1186 294 1248 salutem
311 1187 589 1242 posteriorem
619 1186 755 1227 salute
777 1186 992 1227 communi
1009 1187 1187 1239 ducere;
1218 1194 1285 1229 est
1305 1188 1435 1229 etiam
1455 1189 1666 1231 bonorum

115 1250 159 1284 et
178 1242 352 1285 fortium
368 1242 540 1296 civium,
564 1243 712 1301 quales
732 1257 808 1285 vos
825 1242 1024 1285 omnibus
1046 1242 1232 1300 Reipub.
1252 1245 1516 1302 temporibus
1537 1246 1666 1289 exsti-
1682 1246 1738 1288 25

185 1430 200 1447 ⁰
208 1425 401 1466 desertio.

158 1598 189 1626 8.
212 1595 354 1625 Amicitia:
377 1594 530 1636 vetustas]
584 1593 717 1625 Vetusta
734 1593 869 1624 amicitia

115 1638 201 1669 nulla
214 1638 325 1668 certior
339 1642 403 1676 est;
425 1647 517 1678 quarn
531 1636 599 1678 ipse
608 1637 719 1669 Cicero
727 1637 868 1674 violaret,

114 1682 140 1712 si
156 1680 344 1722 periclitanti
358 1680 458 1711 arnico
473 1690 536 1710 non
551 1681 688 1711 adesset.

159 1725 211 1755 lb.
236 1724 378 1765 Dignitas
405 1723 553 1763 hominis]
586 1722 723 1754 Auctore
751 1723 870 1760 Dione,

112 1772 179 1798 erat
190 1766 337 1798 Rabirius
350 1771 483 1797 senator.

159 1813 191 1842 9.
215 1810 304 1840 Ratio
328 1808 545 1850 humanitatis]
589 1808 792 1840 Humanitate
821 1809 869 1840 in-

115 1853 268 1884 stituimur
289 1853 329 1883 ad
352 1852 575 1884 sublevandam
597 1852 756 1883 hominum
787 1852 869 1884 cala·

117 1896 266 1927 mitatem.

159 1939 208 1970 Ib.
231 1939 376 1979 Perpetua
390 1937 586 1979 consuetudo]
617 1937 774 1969 Gloriatur
789 1938 870 1980 saepe

118 1983 229 2013 Cicero
244 1992 277 2012 se
299 1981 540 2023 quamplurimos
562 1981 750 2018 defendisse,
773 1987 805 2012 et
820 1993 871 2013 ac-

116 2025 271 2055 cusavisse
305 2025 485 2062 nerninem,·
521 2024 627 2065 qnare,
650 2024 780 2055 Verrem
818 2035 869 2055 ac·

118 2073 287 2103 cusaturus,
302 2068 456 2108 professus
471 2073 519 2097 est
534 2068 566 2097 id
583 2077 616 2098 se
629 2067 739 2097 fecisse
753 2067 868 2108 potins,

119 2116 153 2140 ut
181 2109 291 2142 Siculis
316 2110 503 2147 subveniret,
515 2110 607 2151 quam
629 2115 664 2140 ut
686 2120 756 2140 eum
779 2121 871 2142 accu-

119 2158 211 2184 saret-

165 2199 215 2226 11.
238 2195 324 2226 Salus
339 2194 481 2236 Reipub.]
525 2193 638 2236 Agitur
657 2194 689 2224 in
704 2194 763 2226 hac
778 2194 872 2226 cansa.

119 2239 159 2269 de
173 2238 312 2280 Reipub.
325 2237 435 2274 salute,
445 2247 538 2278 qnam
547 2236 723 2268 convellere
733 2238 873 2268 seditiosi

117 2282 201 2313 cives
218 2281 322 2312 conati
336 2286 408 2311 sunt
420 2281 493 2311 olim
508 2280 540 2310 in
556 2279 713 2311 Saturnini
728 2280 872 2320 tumultu,

118 2330 152 2355 ut
167 2330 253 2365 patet
267 2335 304 2355 ex
320 2329 501 2365 argumento
516 2323 671 2354 orationis.

162 2367 212 2399 Ib.
251 2367 408 2398 Consulare
434 2365 588 2408 qffi'cium]
633 2365 744 2397 Cicero
767 2366 874 2398 consul

118 2412 199 2442 hanc
227 2410 337 2441 habuit
359 2410 551 2447 orationem;
586 2408 669 2439 illins
701 2414 804 2440 autem
827 2415 875 2440 est

117 2455 198 2484 tueri
224 2453 384 2485 consulare
409 2452 585 2495 imperium,
605 2462 668 2494 quo
691 2452 871 2484 Saturninus

117 2497 298 2527 interfectus
312 2501 369 2528 est.

162 2538 212 2572 Ib.
228 2539 401 2570 Consulatus
409 2538 556 2579 deniqne]
584 2537 874 2569 Senatus-consulto

122 2581 264 2614 Ciceroni
279 2588 311 2613 et
327 2582 498 2619 Quiritibus
522 2582 701 2612 mandatum
715 2581 826 2617 fuerat,
840 2586 875 2611 ut

121 2624 295 2656 consulatus
309 2625 495 2667 dignitatem
510 2623 540 2653 in
556 2623 686 2655 Rabirio
702 2624 877 2654 defenden-

121 2667 164 2697 do
196 2672 363 2704 tuerentur,
397 2678 465 2709 qnae
495 2667 744 2702 labefactaretur,
776 2667 801 2697 si
831 2667 877 2697 fas

123 2721 186 2741 non
201 2717 283 2742 esset
296 2711 472 2743 consulibus
488 2710 520 2740 in
535 2711 697 2742 seditiosos
712 2711 796 2741 cives
809 2709 875 2740 ani-

121 2754 323 2785 madvertere.

167 2797 221 2827 13.
244 2796 339 2836 Culpa
352 2796 479 2838 delicti]
519 2795 669 2828 Rabirius
682 2807 746 2827 non
761 2796 801 2827 ob
817 2796 876 2827 cri-

122 2839 205 2871 mina
226 2844 354 2871 vocatur
371 2839 404 2870 in
429 2838 594 2880 judicium,
613 2839 670 2871 sed
692 2838 779 2880 quod
803 2849 877 2871 con.

573 1423 591 1446 ‘¹
593 1425 738 1478 pluris
753 1424 905 1478 facere
925 1426 1108 1466 salutem
1127 1426 1287 1468 civium
1306 1426 1433 1480 qucim
1453 1441 1594 1470 sumn.

911 1593 970 1625 suli
997 1594 1144 1635 paruerit,
1161 1595 1234 1627 cnm
1256 1595 1296 1627 ad
1320 1606 1404 1628 arma
1424 1595 1507 1627 cives
1530 1601 1668 1635 vocaret,

911 1637 962 1669 cui
976 1642 1042 1668 tum
1056 1648 1120 1668 non
1135 1639 1261 1670 obedire
1279 1639 1353 1670 mali
1367 1639 1445 1671 civis
1459 1644 1518 1673 est.

958 1682 1010 1711 16.
1030 1680 1180 1712 Summum
1207 1682 1378 1723 auxilium]
1438 1682 1500 1713 Per
1515 1692 1668 1714 summum

913 1724 1058 1754 auxilium
1073 1724 1219 1765 intelligit
1239 1725 1318 1756 illud
1341 1724 1670 1762 senatus-consultum,

913 1768 997 1807 qnod
1010 1767 1206 1807 periclitante
1220 1767 1350 1808 Repub.
1363 1767 1430 1798 fieri
1444 1768 1574 1805 solebat,
1585 1767 1668 1805 cnm,

913 1809 1019 1840 exorta
1032 1810 1139 1848 aliqua
1153 1810 1307 1842 seditione
1323 1816 1376 1841 ant
1386 1811 1530 1847 tumultu,
1540 1812 1670 1841 manda·

912 1852 1002 1882 batur
1017 1858 1051 1883 ut
1061 1853 1203 1884 viderent
1217 1854 1359 1884 eonsules
1374 1864 1410 1884 ne
1423 1854 1493 1894 quid
1505 1855 1670 1885 detrimenti

912 1902 1025 1936 caperet
1038 1895 1164 1936 Respub.
1207 1897 1286 1927 Tum
1311 1897 1393 1927 enim
1414 1897 1511 1938 penes
1527 1907 1580 1928 eos
1604 1901 1670 1927 erat

915 1949 1066 1969 summum
1081 1938 1246 1980 imperium
1268 1940 1404 1980 cogendi
1426 1940 1588 1976 exercitus,
1603 1939 1670 1970 bel-

915 1981 978 2011 lum
994 1982 1134 2023 gerendi,
1147 1982 1206 2013 &c.

954 2024 1004 2057 Ib.
1030 2024 1221 2065 Mey'estatis]
1266 2023 1418 2065 Majestas
1429 2031 1477 2056 est
1494 2024 1669 2067 amplitudo

914 2078 950 2099 ac
966 2068 1102 2108 dignitas
1119 2067 1258 2108 Reipub.

957 2113 1012 2142 1¹7.
1035 2110 1222 2151 Tannetum]
1266 2110 1384 2150 Innuit,
1399 2111 1495 2152 quod,
1510 2111 1569 2141 nisi
1583 2121 1669 2142 surn-

916 2163 1000 2182 mnm
1022 2152 1099 2182 illud
1117 2152 1280 2193 imperium
1306 2154 1404 2193 penes
1418 2153 1561 2184 consules
1576 2161 1671 2193 esset,

914 2196 999 2225 brevi
1014 2194 1154 2236 Reipub.
1175 2195 1311 2236 dignitas
1336 2195 1355 2226 ὲ
1378 2196 1533 2228 seditiosis
1553 2197 1670 2230 civibus

914 2237 1085 2269 tolleretur.

960 2283 1012 2311 18.
1051 2280 1199 2311 consensio
1223 2281 1386 2322 boum-tim]
1433 2281 1496 2311 Per
1523 2282 1673 2315 bonorum

915 2323 1151 2356 consensionem
1187 2330 1328 2354 senatum
1363 2324 1520 2366 intelligit,
1546 2330 1580 2356 et
1618 2328 1674 2378 qni

916 2372 1020 2408 partes
1035 2372 1068 2397 et
1086 2365 1208 2407 jussum
1233 2365 1358 2397 senatos
1384 2368 1482 2398 secuti
1501 2373 1586 2407 sunt,
1601 2380 1673 2400 cnm

917 2409 1112 2446 Saturninus,
1125 2419 1266 2451 egressus
1280 2409 1298 2441 ὲ
1318 2409 1489 2452 Capitolio,
1504 2421 1672 2454 oppressus

915 2458 974 2485 est,

958 2495 1008 2526 Ib.
1035 2495 1147 2526 Contra
1156 2497 1291 2538 pestem]
1335 2495 1486 2528 Scelerati
1498 2501 1531 2528 et
1545 2498 1673 2529 seditio-

916 2538 940 2570 si
955 2539 1040 2570 cives
1052 2538 1192 2579 Reipub.
1206 2543 1310 2580 pestes
1329 2545 1412 2572 sunt.

960 2585 1014 2614 20.
1040 2581 1174 2612 Hominis
1197 2583 1350 2624 senectus]
1395 2583 1498 2614 Senex
1526 2589 1592 2614 tum
1617 2593 1674 2614 ne-

918 2623 1049 2655 cessario
1084 2624 1232 2655 Rabirius
1261 2630 1339 2662 erat,
1367 2624 1438 2656 cnm
1467 2626 1485 2655 5,
1521 2626 1672 2658 Cicerone

921 2667 1065 2698 defensus
1093 2673 1161 2698 est:
1198 2678 1271 2698 narn
1305 2669 1392 2699 annis
1413 2667 1526 2698 abhinc
1548 2668 1673 2710 triginta

917 2719 970 2740 sex
986 2710 1183 2741 Saturninum
1213 2711 1420 2746 interfecerat,
1430 2710 1496 2750 jam
1520 2711 1601 2742 inter
1624 2723 1673 2743 se-

917 2758 1040 2784 natores
1055 2753 1240 2796 adscriptus,
1252 2754 1389 2795 idedque
1413 2753 1604 2795 trigesimum
1619 2765 1674 2786 an-

919 2805 995 2827 num
1009 2807 1116 2837 agens.

961 2838 1013 2872 Ib.
1036 2839 1196 2880 Solitudo]
1240 2838 1385 2871 Solitudo
1415 2839 1539 2881 proprie
1567 2840 1608 2872 de
1637 2839 1675 2872 iis

1681 209 1737 254 65
