1858 3095
658 158 751 192 PRO
774 156 894 190 LEGE
915 156 1130 199 MANILIA.

111 239 269 291 lasset3
301 254 438 297 usque
456 238 501 280 in
522 236 779 294 Hispaniam
800 237 969 293 legatos
986 235 1220 278 Ecbatanis
1238 235 1357 279 misit
1374 238 1429 280 ad
1443 252 1516 280 eos
1531 239 1679 292 duceS,

110 297 370 354 quibuscum
391 305 482 338 tum
502 295 662 337 bellum
683 294 962 350 gerebamus3
994 299 1054 343 ut,
1078 294 1187 345 cum,
1211 294 1381 336 duobus
1399 295 1442 335 in
1464 295 1573 336 locis
1594 297 1679 338 dis·
1696 296 1753 338 25

105 354 409 411 junctissimis,
442 351 714 408 maximeque
746 350 942 402 diversis,
974 364 1060 391 uno
1083 351 1281 402 consilio,
1307 351 1333 393 ἲι
1355 351 1468 392 binis
1490 351 1680 394 hostium

111 411 249 467 copiis
282 411 443 452 bellum
463 408 575 450 terra
606 408 796 464 marique
826 416 1056 466 gereretur,
1078 422 1169 459 vos,
1200 408 1379 464 ancipiti
1401 408 1680 450 contentione

113 467 322 518 distracti,
353 467 407 508 de
439 466 642 522 “imperio
685 465 1001 515 dimicaretisss
1024 464 1110 505 Sed
1152 472 1295 506 tamen
1334 465 1508 506 alterius
1548 465 1680 521 partis

111 525 360 581 periculum,
385 523 641 566 Sertorianae
662 530 791 578 atque
814 520 1131 578 Hispaniensis,
1153 537 1249 577 quae
1266 522 1401 563 multo
1423 522 1519 578 plus
1542 524 1683 563 firma-

112 580 245 623 menti
260 595 311 622 ac
323 580 490 639 ‚noboris
506 580 710 631 habebat,
728 580 809 620 Cn.
832 578 1028 633 Pompeii
1047 578 1193 619 divino
1211 578 1395 620 consilio
1410 593 1461 620 ac
1474 578 1680 636 singulari
1699 580 1755 621 30

111 638 268 678 virtute
289 633 513 693 de‘pulsum
534 643 625 687 est3
671 636 715 677 in
736 635 870 677 altera
891 642 1010 690 parte
1031 634 1092 676 ita
1111 649 1177 676 res
1201 634 1226 676 a
1249 635 1295 676 L.
1318 635 1492 677 Lucullo
1515 650 1682 677 summo

110 694 201 736 viro
221 701 289 736 est
307 693 619 744 administrata,
651 700 699 734 ut
721 693 843 734 initia
873 692 948 732 illa
969 699 1187 748 gestarum
1209 706 1348 733 rerum
1370 707 1526 749 magna
1553 700 1682 749 atque

111 751 329 808 praeclara,
349 765 435 792 non
451 750 650 793 felicitati
667 751 774 806 ejus,
792 749 868 791 sed
888 748 1031 789 virtuti
1047 765 1058 795 ;
1091 748 1184 790 haec
1205 756 1347 790 autem
1367 756 1571 801 extrema,
1588 765 1684 806 quae

112 822 249 864 nuper
269 807 536 859 acciderunt,
557 821 643 848 non
663 807 817 864 culpae,
839 805 915 847 sed
937 805 1132 854 fortunae,
1155 805 1384 847 tribuenda
1404 821 1498 848 esse
1512 806 1685 848 videan-

111 872 193 906 tur.

254 864 340 906 Sed
362 864 415 906 de
437 864 618 906 Lucullo
640 864 783 905 dicam
803 863 887 904 alio
909 863 1033 914 loco;
1067 870 1111 904 et
1140 862 1202 903 ita
1232 863 1387 914 dicam,
1410 863 1616 915 Quirites,
1637 870 1686 906 ut
1702 865 1758 907 35

112 935 252 978 neque
274 936 374 963 vera
393 921 487 963 laus
520 921 560 962 ei
591 921 785 963 detracta
817 919 1011 962 oratione
1041 918 1205 971 nostra,
1233 934 1374 976 neque
1402 921 1512 962 falsa
1542 921 1687 963 afficta

114 993 210 1020 esse
231 977 438 1020 videatur.
497 977 601 1029 Sed,
639 993 717 1034 pro
754 977 884 1018 vestri
923 975 1091 1032 imperii
1122 976 1335 1033 dignitate
1366 985 1494 1034 atque
1535 978 1685 1034 gloria,

113 1034 319 1092 quoniam
339 1035 392 1076 'is
407 1042 474 1077 est
488 1049 665 1077 exorsus
683 1033 889 1077 orationis
906 1048 1027 1084 meae,
1046 1033 1203 1085 videte,
1217 1049 1346 1090 quem
1358 1035 1482 1076 vobis
1497 1035 1686 1076 animum

115 1091 437 1148 suscipiendum
456 1092 632 1148 putetis.
664 1092 856 1147 Majores
877 1090 1005 1132 vestri
1023 1089 1155 1146 saepe,
1178 1091 1484 1133 mercatoribus
1501 1106 1552 1133 ac
1569 1091 1687 1134 navi-

115 1149 379 1190 culatoribus
400 1148 648 1205 injuriosius
669 1148 880 1198 tractatis,
901 1147 1014 1188 bella
1033 1155 1285 1203 gesserunt:
1317 1163 1409 1200 vos,
1440 1156 1507 1190 tot
1527 1149 1686 1190 civium
1704 1150 1760 1192 40

117 1205 245 1246 Rom.
263 1205 469 1257 millibus,
486 1220 572 1247 uno
586 1206 736 1247 nuntio
755 1212 884 1261 atque
905 1219 990 1245 uno
1007 1212 1198 1260 tempore
1212 1205 1394 1257 necatis,
1409 1220 1494 1262 quo
1513 1206 1688 1248 tandem

117 1262 259 1303 animo
275 1277 369 1303 esse
384 1262 553 1303 debetis
567 1265 588 1302 ζ’-
616 1262 765 1318 Legati
787 1261 904 1317 quod
922 1272 1043 1301 erant
1059 1262 1261 1317 appellati
1276 1262 1517 1318 superbius,
1536 1263 1690 1304 Corin-

119 1319 239 1360 thum
249 1325 392 1374 patres
402 1318 546 1370 vestri,
557 1318 689 1360 totius
701 1318 879 1359 Graeciae
889 1319 1051 1368 lumen,
1063 1319 1325 1360 exstinctum
1339 1334 1433 1360 esse
1443 1325 1687 1362 voluerunt:

175 1432 402 1473 *veniretis
432 1434 481 1473 in
507 1433 737 1474 discrimen
769 1429 995 1472 amittendi
1024 1433 1205 1485 imperii.

115 1492 325 1533 orationis
345 1503 462 1531 meoe.

118 1603 173 1645 qui
197 1602 375 1643 Bosporum
397 1602 564 1634 Thracium
594 1604 746 1640 incolunt,
769 1601 819 1633 cui
843 1601 882 1631 ab

118 1656 232 1678 occasu
255 1645 376 1676 Pontus
398 1646 545 1677 finitimus
572 1653 629 1677 est.
675 1647 735 1677 His
765 1650 883 1683 autem,

119 1689 191 1721 cum
208 1688 298 1731 Sylla
311 1688 345 1718 in
360 1688 484 1719 Italiam
500 1700 639 1721 reversus
656 1694 750 1729 esset,
768 1688 885 1719 bellum

118 1732 224 1763 intulit
240 1731 450 1769 Mithridates,
474 1733 587 1773 quibus
606 1733 738 1764 devictis
754 1732 887 1764 Macha-

119 1787 184 1807 rem
200 1775 298 1806 filium
312 1786 402 1806 suurn
417 1785 523 1816 regern
535 1776 637 1808 dedit.

163 1820 218 1850 24.
261 1817 410 1860 Legatos]
456 1818 492 1850 L.
517 1819 660 1860 Magium
684 1824 716 1851 et
739 1819 776 1850 L.
800 1818 882 1849 Fan-

120 1861 206 1892 nium
229 1861 361 1901 indicat,
385 1861 440 1903 qui
462 1862 480 1892 εἰ
507 1862 611 1893 Mario
641 1863 680 1893 ad
714 1862 883 1892 Mithrida-

123 1911 186 1936 tem
207 1905 424 1946 confugerant,
449 1910 483 1936 ut
511 1905 544 1936 in
566 1906 657 1936 tertia
680 1905 811 1937 Verrina
840 1905 885 1935 ait

123 1948 246 1980 Cicero.

169 1990 220 2022 Ib.
264 1989 447 2033 Ecbatanis]
493 1991 656 2022 Ecbatana
698 1996 795 2032 caput
822 1996 888 2022 crat

125 2033 258 2070 Meuiae,
269 2044 338 2075 quae
349 2035 431 2071 urbs,
444 2045 480 2065 ex
490 2034 605 2071 Plinio,
620 2035 673 2066 lib.
683 2037 714 2066 6.
728 2035 745 2065 a
757 2034 888 2066 Seleuco

126 2077 256 2108 condita
269 2082 328 2107 est.

171 2119 220 2151 lb.
266 2120 367 2150 Adeos
376 2121 487 2162 duces]
534 2120 703 2151 Sertorium
729 2120 885 2160 designat,

129 2168 162 2193 et
177 2162 253 2194 alios
266 2163 374 2200 duces,
391 2174 468 2204 quos
485 2169 627 2194 senatum
641 2163 708 2204 ipse
733 2164 885 2194 Sertorius

126 2206 319 2247 appellabat.

171 2251 223 2280 25.
247 2248 287 2279 In
302 2250 370 2279 locis
381 2249 640 2290 disjunctissimis]
672 2248 710 2278 In
727 2247 804 2279 Asia
820 2259 891 2279 cum

129 2291 328 2332 Mithridate,
335 2293 367 2322 in
377 2292 532 2333 Hispania
541 2303 610 2323 cum
618 2292 768 2327 Sertorio,
776 2291 891 2322 bellum

133 2336 272 2375 gerebat,

174 2379 228 2409 26.
255 2376 340 2408 -Uno
352 2378 496 2419 consilia]
542 2377 681 2408 Consilio
725 2377 893 2407 Mithrida-

131 2420 171 2451 tis
187 2427 221 2452 et
242 2421 380 2456 Sertorii,
402 2421 457 2462 qui
479 2421 560 2451 inter
577 2431 610 2451 se
627 2421 730 2451 foedus
747 2420 892 2456 inierant,

132 2462 212 2494 adeo
229 2470 263 2494 ut
276 2463 367 2495 facile
381 2464 439 2494 sibi
465 2464 698 2505 persuaderent,
714 2462 797 2505 quod
818 2473 893 2505 con-

128 2506 250 2547 juratos
270 2507 360 2538 simul
390 2512 423 2538 et
450 2508 602 2538 irruentes
623 2505 893 2558 respubliczrjiiu

133 2550 306 2581 sustineret.
839 2588 846 2592 v

177 2595 230 2624 28.
274 2593 489 2634 Dimicaretis]
534 2592 672 2623 Romani
708 2592 739 2622 in
786 2592 892 2623 discri-

135 2644 208 2665 men
231 2637 325 2667 totius
348 2636 470 2678 imperii
486 2636 666 2673 veniebant,
690 2635 892 2666 deliberando

137 2677 187 2707 vel
204 2679 244 2709 de
259 2679 401 2715 ducibus,
417 2690 496 2721 quos
508 2678 655 2710 adversus
670 2683 774 2709 tantos
788 2679 893 2710 hostes

136 2720 305 2753 mittendos
322 2722 515 2763 judicarent,
529 2722 579 2752 vel
599 2721 751 2763 ancipites
777 2723 894 2752 haeren-

135 2764 191 2836 dot,
215 2774 255 2795 an
285 2765 489 2797 Mithridates
511 2765 563 2797 vel
587 2766 739 2798 Sertorius
762 2765 895 2806 impera-

134 2816 164 2836 re
182 2828 189 2837 .

1266 1433 1372 1488 ¹feci
1397 1434 1494 1474 inde
1513 1435 1691 1475 initium

971 1603 1024 1632 29.
1069 1601 1238 1633 Sertorzanae
1265 1603 1376 1645 atqua]
1422 1603 1586 1640 Sertorius,
1618 1604 1692 1636 Ma-

927 1644 1029 1675 rianas
1038 1651 1141 1686 partes
1157 1651 1293 1683 secutus,
1310 1658 1380 1678 cum
1394 1647 1509 1684 Cinna,
1524 1647 1692 1689 Syllared-

929 1693 1036 1724 eunte,
1058 1689 1179 1730 fugerat
1193 1689 1224 1719 in
1241 1689 1438 1731 Hispaniam,
1456 1690 1507 1721 ubi
1529 1690 1600 1721 cum
1616 1691 1691 1722 His-

929 1741 1029 1772 panos
1043 1731 1101 1762 sibi
1117 1732 1317 1770 devinxisset,
1333 1733 1443 1763 multas
1456 1733 1562 1764 clades
1574 1734 1692 1765 exerci-

924 1774 1006 1805 tibus
1022 1774 1176 1806 Romanis
1186 1776 1308 1814 intulit;
1333 1777 1389 1807 sed
1402 1776 1421 1806 a
1436 1776 1525 1818 Sylla
1535 1776 1691 1818 proscrip-

925 1817 1022 1864 ἰωῇ-5,
1035 1817 1084 1848 Μ.
1102 1819 1241 1849 Antonio
1255 1825 1287 1850 et
1302 1819 1350 1850 M.
1366 1819 1544 1861 Perpenna,
1559 1819 1691 1862 aliisque

926 1861 1093 1901 conjuratis
1110 1863 1264 1901 proditus,
1290 1862 1322 1892 in
1344 1862 1490 1892 convivio
1511 1862 1690 1894 interfectus

927 1909 974 1934 est
986 1903 1080 1934 Anno
1096 1904 1190 1936 Urbis
1203 1908 1278 1936 681.
1295 1905 1346 1936 Ita
1358 1905 1477 1942 Florus,
1495 1905 1691 1943 Plutarchus,

929 1952 962 1978 et
973 1946 1152 1988 Appianus.

972 1992 1026 2021 32.
1070 1989 1191 2032 Initia]
1237 1990 1384 2022 Lucullus
1407 1992 1515 2022 consul
1539 2002 1609 2022 cum
1626 1991 1692 2028 Mi-

931 2033 1064 2063 thridate
1081 2045 1262 2075 congressus
1279 2045 1371 2075 supra
1385 2035 1547 2075 sexaginta
1558 2035 1692 2065 hostium

932 2075 1027 2106 millia
1038 2077 1203 2113 interfecit,
1227 2088 1263 2108 ac
1287 2087 1390 2118 regem
1413 2088 1511 2118 usque
1534 2078 1566 2107 in
1580 2077 1693 2108 Arme-

932 2119 1015 2148 niam
1027 2119 1158 2160 fugavit.

976 2163 1030 2194 33.
1073 2162 1244 2204 Extrema]
1291 2162 1371 2194 Com
1395 2162 1542 2194 Lucullus
1571 2162 1696 2203 reliquit

936 2203 1162 2240 Mithridatem,
1188 2216 1245 2236 nec
1261 2205 1430 2245 fugientem
1452 2216 1522 2236 eum
1537 2206 1693 2236 insecutus

936 2252 994 2282 est,
1004 2248 1246 2279 detrectantibus
1259 2249 1345 2279 ducis
1355 2249 1516 2288 imperium
1526 2249 1692 2285 militibus;

935 2289 1021 2330 quod
1037 2300 1100 2321 non
1115 2291 1209 2332 culpa
1224 2291 1290 2328 sua,
1307 2292 1362 2322 sed
1379 2291 1509 2321 fortunae
1524 2302 1597 2322 casu
1612 2292 1694 2322 acci-

937 2333 995 2371 dit,
1019 2344 1088 2374 quae
1111 2334 1161 2364 vel
1184 2334 1442 2375 praestantissimis
1472 2334 1603 2365 ducibus
1632 2345 1696 2365 non

937 2386 1058 2416 semper
1073 2377 1167 2407 favet.

980 2421 1032 2451 39.
1048 2420 1336 2462 Navicnlatoribus]
1361 2419 1600 2452 Naviculatores
1614 2426 1696 2457 sunt,

903 2462 989 2503 „qui
1001 2463 1064 2504 'per
1078 2473 1162 2494 mare
1178 2474 1296 2494 merces
1312 2463 1526 2494 transvehunt.

984 2509 1037 2537 42.
1094 2507 1240 2546 Appellati
1282 2506 1456 2547 superbists]
1518 2505 1695 2542 Corinthus,

937 2551 1009 2581 urbs
1032 2549 1176 2586 Achatae,
1201 2551 1241 2580 ad
1265 2549 1416 2580 Isthmum
1440 2549 1499 2579 sita
1521 2554 1579 2584 est,
1603 2549 1696 2579 Pelo-

936 2603 1109 2635 ponnesum
1136 2593 1215 2622 inter
1233 2598 1265 2623 et
1281 2592 1447 2631 Graeciam,
1472 2591 1531 2621 illis
1549 2596 1609 2621 tem
1635 2592 1695 2621 uri-

936 2638 993 2667 bus
1009 2635 1159 2666 ditissima
1183 2641 1213 2666 et
1238 2636 1460 2676 potentissima,
1485 2644 1553 2674 quae
1573 2634 1592 2663 a
1632 2644 1694 2676 ,ep-

937 2681 1001 2710 tine
1016 2678 1094 2709 alter
1109 2678 1241 2714 Graeciae
1256 2679 1374 2714 oculus,
1387 2683 1419 2709 et
1430 2677 1563 2707 Athena!
1578 2677 1694 2712 altem.

940 2722 1117 2764 appellatus
1132 2727 1193 2754 est.
1210 2722 1299 2758 Haec,
1315 2731 1395 2751 anno
1412 2720 1450 2750 ab
1467 2718 1553 2750 Urbe
1568 2719 1696 2751 condita

939 2767 1016 2797 60⁷.
1047 2770 1119 2806 post
1155 2764 1270 2796 bellum
1307 2763 1461 2794 Punicum
1494 2762 1630 2800 tertium,
1664 2771 1697 2793 et

940 2814 1013 2840 ante
1059 2807 1172 2838 bellum
1209 2806 1446 2842 Numantinum,
1482 2804 1502 2836 ὅ
1534 2804 1696 2843 Romanis,

1695 159 1752 205 33
