1790 3090
50 162 102 204 12
589 161 640 193 IN
662 159 914 200 CAECIHUM,
934 159 1070 193 DIVIN
1071 159 1192 194 A'r10.

115 236 249 290 venit,
268 236 373 294 quid
393 236 557 294 negotii
574 237 632 279 sit
650 251 823 280 causam
843 237 1061 295 publicam
1074 234 1312 280 sustinere?
1342 234 1473 277 vitam
1490 235 1665 277 alterius

115 301 252 337 totam
284 295 508 351 explicare,
540 301 668 351 atque
700 310 794 337 eam
831 310 918 338 non
937 293 1068 337 modo
1103 295 1147 336 in
1181 294 1331 335 animis
1348 292 1558 349 judicum,
1589 293 1667 334 sed

46 348 104 391 20
116 351 246 394 etiam
264 351 308 392 in
329 352 464 393 oculis
486 357 808 409 conspectuque
829 353 1033 404 omnium,
1054 351 1296 407 exponere?
1327 350 1543 392 sociorum
1555 350 1668 391 salu-

113 415 216 461 tem,
247 408 474 450 commoda
493 409 819 465 provinciarum,
839 409 925 450 vim
946 410 1105 464 legum,
1126 408 1376 465 gravitatem
1390 406 1666 464 judiciorum,

114 465 372 507 defendere?
431 465 660 521 Cognosce
681 480 734 506 ex
753 481 836 514 me,
858 465 1061 521 quoniam
1080 465 1166 505 hoo
1186 464 1368 520 primum
1387 472 1557 520 tempus
1579 462 1667 504 dis-

114 522 240 564 cendi
259 528 410 563 nactus
432 537 492 571 es,
524 520 652 578 quam
681 523 815 563 multa
836 536 930 562 esse
952 527 1148 577 oporteat
1166 520 1211 560 in
1231 535 1281 562 eo
1303 521 1377 577 qui
1398 522 1575 562 alterum
1596 534 1668 560 ac-

114 585 261 620 cuset:
294 594 347 620 ex
367 579 524 635 quibus
546 578 583 619 si
602 594 733 621 unum
751 578 928 635 aliquod
948 577 991 618 in
1011 584 1054 618 te
1075 577 1343 634 cognoveris,
1379 592 1460 634 ego
1475 578 1567 633 jam
1587 576 1667 618 tibi

44 630 204 692 25ipse
225 635 352 687 istuc,
383 636 499 692 quod
527 636 707 692 expetis,
743 636 841 677 mea
861 635 1079 677 voluntate
1099 634 1358 675 concedam:
1389 633 1571 690 primum
1603 632 1667 673 in-

111 691 358 748 tegritatem
378 699 507 749 atque
538 692 829 734 innocentiam
860 692 1145 748 singularem:
1174 690 1281 732 nihil
1318 696 1384 732 est
1419 690 1531 732 enim
1552 689 1667 747 quod

111 748 250 790 minus
270 749 491 791 ferendum
508 748 578 801 sit,
594 748 723 806 quam
740 749 949 803 rationem
965 749 1018 790 ab
1040 749 1175 790 altero
1193 747 1292 789 vitae
1308 761 1534 804 reposcere
1555 761 1667 798 eum,

112 805 186 862 qui
205 820 292 847 non
311 806 450 862 possit
469 821 556 848 suae
576 807 768 848 reddere.

168 861 296 903 VIII.
356 862 439 904 Hic
459 878 540 920 ego
568 864 621 905 de
642 870 684 904 te
704 865 827 920 plura
842 879 929 906 non
947 863 1113 906 dicam:
1145 878 1277 905 unum
1297 863 1404 904 illud
1424 862 1553 904 credo
1577 875 1667 902 om-

110 932 188 960 nes
205 918 554 972 animadvertere,
585 927 627 962 te
649 921 790 963 adhuc
809 922 863 963 ab
885 921 1026 973 nullis,
1046 921 1129 962 nisi
1149 920 1175 961 a
1197 921 1368 972 Siculis,
1388 919 1582 977 Potuisse
1596 933 1669 959 co-

111 975 264 1032 gnosci
283 992 292 1017 t
326 975 497 1018 Siculos
517 977 601 1019 hoc
621 978 777 1026 dicere,
799 978 896 1020 cum
915 978 1056 1020 eidem
1076 978 1162 1019 sint
1182 978 1294 1030 irati,
1316 978 1385 1019 cui
1407 984 1454 1018 tu
1474 983 1516 1017 te
1530 974 1669 1016 inimi-

111 1047 210 1074 cum
232 1046 326 1074 esse
348 1033 472 1085 dicis,
495 1048 588 1075 sese
615 1040 770 1084 tamen,
791 1041 833 1076 te
854 1041 1013 1084 actore,
1034 1035 1088 1076 ad
1102 1034 1315 1090 judicium
1336 1049 1423 1075 non
1445 1033 1668 1074 affuturos.

72 1083 254 1136 5Quare
275 1097 448 1146 negent,
480 1106 533 1131 ex
554 1106 620 1131 me
641 1106 729 1132 non
748 1092 895 1133 audies
915 1109 924 1133 :
955 1092 1036 1132 hos
1057 1098 1203 1147 patere
1224 1091 1270 1131 id
1292 1089 1517 1146 suspicari,
1550 1088 1668 1144 quod

109 1159 288 1187 necesse
309 1153 389 1187 est.
450 1146 518 1187 Illi
540 1147 714 1201 quidem
735 1151 801 1202 (ut
834 1154 902 1188 est
934 1148 1158 1188 hominum
1190 1162 1325 1203 genus
1346 1146 1474 1187 nimis
1495 1152 1669 1187 acutum

111 1208 155 1243 et
175 1201 480 1258 suspiciosum)
512 1217 599 1243 non
638 1210 680 1244 te
716 1218 769 1244 ex
806 1203 958 1245 Sicilia
979 1203 1123 1245 literas
1160 1203 1205 1244 in
1225 1203 1402 1246 Verrem
1439 1203 1667 1258 deportare

108 1258 219 1299 velle
240 1258 510 1310 arbitrantur,
545 1260 637 1311 sed,
669 1259 768 1302 cum
805 1260 959 1302 iisdem
985 1260 1117 1302 literis
1148 1259 1262 1301 illius
1299 1267 1483 1316 praetura
1522 1265 1566 1299 et
1596 1265 1670 1300 tua

111 1321 327 1371 quaestura
346 1315 603 1372 consignata
633 1315 703 1368 sit,
735 1324 953 1373 asportare
973 1323 1017 1358 te
1036 1317 1143 1358 velle
1165 1332 1217 1358 ex
1241 1316 1392 1359 Sicilia
1411 1316 1555 1357 literas
1575 1330 1671 1356 sus-

46 1361 100 1406 10
111 1372 322 1427 picantur.
383 1372 554 1414 Deinde
586 1380 882 1415 accusatorem
898 1381 914 1397 ³
929 1375 1098 1415 firmum
1116 1388 1348 1430 verumque
1370 1388 1464 1415 esse
1487 1378 1669 1427 oportet.

110 1427 225 1478 Eum
245 1443 326 1485 ego
349 1429 384 1471 si
405 1436 448 1472 te
468 1437 617 1486 putem
638 1445 793 1486 cupere
816 1446 925 1483 esse,
946 1429 1074 1473 facile
1089 1430 1286 1487 intelligo
1303 1445 1397 1472 esse
1418 1445 1506 1471 non
1525 1443 1669 1484 posse.

111 1484 206 1527 Nec
237 1500 289 1527 ea
319 1486 433 1538 dico,
464 1502 559 1542 quae
591 1487 628 1528 si
663 1487 817 1537 dicam,
847 1494 991 1529 tamen
1028 1487 1272 1528 binfirmare
1304 1502 1392 1528 non
1423 1487 1580 1542 possis,
1611 1491 1670 1537 te,

110 1541 343 1598 antequam
365 1544 419 1584 de
449 1543 602 1584 Sicilia
621 1543 873 1593 decesseris,
904 1544 948 1585 in
969 1543 1151 1600 gratiam
1189 1542 1350 1585 redisse
1391 1557 1490 1585 cum
1509 1542 1669 1583 Verre:

111 1597 412 1652 Potamonem,
458 1599 645 1641 scribam
691 1607 734 1641 et
779 1600 1033 1642 familiarem
1068 1607 1202 1651 tuum,
1247 1606 1461 1641 retentum
1509 1613 1603 1640 esse
1644 1597 1671 1639 ὲ

45 1646 99 1688 15
111 1654 244 1697 Verre
281 1655 326 1696 in
365 1656 600 1712 provincia,
631 1656 728 1698 cum
762 1663 810 1698 tu
847 1658 1102 1699 decederes:
1147 1656 1212 1697 M.
1235 1657 1459 1698 Caecilium
1497 1656 1670 1696 fratrem

110 1718 248 1763 tuum,
267 1712 553 1754 lectissimum
574 1719 702 1769 atque
725 1714 1045 1756 ornatissimum
1065 1713 1402 1766 adolescentem,
1433 1727 1521 1754 non
1539 1710 1670 1753 modo

109 1783 198 1810 non
218 1769 386 1821 adesse,
416 1784 555 1826 neque
591 1776 736 1811 tecum
764 1778 859 1813 tuas
892 1771 1066 1827 injurias
1092 1771 1306 1826 persequi,
1339 1771 1416 1812 sed
1437 1784 1532 1811 esse
1572 1782 1670 1810 cum

109 1824 269 1878 Verre3
300 1840 399 1867 cum
418 1825 494 1868 illo
515 1826 847 1870 familiarissime
888 1836 1018 1885 atque
1038 1826 1301 1870 amicissime
1341 1827 1498 1870 vivere.
1559 1824 1671 1867 Sunt

278 1946 296 1964 ⁸
313 1946 578 1983 constantem
591 1947 631 1984 et
651 1942 842 1984 liberum.
1186 1941 1385 1996 bnegare.

153 2066 205 2095 19.
231 2062 332 2096 Totam.
357 2066 522 2107 explicare]
589 2066 646 2098 Est
681 2067 868 2099 accusatoris
911 2077 1005 2104 mam,
1034 2078 1104 2108 quae
1134 2068 1175 2098 ad
1206 2066 1436 2099 accusationem
1465 2066 1674 2107 pertinebant.

108 2112 208 2138 totum
221 2107 314 2144 illius,
329 2119 422 2150 quem
437 2114 572 2146 accusat,
585 2110 680 2140 vitam
693 2111 847 2152 explicare
862 2122 869 2140 :
913 2110 993 2141 Cum
1009 2116 1113 2140 autem
1135 2110 1283 2141 furtorum
1305 2111 1411 2141 Verris
1432 2109 1576 2141 Caecilius
1600 2120 1675 2141 con-

109 2155 143 2180 at
164 2149 269 2182 Verris
292 2151 430 2189 crimina,
446 2163 576 2194 quorum
603 2152 747 2184 Caecilius
769 2154 870 2185 socius
913 2154 992 2184 scius
1008 2153 1047 2184 sit
1059 2159 1091 2184 et
1105 2153 1274 2194 particeps,
1288 2163 1354 2184 non
1369 2154 1548 2195 deportabit
1562 2153 1579 2184 ὲ
1596 2153 1674 2184 Sici·

110 2197 170 2229 est,
184 2204 246 2224 non
262 2194 393 2235 aperiet.
913 2196 955 2227 lia
969 2197 1155 2232 testimonia,
1171 2207 1241 2237 quae
1257 2196 1346 2228 Verri
1361 2207 1474 2227 nocere
1489 2202 1628 2237 possunt.

153 2238 206 2267 24.
230 2235 294 2276 Ipse
313 2237 416 2279 istum]
461 2238 540 2269 Istuc
557 2249 613 2279 pro
639 2241 717 2270 istud
732 2239 867 2281 ponitur,
958 2243 1009 2271 11.
1033 2239 1111 2270 Eum
1138 2240 1214 2281 ega]
1271 2238 1388 2270 Probat
1417 2240 1485 2271 Cic.
1513 2239 1672 2270 Caecilium

110 2288 184 2309 nam
199 2280 281 2321 saepe
297 2280 434 2311 Romani
449 2280 479 2310 D
494 2282 524 2311 in
540 2281 566 2312 C
581 2283 753 2314 mutabant.
912 2282 1011 2313 furem
1023 2288 1054 2313 et
1065 2283 1327 2323 praevaricatorem
1340 2293 1407 2313 esse
1417 2283 1435 2312 ὲ
1447 2282 1550 2312 multis
1560 2282 1673 2322 signisz

155 2324 187 2352 2.
209 2323 236 2352 A
259 2323 390 2365 Siculis]
436 2323 526 2354 Nulli
547 2324 660 2355 certius
684 2325 792 2356 Siculis
814 2324 870 2356 no·
916 2329 946 2357 1.
963 2325 1075 2355 Rediit
1089 2326 1121 2355 in
1136 2325 1265 2366 gratiam
1289 2336 1361 2355 curn
1376 2325 1488 2361 Verre,
1503 2325 1672 2366 antequam

111 2369 184 2395 runt
199 2364 373 2401 Caecilium,
395 2366 469 2407 quia
492 2366 612 2398 Siculus
637 2372 696 2407 est,
716 2375 747 2399 et
764 2368 870 2399 Verris
915 2368 1092 2399 discederet
1105 2379 1142 2399 ex
1159 2367 1276 2399 Sicilia.

111 2412 245 2448 quaestor
259 2408 290 2438 in
307 2409 423 2440 Sicilia.
958 2414 1010 2443 14.
1032 2411 1217 2442 Potamonem
1229 2411 1376 2452 scribam]
1410 2411 1589 2442 Secundum
1613 2410 1674 2451 sig-

154 2453 185 2481 6.
209 2451 362 2492 Acutum]
404 2451 506 2483 Acuto
530 2452 655 2493 ingenio
679 2453 799 2484 Siculos
819 2464 871 2484 ex·
913 2464 999 2489 num,
1015 2455 1089 2494 quia
1101 2454 1190 2495 quasi
1205 2455 1375 2485 communis
1396 2454 1512 2485 amicus
1528 2455 1674 2485 remansit

111 2492 225 2524 stitisse
252 2493 362 2525 Cicero
388 2494 433 2525 ait
455 2495 487 2525 in
516 2495 634 2526 Bruto:
656 2496 752 2537 idque
775 2497 871 2538 ipsius
914 2497 945 2527 in
967 2496 1083 2534 Sicilia,
1106 2497 1160 2528 ubi
1182 2507 1245 2527 non
1277 2497 1486 2534 remansisset,
1515 2497 1541 2526 si
1567 2496 1673 2528 reverti

110 2535 288 2567 Aristotelis
300 2538 486 2570 testimonio.
914 2540 1110 2580 cognovisset
1132 2541 1326 2571 intercedere
1353 2539 1513 2571 Caecilium
1535 2539 1615 2570 inter
1641 2545 1673 2570 et

154 2581 187 2610 ⁷.
210 2578 326 2610 Liceras
339 2582 374 2611 in
390 2580 530 2623 vaem]
576 2581 636 2612 Per
657 2581 760 2613 literas
781 2582 872 2612 intel·
915 2583 1044 2613 Verrem
1056 2584 1237 2614 simultates.
1275 2583 1370 2619 Nam,
1386 2584 1560 2614 decedente
1572 2593 1674 2623 quaes·

110 2621 178 2662 ligit
205 2622 380 2654 testimonia
401 2634 471 2665 quae
491 2625 523 2655 in
545 2624 673 2655 Verrem
696 2625 872 2666 conscripta
916 2631 993 2662 tore,
1006 2626 1189 2657 discedebat
1204 2626 1298 2656 etiam
1313 2625 1382 2666 ejus
1397 2627 1507 2657 scriba.

111 2671 193 2696 sunt.
377 2698 379 2701 ξ
959 2672 1012 2701 15.
1036 2669 1171 2700 Fratrem
1199 2669 1312 2710 tuum]
1370 2669 1507 2699 Tertium
1538 2668 1671 2709 signum,

155 2708 186 2739 9.
209 2708 387 2750 Aspar-tare]
433 2709 514 2741 cum
537 2710 606 2751 quis
628 2717 788 2741 aecusator
803 2717 870 2742 erat
910 2713 994 2753 quod
1022 2713 1128 2750 frater,
1156 2712 1338 2743 lectissimus
1368 2718 1494 2753 propter
1513 2711 1669 2752 judicium

110 2750 307 2789 constitutus,
321 2753 392 2784 huic
416 2752 435 2782 ὲ
458 2757 588 2794 praetore
611 2759 750 2795 potestas
771 2755 869 2785 daba-
908 2756 1081 2794 hominum,
1108 2761 1142 2787 et
1170 2756 1381 2786 ornatissimus
1410 2759 1536 2796 propter
1564 2754 1666 2796 digni-

111 2798 160 2825 tur
182 2794 285 2827 omnia
309 2795 506 2838 obsignandi,
535 2801 567 2828 et
588 2797 777 2839 deportandi
799 2797 867 2830 Ro-
909 2803 1006 2831 tatem
1022 2799 1067 2832 rei
1090 2798 1260 2839 familiaris,
1278 2803 1438 2832 remaneat
1462 2808 1534 2830 cum
1558 2797 1666 2830 Verre.
