1790 3090
68 158 155 202 370

776 157 867 191 PRO
893 157 1099 192 LIGARIO.

149 235 318 292 legatus
350 235 393 276 in
424 233 617 276 Africam
645 248 745 277 cum
771 236 1029 292 proconsule
1052 234 1102 277 C.
1125 233 1336 279 Considio
1367 236 1588 293 profectus
1617 225 1711 292 est}

149 292 237 348 qua
258 292 302 333 in
322 292 539 347 legatione
562 299 605 333 et
626 291 789 333 civibus
810 299 853 334 et
883 293 1014 334 sociis
1046 291 1107 333 ita
1127 308 1173 334 se
1195 293 1407 350 probavit,
1427 300 1476 335 ut
1496 294 1712 338 decedens

150 349 384 391 Considius
406 348 626 404 provincia
650 348 896 391 satisfacere
919 349 1166 391 hominibus
1198 365 1284 392 non
1314 357 1477 407 posset,
1501 350 1537 392 si
1567 366 1716 408 quem-

101 396 128 436 5
149 421 278 462 quam
309 405 440 446 alium
472 405 706 461 provinciae
743 406 1021 461 praefecisset.

1103 407 1255 463 Itaque
1290 408 1344 456 Q.
1377 407 1586 464 LigariuS‚
1617 407 1714 451 cum

147 463 222 504 diu
252 476 455 503 recusans
487 462 594 502 nihil
634 462 904 519 profecisset,
936 462 1201 519 provinciam
1231 464 1401 521 accepit
1430 465 1613 517 invitus;
1643 465 1714 507 cui

147 519 212 560 sic
243 518 413 575 praefuit
442 519 485 558 in
516 533 638 574 pace,
661 526 708 560 ut
729 526 773 560 et
793 519 960 561 civibus
992 527 1035 561 et
1066 519 1196 561 sociis
1225 521 1468 577 gratissima
1488 529 1603 563 esset
1619 522 1713 585 ejus

143 575 393 631 aintegritas
416 583 459 617 et
479 575 602 617 fides.

665 575 834 618 Bellum
866 575 1008 618 subito
1040 577 1225 628 exarsit3
1257 578 1389 633 quod,
1411 578 1486 634 qui
1517 585 1637 620 erant
1667 593 1714 621 ln

146 632 314 684 Africa,
356 631 454 672 ante
492 632 719 675 audierunt
754 633 860 689 geri,
903 648 1029 690 quam
1074 634 1236 690 parari3
1287 648 1372 690 quo
1413 635 1578 686 audito,
1620 650 1714 692 par-

75 677 127 720 10
146 689 222 730 tim
252 688 488 745 cupiditate
520 689 856 741 inconsiderata,
878 690 1032 747 partim
1064 705 1178 732 caeco
1210 692 1398 747 quodam
1429 691 1595 743 timore,
1627 692 1716 748 pri-

143 746 213 787 mo
247 745 412 796 salutis,
449 747 547 801 pest
584 747 712 788 etiam
750 748 882 788 studii
913 747 993 798 sui,
1027 748 1278 804 quaerebant
1308 748 1495 804 aliquem
1531 749 1712 801 ducern3

143 803 242 844 eum
277 802 487 857 Ligarius,
517 803 716 845 bdomum
762 811 979 860 speetanS,
1013 813 1056 845 et
1106 805 1160 845 ad
1211 819 1313 846 suos
1352 806 1489 846 redire
1518 805 1712 861 cupiens,

141 860 260 900 nullo
283 874 327 900 se
350 859 559 915 implicari
582 861 757 915 negotio
792 876 944 916 passus
967 868 1044 902 est.

141 916 216 972 qui
245 923 399 971 praetor
427 915 621 957 Africam
652 917 909 966 obtinuerat,
931 917 1104 959 Uticam
1136 919 1266 960 venit.

1108 861 1285 902 Interim
1317 861 1368 903 P.
1388 862 1535 904 Attius
1555 862 1711 915 Varus,

1326 919 1398 960 Ad
1434 934 1532 961 eum
1563 919 1711 962 statim

72 963 122 1006 15
141 987 398 1014 concursum
437 978 526 1022 est3
579 980 709 1030 atque
754 974 827 1015 ille
871 989 957 1015 non
1003 974 1213 1016 mediocri
1257 975 1494 1031 cupiditate
1534 976 1712 1033 arripuit:

140 1029 379 1085 imperium,
411 1028 447 1069 si
487 1028 595 1070 illud
634 1031 860 1092 imperium
902 1045 996 1074 esse
1036 1031 1189 1086 potuit,
1229 1032 1346 1087 quod
1386 1033 1442 1073 ad
1480 1032 1708 1087 privatum,

140 1087 327 1130 clamore
373 1084 663 1129 multitudinis
703 1088 926 1144 irrrper'itee,
966 1087 1085 1129 nullo
1132 1087 1307 1144 publico
1353 1088 1552 1142 consilio,
1591 1089 1735 1133 dese-1²

369 1266 384 1283 ³
400 1260 678 1301 abstinentia.

180 1445 210 1474 Q.
232 1442 388 1485 Legatus.]
434 1442 587 1483 Legatus,
605 1441 658 1484 qui
673 1442 755 1473 vices
779 1447 900 1483 gereret

134 1487 331 1527 proconsulis
354 1487 403 1517 vel
434 1488 583 1527 praetoris,
613 1497 683 1517 curu
713 1487 899 1527 proconsule

135 1530 186 1559 vel
203 1536 333 1570 praetore
348 1529 528 1559 mittebatur
544 1530 575 1559 in
592 1529 796 1571 provinciam.

179 1572 228 1602 ΙΙ).
251 1572 289 1602 In
305 1572 466 1614 Africum]
515 1572 594 1603 Cum
612 1573 768 1613 Carthago
792 1572 810 1602 εἶ
834 1572 902 1603 Sci-

135 1615 230 1656 pione
246 1615 396 1646 Africano
414 1615 586 1646 AEmiliano
610 1615 716 1646 deleta
741 1621 834 1650 esset,
847 1626 901 1646 an-

134 1669 176 1688 no
191 1658 284 1689 Urbis
299 1659 435 1689 conditae
461 1660 535 1689 617.
560 1669 630 1699 pars
653 1658 709 1688 illa
731 1658 848 1689 Africae
870 1659 901 1689 in

137 1701 326 1741 provinciam
344 1703 471 1732 redacta
486 1702 554 1737 fuit,
570 1708 605 1731 ut
622 1701 760 1733 Velleius
773 1707 897 1739 narrat3

135 1744 228 1785 eique
245 1745 284 1774 de
300 1755 384 1774 more
399 1745 545 1774 tributum
562 1745 579 1774 zi
596 1744 758 1780 Romanis,
775 1750 807 1775 et
831 1744 898 1774 Ro-

135 1797 234 1817 manae
252 1787 338 1828 leges
355 1788 511 1828 impositae
529 1794 621 1825 sunt;
647 1793 679 1818 et
697 1788 805 1818 missus
819 1798 898 1828 prae-

134 1835 193 1866 tor,
210 1837 263 1861 aut
278 1831 452 1873 proconsul,
469 1831 521 1871 qui
539 1842 606 1861 eain
624 1836 754 1870 regeret.

180 1873 230 1905 ΙΙ).
255 1873 431 1904 Proconsule
459 1874 618 1914 Considio]
679 1873 753 1904 Non
785 1873 896 1913 legitur

136 1915 302 1947 Considius
325 1917 431 1947 co'nsul
454 1917 567 1947 fuisse:
592 1918 697 1957 itaque
722 1917 898 1956 intelligen-

135 1960 210 1989 dum
235 1966 282 1990 est
304 1959 366 1995 hic,
391 1971 453 1990 non
480 1959 563 2001 quod
589 1960 697 1990 consul
720 1959 823 1994 suerit,
840 1960 896 1989 sed

136 2002 219 2042 quod
237 2014 307 2033 cum
324 2003 452 2042 imperio
470 2002 622 2033 consulari
645 2004 754 2032 missus
771 2001 861 2032 suerit
877 2002 895 2031 a

136 2052 245 2075 senatu
261 2046 290 2075 in
308 2045 459 2076 Africam.
505 2046 714 2076 mittebantur
738 2044 894 2075 enimvero

133 2099 198 2118 non
227 2087 347 2118 tanturn
373 2089 548 2119 consulares
575 2094 629 2118 aut
658 2088 813 2123 consules,
838 2088 894 2118 sed

135 2137 169 2161 et
193 2138 338 2172 praetores
362 2138 393 2161 et
416 2132 563 2172 praetorii,
580 2143 650 2162 cuin
673 2131 803 2171 imperio
820 2141 895 2161 con-

134 2174 226 2204 sulari
244 2174 275 2204 in
291 2175 474 2216 provincias.
519 2175 569 2206 Sic
585 2175 708 2210 Cicero,
726 2174 778 2203 lib.
805 2178 835 2205 1.
853 2174 893 2204 de

135 2217 283 2257 Legibus,
308 2219 348 2249 de
372 2218 410 2248 L.
437 2217 541 2249 Gellio
569 2219 623 2253 ait,
647 2218 708 2248 Pro
729 2218 843 2248 consule
864 2227 895 2247 ex
913 2254 922 2264 .

133 2261 267 2299 praeturd
281 2262 313 2290 in
330 2261 471 2291 Groeciam
488 2263 601 2293 venisse.

177 2306 208 2334 3.
235 2304 379 2345 Civibus]
411 2304 562 2344 Intelligit
578 2304 626 2335 hic
640 2303 764 2334 nomine
779 2303 892 2334 civium

133 2345 202 2376 illos
219 2346 377 2377 Romanos
393 2348 446 2388 qui
464 2348 495 2377 in
511 2347 619 2378 Africa
642 2346 891 2387 negotiabantur.

176 2389 227 2419 Ib.
250 2389 363 2431 Sociis.]
410 2391 494 2420 Socii
519 2391 712 2425 dicebantur,
734 2390 786 2430 qui
808 2400 892 2420 coin-

132 2433 218 2462 muni
234 2432 351 2462 foedere
368 2444 437 2464 cuni
454 2433 837 2473 Roruauisjungebantur.

176 2479 208 2506 5.
234 2476 332 2505 Alium
348 2478 500 2515 provincia:
519 2475 717 2518 pref-fecissen]
764 2476 796 2505 Si
821 2486 891 2515 pro·

133 2518 275 2550 consules
292 2519 340 2549 vel
358 2525 503 2559 praetores
520 2519 679 2560 provincia
702 2519 891 2548 decederent

134 2561 301 2602 antequam
326 2572 482 2592 successor
504 2562 693 2596 advenisset,
717 2566 782 2590 tuni
807 2560 891 2601 lega-

133 2610 197 2635 turn
213 2604 262 2635 vel
278 2611 463 2645 quaestorem
480 2605 645 2645 provinciae
669 2603 892 2645 pra’ficicbant‚

133 2649 187 2678 sed
201 2647 305 2689 potius
322 2654 515 2690 quaestorem,
528 2648 600 2690 quia
613 2648 678 2680 liaec
691 2647 744 2678 illi).
756 2647 890 2688 dignitas

909 1259 1114 1314 bechz'ens
1133 1261 1303 1303 domum
1324 1260 1477 1303 redire.

943 1443 1084 1483 superior
1101 1448 1176 1474 erat.

987 1489 1018 1517 8.
1043 1486 1156 1516 Bellum
1186 1485 1279 1517 subito
1308 1486 1443 1527 exarsit]
1503 1485 1612 1518 Utitur
1647 1485 1708 1519 liae

942 1540 1030 1566 voce,
1046 1532 1164 1563 exarsit,
1179 1529 1303 1570 sumpta
1327 1528 1508 1570 metaphora
1530 1531 1548 1561 εἰ
1571 1529 1707 1567 flamma,

946 1583 1009 1613 quo
1023 1573 1130 1603 melius
1141 1573 1222 1603 illius
1237 1573 1308 1603 belli
1322 1573 1420 1603 civilis
1438 1573 1589 1614 pernicies
1603 1579 1708 1603 osteu-

947 1618 1049 1651 datur,
1073 1617 1157 1656 quod
1181 1616 1335 1647 Caesarern
1361 1617 1439 1645 inter
1465 1622 1497 1646 et
1520 1616 1707 1657 Pompeium

947 1665 1087 1689 exortum
1104 1664 1160 1695 est,
1177 1666 1209 1689 et
1231 1660 1359 1700 quidem
1385 1664 1448 1688 tam
1471 1658 1586 1698 subito,
1602 1665 1649 1696 ut,
1665 1669 1706 1689 ne

943 1703 1132 1743 exspectatis
1146 1702 1274 1743 quidem
1289 1701 1506 1741 Transalpinis
1520 1701 1707 1742 legionibus,

941 1755 1011 1775 cuin
1028 1745 1166 1786 quinque
1189 1745 1330 1787 pediturn
1350 1744 1484 1775 millibus
1507 1742 1705 1776 Rubiconem

943 1788 1110 1829 trajecerit.

986 1834 1037 1862 11.
1059 1831 1158 1862 Stadii
1171 1832 1244 1872 διαὶ]
1292 1830 1372 1862 Cum
1385 1830 1487 1860 studio
1503 1830 1641 1872 quodam
1656 1829 1706 1861 in-

940 1874 1068 1905 clinaret
1092 1874 1232 1914 Ligarius
1257 1874 1288 1904 in
1315 1874 1516 1914 Pompeium,
1537 1874 1620 1904 hunc
1642 1874 1702 1904 du-

941 1928 1008 1948 cem
1031 1919 1211 1958 ·0ptabant;
1237 1917 1323 1957 quia,
1352 1916 1434 1947 victo
1463 1916 1522 1947 Cn.
1548 1916 1702 1954 Domitio,

940 1961 1099 2001 quondam
1118 1960 1231 1990 Africae
1249 1971 1295 1990 res
1311 1964 1539 1999 composuerat.

986 2005 1037 2033 15.
1060 2004 1162 2033 Attius
1195 2002 1315 2043 Varus]
1361 2001 1466 2031 Attius
1496 2002 1606 2038 varus,
1635 2006 1701 2032 tum

940 2045 1088 2085 privatus,
1114 2046 1232 2076 amissis
1259 2046 1321 2075 suis
1345 2045 1386 2075 ad
1409 2044 1578 2075 Auximum
1593 2045 1703 2076 cohor-

940 2088 1033 2125 tibus,
1047 2100 1085 2119 ex
1099 2089 1175 2130 suga
1191 2089 1222 2119 in
1237 2087 1379 2119 Africam
1395 2088 1490 2123 venit,
1508 2094 1540 2118 et
1556 2098 1624 2118 earn
1647 2099 1703 2119 oc·

939 2132 1085 2172 cupavit5
1108 2142 1202 2173 quam
1232 2131 1341 2173 paucis
1373 2130 1445 2162 ante
1475 2131 1563 2162 annis
1585 2137 1700 2173 praetor

939 2175 1127 2211 obtinuerat.

983 2221 1036 2248 14.
1057 2218 1200 2259 Uticam]
1226 2217 1321 2248 Utica
1337 2217 1408 2248 urbs
1419 2216 1698 2259 estAfricae‚quam

939 2260 1105 2292 Phoenices
1120 2260 1305 2296 condidere,
1321 2271 1390 2302 quae
1411 2271 1494 2292 nunc
1510 2259 1633 2292 Biserta
1649 2262 1698 2291 di-

938 2304 1038 2341 citur;
1074 2305 1091 2334 ὁ
1116 2306 1177 2345 quii
1203 2303 1283 2335 Cato
1308 2303 1464 2335 Uticensis
1499 2303 1602 2334 dictus
1634 2308 1693 2341 est,

937 2346 1020 2388 quod
1037 2347 1081 2377 ibi
1097 2347 1248 2378 violentas
1264 2347 1323 2377 sibi
1341 2357 1448 2377 manus
1463 2346 1577 2377 intulit.

981 2391 1033 2420 15.
1058 2391 1195 2430 Arripuit
1222 2390 1400 2431 imperium]
1459 2388 1538 2420 Ciun
1570 2387 1694 2420 Uticam

935 2434 1074 2463 venisset
1090 2434 1190 2464 Varus
1212 2433 1275 2469 ille,
1299 2433 1343 2463 ibi
1365 2432 1491 2472 collegit
1513 2432 1693 2472 exercitum,

936 2477 1068 2517 subique
1093 2476 1253 2518 imperium
1276 2474 1438 2510 exercitiis,
1453 2480 1484 2505 et
1506 2480 1693 2515 potestatem

936 2519 1171 2550 administrandi
1187 2519 1336 2555 Africam,
1352 2517 1529 2548 vindicavit.

981 2564 1032 2592 16.
1057 2562 1087 2591 Si
1102 2562 1178 2592 illud
1195 2561 1371 2602 imperium]
1419 2560 1547 2592 Dictum
1561 2561 1697 2601 corrigit,

936 2604 1007 2644 quia
1038 2604 1203 2644 imperium
1230 2605 1426 2644 magistratus
1461 2603 1532 2644 lege
1560 2603 1692 2641 curiata,

935 2646 1048 2688 privati
1064 2647 1358 2685 senatus-consulto,
1374 2645 1581 2688 accipiebant.
