1790 3090
99 175 156 216 56

99 251 157 293 40
175 250 455 316 omnibusque
472 249 694 292 navalibus
701 264 863 313 pugms
885 250 1278 314 Carthaginienses,
1299 250 1518 293 homines
1507 266 1552 292 m
1567 250 1728 293 mariti-

710 172 801 207 PRO
825 172 943 206 LEGE
965 173 1180 209 MANILIA.

172 309 254 352 mis
283 308 408 350 rebus
429 306 808 349 exercitatissimos
828 307 1222 364 paratissimosque,
1251 308 1456 360 vicerunt,
1487 308 1516 349 ii
1535 308 1652 349 nullo
1684 307 1729 348 in

172 367 271 409 1000
287 366 379 421 jam
399 363 666 433 praedonibus
687 379 810 420 pares
831 379 925 406 esse
946 372 1201 420 poteramus.

1261 365 1352 406 Nos
1371 379 1554 428 quoque,
1567 364 1641 427 qui
1655 379 1729 406 an-

174 422 245 465 tea
267 436 352 463 non
369 419 500 484 modo
522 420 689 462 Italiam
710 428 845 462 tutam
865 422 1144 472 habebamus,
1176 423 1252 463 sed
1271 437 1418 464 omnes
1439 436 1581 464 soclos
1601 436 1647 462 1n
1667 421 1729 462 ul·-

174 479 290 522 timis
319 477 403 519 oris
434 477 688 518 auctoritate
720 477 852 517 nostri
882 478 1046 533 imperii
1077 479 1217 519 salvos
1251 486 1450 541 praestare
1471 486 1729 541 poteramus,

101 537 158 579 45
176 543 282 587 tum,
314 549 412 575 cum
442 533 579 575 insula
613 534 747 575 Delos
769 540 856 574 tam
876 534 1028 589 procul
1062 550 1088 574 a
1119 534 1242 575 nobis
1264 550 1308 576 111
1328 535 1479 591 AEgaeo
1497 541 1732 591 11111116Ρο-

177 592 274 644 sita,
304 590 390 647 quo
411 605 560 632 omnes
580 590 769 653 undique
800 605 899 632 cum
928 589 1139 653 mercibus
1158 597 1286 646 atque
1318 592 1514 634 oneribus
1546 604 1734 633 comme-

177 650 320 700 abant,
351 647 505 688 referta
545 646 720 710 divitiis,
751 662 893 703 parva,
926 646 1018 687 sine
1052 661 1186 700 muro,
1217 647 1335 700 nihil,
1364 648 1570 700 timebat;
1600 647 1732 689 iidem

177 721 265 747 nou
294 703 423 746 modo
452 703 700 767 piovinciis,
732 711 860 771 atque
893 703 975 744 oris
1008 703 1143 745 Italiae
1174 704 1411 756 maritimis,
1447 720 1498 746 ac
1526 705 1733 761 portubus

176 761 351 813 nostris,
384 762 461 803 sed
493 761 621 803 etiam
637 760 810 817 Appia
796 775 887 817 jam
907 760 989 812 via,
1011 761 1284 803 carebamus:
1317 768 1361 802 et
1379 760 1445 802 his
1467 761 1730 817 temporibus

105 822 161 863 50
177 834 265 862 non
294 818 486 875 pudebat
506 818 789 889 magistratus
810 818 955 881 populi
991 816 1175 859 Romani
1208 818 1251 859 in
1283 818 1429 859 hunc
1419 832 1562 881 lpsum
1590 818 1733 859 locum

177 875 456 927 adscendere,
473 890 571 916 cum
593 890 690 916 eum
711 874 832 915 vobis
846 889 1027 930 majores
1040 875 1169 916 vestri
1184 874 1349 916 exuviis
1364 874 1550 916 nauticis
1567 880 1611 917 et
1626 875 1736 915 clas-

178 932 290 973 Slum
317 932 465 988 SPOlllS
497 938 693 974 ornatunl
722 931 1008 987 reliquissent·

1069 931 1191 973 Bono
1213 939 1255 973 te
1272 931 1412 973 animo
1430 938 1535 983 tum,
1552 932 1605 980 Q.
1625 930 1735 972 Hor-

176 988 304 1040 tensi,
325 989 508 1051 populus
529 988 765 1040 Romanus,
785 997 829 1029 et
845 995 1021 1029 caeteros
1038 988 1110 1044 qui
1129 995 1248 1030 erant
1262 988 1305 1029 in
1326 989 1481 1030 eadem
1501 986 1734 1038 sententia,

178 1045 321 1087 dicere
339 1045 601 1087 existimavit
621 1059 671 1086 ea
698 1060 792 1100 quae
813 1045 1091 1086 sentiebatis.
1123 1046 1200 1087 sed
1221 1052 1379 1097 tamen,
1400 1045 1442 1086 in
1461 1046 1599 1087 salute
1618 1058 1734 1085 com-

176 1159 256 1201 tati
275 1165 443 1210 vestrae,
476 1159 785 1228 obtemperare.

104 1107 160 1148 55
178 1103 309 1154 muni,
338 1102 453 1143 idem
472 1103 652 1158 populus
674 1101 895 1143 Romanus
916 1101 1051 1143 dolori
1083 1115 1160 1142 suo
1195 1102 1355 1152 maluit,
1388 1116 1527 1164 quam
1554 1099 1736 1142 auctori-

816 1157 997 1226 Itaque
1020 1173 1104 1198 una
1122 1158 1206 1208 lex,
1228 1173 1336 1198 unus
1358 1157 1434 1209 vir,
1455 1172 1566 1199 unus
1583 1171 1734 1209 annus,

175 1230 264 1257 non
292 1214 422 1257 modo
453 1229 532 1256 nos
563 1214 637 1255 illa
667 1213 840 1255 miseria
868 1229 920 1255 ac
956 1214 1220 1270 turpitudine
1251 1214 1476 1265 liberavit3
1507 1214 1583 1256 sed
1605 1213 1735 1255 etiam

177 1272 322 1314 effecit
342 1279 389 1313 ut
405 1271 636 1335 aliquando
657 1270 755 1313 vere
774 1270 1012 1312 videremur
1033 1271 1227 1312 omnibus
1248 1271 1448 1328 gentibus
1473 1286 1525 1312 ac
1552 1269 1737 1312 nationi-

176 1329 260 1371 bus
280 1329 393 1371 terra
411 1343 601 1385 mamque
632 1316 1010 1385 impmareffissQuo
1041 1327 1146 1369 mihi
1168 1328 1297 1369 etiam
1329 1327 1547 1384 indignius
1567 1327 1736 1369 videtur

105 1390 160 1432 60
177 1385 495 1428 dobtrectatum
516 1400 610 1427 esse
627 1385 781 1436 adhuc,
806 1385 1041 1441 (Gabinio.
1028 1386 1046 1415 7
1077 1385 1234 1437 dicam,
1266 1400 1376 1426 anne
1399 1384 1507 1426 Pom
1541 1384 1637 1426 eio.
1624 1383 1641 1413 Ἴ
1681 1397 1736 1424 an

177 1443 376 1507 utrique?
406 1444 449 1484 id
481 1443 598 1506 quod.
620 1449 686 1484 est
711 1441 868 1494 velius)
888 1457 942 1483 ne
961 1443 1173 1505 legaretur
1192 1444 1245 1484 A.
1269 1441 1480 1483 Gabinius
1539 1456 1581 1483 n.
1604 1440 1735 1482 Pom-

175 1515 273 1556 pelo
296 1500 516 1556 expetenti
538 1514 589 1541 ac
606 1498 858 1561 postulanti.

916 1499 1068 1540 Utrum
1085 1498 1155 1539 ille
1177 1497 1251 1554 qui
1268 1498 1457 1553 postulat
1474 1498 1684 1567 legatum
1681 1495 1736 1537 ad

176 1563 346 1598 tantum
375 1557 550 1607 bellum,
581 1569 709 1611 quem
737 1555 854 1605 velit,
885 1554 1066 1596 idoneus
1096 1568 1183 1595 non
1214 1561 1280 1595 est
1308 1569 1380 1610 qui
1401 1554 1615 1619 impetret,
1637 1552 1736 1594 cum

177 1614 333 1664 caeteri,
372 1614 427 1654 ad
469 1611 718 1673 expilandos
756 1611 916 1674 socios,
959 1610 1305 1674 diripiendasque
1338 1612 1594 1674 provincias,
1627 1624 1736 1665 quos

103 1674 157 1716 65
175 1671 416 1721 voluerunt,
433 1670 605 1725 legatos
625 1668 882 1709 eduxerint?
902 1682 955 1709 an
969 1683 1075 1731 lpse,
1091 1682 1211 1723 cujus
1233 1669 1330 1730 lege
1348 1669 1461 1710 salus
1475 1682 1526 1709 ac
1547 1667 1735 1723 dignitas

174 1727 332 1783 populo
346 1726 542 1768 Romano
557 1732 686 1781 atque
701 1724 899 1767 omnibus
913 1724 1114 1781 gentibus
1132 1724 1368 1766 constituta
1384 1732 1450 1767 est
1452 1739 1625 1781 ‚expers
1639 1738 1734 1765 esse

573 1818 697 1857 ⁰sz‘tcc.

173 1927 203 1959 q
196 1916 259 1948 uod
281 1921 443 1959 superatus
465 1916 520 1948 sit:
546 1926 641 1969 quare
666 1920 720 1945 aut
746 1914 858 1946 erravit
880 1914 933 1946 Ci-

173 1971 257 1998 cero,
271 1966 324 1991 aut
335 1962 376 1991 de
390 1959 445 1991 illa
458 1958 587 1990 victoria
602 1957 770 1989 omiserunt
783 1958 932 1994 historici,

175 1984 259 2045 apud
272 2014 349 2045 quos
364 2003 449 2034 nulla
462 2002 544 2033 illius
558 2001 674 2033 mentio
690 2001 735 2031 fit.
782 1999 848 2040 [Sic
863 2001 932 2042 qui-

175 2047 249 2077 dem
266 2046 479 2077 Hottomannus
495 2050 527 2076 et
555 2045 609 2075 alii
629 2048 780 2081 censent3
803 2044 857 2074 sed
875 2044 929 2074 Cn.

176 2089 328 2120 Octavium
351 2091 386 2120 de
406 2099 472 2129 rege
495 2088 580 2118 Perse
601 2088 731 2118 navalem
753 2087 936 2126 triumphum

172 2134 270 2174 egisse,
293 2133 397 2163 scriblt
411 2131 530 2170 Livius
543 2131 596 2163 lib.
611 2133 664 2161 45.
680 2140 708 2160 c.
725 2129 796 2170 42]

217 2178 271 2208 40.
295 2176 433 2206 Omnibus
446 2155 598 2205 navalibus
614 2172 752 2214 pugnis]
796 2175 827 2202 1.
858 2171 935 2202 Sici-

172 2217 246 2249 liam
292 2217 598 2260 Carthaginiensibus
638 2215 775 2247 Romani
808 2215 935 2245 ademe-

173 2267 263 2292 runt:
289 2264 319 2292 9.
343 2261 536 2292 Sardiniam:
562 2262 592 2292 3.
610 2260 746 2291 secundo
771 2257 854 2288 bello
871 2257 935 2288 Pu-

173 2305 244 2335 nico
275 2304 332 2335 His
321 2304 470 2345 spaniam,
505 2310 599 2344 atque
638 2313 692 2343 per
728 2302 761 2331 id
799 2306 933 2341 tempus,

175 2348 250 2377 dum
272 2347 411 2377 Annibal
434 2345 570 2381 Italiam,
594 2345 632 2375 P.
663 2344 768 2385 Scipio
798 2343 932 2385 Lybiam

173 2390 394 2431 populabatur,
418 2388 497 2420 adeo
520 2394 555 2418 ut
580 2387 718 2418 Romani
742 2386 932 2426 stipendium

175 2432 482 2473 Carthaginiensibus
498 2431 694 2472 imperarint:
722 2430 848 2459 tandem
865 2435 936 2469 post

173 2485 270 2506 annos
287 2475 512 2516 quinquaginta
542 2478 730 2515 postremum
746 2472 862 2502 bellum
880 2483 934 2502 ex-

173 2524 274 2549 ortum
290 2523 348 2554 est,
362 2518 394 2548 in
404 2528 466 2559 quo
480 2517 586 2558 Scipio
599 2517 698 2546 minor
712 2515 931 2555 Carthaginem

173 2561 294 2592 evertit.

216 2604 271 2635 45.
315 2603 427 2643 Delos]
463 2603 561 2634 Delos
606 2602 759 2632 mercibus
802 2600 932 2632 celebris

172 2645 242 2683 fuit,
266 2650 298 2677 et
330 2646 494 2677 commoda
530 2646 562 2675 in
588 2644 695 2675 Asiam
724 2655 762 2674 ex
785 2643 878 2673 Italia
900 2648 932 2674 et

174 2689 298 2721 Graecia
311 2689 543 2730 navigantibus,
566 2693 600 2717 ut
615 2687 724 2718 Strabo
741 2686 855 2723 scribit,
876 2686 930 2720 lib,

173 2732 289 2774 Geogr.
307 2735 358 2763 10.

214 2777 267 2806 49.
313 2773 408 2814 Appia
432 2773 507 2815 vict]
553 2772 661 2815 Appia
686 2772 736 2803 via
766 2773 805 2803 ab
820 2772 928 2813 Appio

171 2816 305 2851 Claudio
320 2828 450 2851 censore
466 2817 550 2849 dicta
567 2821 624 2855 est,
647 2815 701 2858 qui
717 2816 826 2848 Caecus
850 2826 928 2848 nun-

1033 1815 1049 1838 6
1065 1821 1185 1857 contr
1189 1817 1394 1858 adietmn.

977 1919 1108 1955 cupatus
1131 1920 1189 1953 est,
1215 1914 1234 1944 a
1249 1914 1339 1955 porta
1354 1919 1458 1945 autem
1483 1913 1613 1955 Capena
1635 1922 1735 1954 usque

978 1959 1018 1987 ad
1042 1958 1147 1987 urbem
1164 1957 1317 1998 Capuam,
1330 1962 1365 1988 ut
1379 1957 1422 1988 ait
1433 1957 1597 1987 Frontinus
1611 1956 1643 1986 in
1659 1956 1737 1987 libro

976 2000 1016 2030 de
1032 1999 1134 2041 Aquae
1150 2000 1248 2032 Duct.
1269 2007 1333 2033 tum
1350 1999 1551 2031 Brundisium
1576 2010 1674 2040 usque
1690 1999 1736 2032 la·

976 2043 1100 2083 pidibus
1118 2048 1211 2074 strata
1225 2049 1282 2076 est.
1306 2043 1377 2074 Hac
1393 2047 1496 2073 autem
1511 2043 1644 2073 caruisse
1657 2053 1735 2085 pop.

979 2085 1074 2116 Rom.
1098 2086 1186 2122 dicit,
1224 2087 1298 2127 quia
1321 2097 1359 2117 ea
1380 2096 1462 2126 pars,
1486 2096 1556 2126 quae
1585 2086 1626 2116 ad
1648 2095 1733 2118 mare

978 2129 1138 2170 vergebat,
1162 2130 1358 2170 praedonibus
1372 2129 1584 2159 infestabatur

1020 2174 1074 2203 50.
1098 2171 1190 2203 Hunc
1210 2174 1304 2212 ipsum
1326 2171 1446 2212 locum]
1472 2171 1511 2202 Id
1529 2177 1586 2207 est,
1607 2170 1640 2202 in
1655 2170 1738 2203 Ros-

978 2219 1041 2252 tra;
1067 2215 1107 2245 de
1141 2216 1252 2256 quibus
1271 2219 1338 2258 jam
1374 2215 1407 2246 in
1442 2215 1580 2245 exordio.
1638 2214 1735 2245 Porro

978 2262 1113 2289 oratores
1127 2269 1165 2289 ex
1183 2258 1303 2290 Rostris
1317 2258 1378 2289 illis
1391 2257 1518 2288 navium
1533 2257 1680 2288 dicebant
1695 2258 1735 2288 ad

977 2301 1138 2342 populum.
1183 2302 1299 2339 Livius,
1314 2302 1368 2333 lib.
1384 2303 1415 2331 8.
1431 2301 1524 2331 docet
1539 2300 1595 2330 sub
1612 2299 1733 2331 Rostris

977 2350 1096 2384 partem
1107 2344 1283 2376 inferiorem
1298 2345 1403 2382 fuisse,
1416 2344 1500 2374 unde
1509 2342 1637 2385 privatis
1651 2342 1737 2384 loqui

975 2387 1021 2417 fas
1037 2392 1111 2418 erat.

1022 2431 1074 2461 61.
1100 2431 1154 2461 Ne
1176 2431 1324 2472 legaretur
1346 2428 1516 2468 Gabinius]
1561 2428 1736 2459 Postulavit

977 2472 1035 2502 sibi
1051 2473 1186 2513 legatum
1204 2473 1371 2504 Gabinium
1388 2471 1569 2513 Pompeius,
1592 2472 1647 2512 qui
1673 2472 1736 2512 ipsi

975 2515 1148 2556 denegatus
1163 2521 1228 2552 est;
1253 2516 1452 2547 mittebantur
1462 2518 1565 2545 autem
1582 2514 1676 2556 legati
1687 2514 1735 2545 vel

975 2557 1125 2594 asenatu,
1139 2559 1188 2589 vel
1204 2558 1222 2588 a
1235 2559 1369 2601 populo;
1394 2558 1468 2600 quia
1488 2557 1660 2598 sumptibus
1675 2568 1735 2599 pu-

976 2601 1064 2631 blicis
1077 2601 1286 2633 mittebantur.

1020 2646 1071 2675 64.
1094 2645 1142 2674 Aa
1161 2645 1324 2683 expilandos
1345 2643 1455 2683 socios]
1500 2642 1564 2673 Eos
1579 2642 1735 2685 designat,

976 2686 1030 2726 qui
1068 2687 1211 2717 diiidunt
1245 2687 1473 2728 magistratibus
1497 2685 1675 2727 pecuniam,
1697 2691 1732 2716 ut

974 2729 1080 2760 idonei
1103 2730 1162 2760 sibi
1184 2730 1279 2771 legati
1316 2729 1505 2770 seligantur3
1544 2728 1604 2759 nisi
1640 2729 1733 2760 etiam

975 2771 1137 2806 Lucullum
1152 2773 1282 2811 indicet,
1295 2783 1390 2815 quem
1405 2771 1456 2804 hic
1473 2771 1555 2814 saepe
1567 2772 1689 2814 pungit.
