1858 3095
695 176 745 208 IN
770 176 986 209 PlSONEM.

60 262 112 290 ex
133 249 220 305 qua
242 249 407 305 aliquot
426 249 624 305 proetorio
658 248 856 304 imperio,
887 248 1099 289 consulari
1129 249 1304 304 quidem
1328 260 1455 288 nemo
1483 247 1623 298 rediit,

61 320 134 360 qui
165 305 413 347 “incolumis
444 305 584 355 suerit,
617 306 690 360 qui
726 319 812 346 non
849 304 1132 361 triumplisirit.

1213 304 1292 346 Est
1322 304 1407 345 hoc
1441 317 1622 345 novum:

65 362 200 403 multo
224 362 326 403 illud
348 363 506 417 magis:
548 362 786 418 appellatus
822 369 888 403 est
922 362 992 402 bio
1023 362 1230 402 vulturius
1253 360 1367 402 illius
1400 360 1627 416 provincia}

65 418 118 468 (si
142 418 224 460 diis
247 419 406 474 placet)
435 419 681 473 imperator!

745 418 810 459 Ne
832 427 920 459 tum
942 419 1130 474 quidem,
1164 418 1294 459 Paule
1317 424 1474 463 noster,
1506 417 1631 457 tabu·
1649 422 1703 459 ‘25

64 474 128 516 las
149 473 330 516 Romam
354 489 453 516 Cum
474 475 617 516 laurea
640 475 807 516 mittere
828 475 1017 516 audebas
1036 476 1046 514 ἒ
1108 479 1134 498 “
1158 474 1306 524 Misi,'’
1340 473 1501 528 inquit:
1534 472 1631 528 quis

67 541 254 597 unquam
288 531 511 573 recitavit?
543 532 654 587 quis,
686 539 733 573 ut
760 531 1048 582 recitarentur,
1079 530 1342 586 postulavit?
1382 529 1487 569 nihil
1521 529 1634 569 enim

65 601 162 627 mea
190 588 280 642 jam
312 588 454 639 refert,
485 591 626 629 utrum
662 595 722 639 tu,
755 587 1020 629 conscientia
1047 601 1275 641 oppressus
1304 585 1510 626 scelerum
1540 591 1633 625 tuo-

67 657 174 693 rum,
204 643 309 684 nihil
332 659 519 700 unquam
541 659 670 686 ausus
690 645 748 685 sis
771 645 955 685 scribere
977 643 1029 684 ad
1053 657 1148 683 eum
1177 642 1382 692 ordinem,
1415 654 1542 696 quem
1564 641 1634 681 de-

67 713 285 754 spexeras,
316 715 444 756 quem
480 702 705 751 afflixeram,
738 714 866 755 quem
886 700 1130 748 deleveras3
1162 713 1215 738 an
1237 698 1362 739 amici
1383 697 1445 738 tui
1467 697 1634 737 tabulas
1654 701 1709 741 30

68 755 324 807 abdiderint,
362 757 577 812 iidemque
613 756 784 798 silentio
821 769 898 796 suo
939 754 1221 796 temeritatem
1253 761 1381 810 atque
1414 753 1637 794 audaciam

66 819 184 852 tuam
215 813 556 854 condemnarint.

635 813 780 868 Atque
810 812 925 852 haud
947 811 1037 852 scio
1060 825 1113 851 an
1136 810 1282 851 malim
1303 819 1344 851 te
1365 810 1498 851 videri
1520 809 1636 851 nullo

68 868 230 922 pudore
251 869 383 909 fuisse
405 869 448 909 in
477 868 610 910 literis
637 868 876 919 mittendis,
907 868 1069 908 amicos
1100 874 1197 907 tuos
1231 867 1325 923 plus
1359 866 1562 907 habuisse
1595 874 1639 907 et

69 923 245 978 pudoris
272 932 316 966 et
345 925 527 975 consilii,
559 924 691 981 quam
713 932 787 966 aut
816 931 858 966 te
881 924 1011 965 videri
1036 923 1332 980 pudentiorem
1352 923 1484 964 fuisse
1506 922 1638 978 quam

69 980 197 1031 soles,
219 987 293 1022 aut
312 988 430 1022 tuum
452 982 613 1023 factum
635 995 721 1022 non
743 996 837 1022 esse
856 981 1188 1022 condemnatum
1205 979 1373 1035 judicio
1391 979 1636 1022 amicorum.
1656 983 1710 1024 35

71 1035 198 1083 Quod
220 1037 255 1078 si
274 1052 359 1079 non
382 1039 467 1079 tuis
489 1038 662 1079 nefariis
683 1038 726 1078 in
750 1038 865 1079 hunc
881 1036 1073 1078 ordinem
1090 1036 1360 1077 contumeliis
1380 1036 1423 1077 in
1444 1042 1637 1092 perpetu-

71 1106 143 1133 um
173 1092 275 1135 btibi
304 1094 463 1136 curiam
493 1094 806 1150 praeclusisses3
837 1094 939 1150 quid
966 1093 1139 1135 tandem
1160 1100 1249 1134 erat
1275 1101 1418 1134 actum
1446 1099 1520 1133 aut
1545 1107 1639 1148 ges-

71 1155 162 1193 tum
190 1149 234 1190 in
264 1150 336 1191 illa
361 1151 597 1206 provincia,
630 1151 683 1191 de
711 1165 796 1206 quo
824 1151 876 1191 ad
901 1158 1096 1191 senatum
1127 1163 1224 1190 cum
1253 1148 1537 1203 gratulatione
1565 1148 1637 1189 ali-

73 1204 159 1260 quit
179 1207 306 1247 scribi
327 1207 402 1248 abs
428 1214 471 1248 te
500 1208 739 1263 oporteret?
769 1207 937 1248 vexatio
971 1205 1267 1246 Macedoniae?
1299 1221 1351 1246 an
1385 1205 1639 1261 oppidorum

72 1260 209 1316 turpis
229 1263 403 1304 amissio
423 1264 433 1302 ἶ
465 1278 519 1304 an
539 1263 755 1304 sociorum
783 1262 994 1319 direptio?
1031 1276 1083 1302 an
1110 1276 1306 1316 agrorum
1334 1261 1639 1317 depopulatio?
1658 1267 1714 1307 40

73 1330 127 1357 an
148 1318 329 1360 munitio
341 1319 684 1360 Thessalonicae?
716 1333 770 1359 an
791 1318 983 1360 obsessio
1005 1318 1199 1358 militaris
1220 1319 1297 1358 viae
1311 1318 1328 1358 ?
1360 1331 1413 1358 an
1431 1317 1642 1358 exercitus

72 1373 208 1414 nostri
229 1373 425 1416 interitus
446 1375 570 1426 ferro,
591 1375 717 1426 fame,
739 1375 909 1431 frigore,
930 1374 1206 1430 pestilentia?
1266 1374 1329 1415 Tu
1350 1373 1461 1425 verb,
1493 1375 1566 1430 qui
1587 1374 1642 1415 ad

74 1437 269 1471 senatum
298 1430 407 1472 nihil
435 1431 671 1487 scripseriS,
703 1437 751 1471 ut
781 1430 825 1472 in
845 1431 962 1472 Urbe
989 1430 1168 1486 nequior
1192 1430 1389 1472 inventus
1418 1444 1478 1482 es,
1510 1429 1643 1486 quam
1694 1452 1699 1459 ·

75 1484 302 1537 Gabinius,
320 1487 384 1528 sic
401 1488 445 1528 in
462 1487 685 1543 provincia
698 1488 826 1543 paulo
841 1494 984 1528 tamen
1001 1486 1132 1542 quam
1152 1486 1223 1528 ille
1243 1486 1482 1528 demissior.
1531 1486 1644 1528 Nam

73 1540 145 1582 ille
163 1557 320 1598 gurges
339 1550 466 1600 atque
483 1544 643 1595 helluo,
658 1551 783 1585 natus
797 1543 1015 1585 abdomini
1038 1558 1132 1595 suo,
1153 1557 1240 1584 non
1260 1543 1375 1584 laudi
1402 1549 1531 1600 atque
1552 1544 1643 1600 gloz
1661 1553 1716 1594 45

75 1596 162 1648 riae‚
195 1598 293 1640 cum
327 1600 492 1655 equites
523 1600 649 1641 Rom.
677 1601 721 1641 in
748 1600 985 1656 provincia,
1018 1600 1115 1641 eum
1142 1599 1396 1656 publicanos
1417 1600 1644 1642 nobiscum

78 1660 122 1694 et
150 1655 370 1697 voluntate
398 1663 442 1698 et
471 1657 680 1713 dignitate
713 1658 985 1712 conjunctos,
1017 1670 1163 1698 omnes
1184 1656 1381 1708 fortunis,
1405 1657 1562 1698 multos
1583 1658 1644 1698 fa-

78 1710 150 1752 ma
189 1710 379 1768 vitaque,
418 1712 653 1770 privasset3
694 1712 793 1756 oum
832 1713 996 1770 egisset
1028 1713 1145 1754 aliud
1182 1713 1289 1754 nihil
1326 1713 1402 1754 illo
1438 1713 1643 1763 exercitu,

212 1885 372 1925 dillaesd
392 1886 618 1937 dignitate.

127 2040 178 2068 24.
206 2037 388 2079 Vulturina]
433 2039 611 2070 Vulturinm
627 2038 738 2070 Cicero
752 2036 841 2069 Piso-

84 2090 155 2110 nem
171 2080 325 2111 invidioso
346 2081 498 2112 vocabulo
514 2082 664 2117 nominat,
687 2082 775 2122 quasi
795 2091 842 2112 ra-

83 2132 206 2163 pacem,
215 2128 247 2152 et
258 2123 338 2153 illius
349 2124 513 2163 provineiae
523 2124 708 2165 direptorem
718 2135 725 2160 3
739 2134 846 2165 sump-

83 2165 117 2195 ta
133 2165 151 2195 a
166 2165 285 2196 vulture
301 2166 493 2206 metaphora,
509 2177 565 2197 ave
581 2166 791 2208 rapacissima.

130 2209 182 2238 25.
205 2207 236 2238 Si
251 2209 307 2238 diis
318 2209 437 2249 placet.]
484 2209 600 2240 Itonia.
826 2231 828 2234 -

128 2249 178 2282 Ib.
204 2250 297 2281 Paule
315 2254 439 2293 nostem]
482 2251 518 2283 L.
535 2252 650 2283 Paulus
672 2253 713 2283 de
735 2253 847 2283 Mace-

88 2293 181 2323 donia
195 2294 406 2334 triumphavit,
420 2293 531 2325 iterum
542 2295 648 2325 consul
661 2305 742 2325 anno
756 2294 848 2326 Urbis

86 2336 221 2367 conditae
237 2338 311 2367 585.
328 2337 383 2376 qui
397 2338 501 2368 literas
516 2338 679 2374 laureatas,
695 2348 749 2369 seu
761 2337 847 2369 lauro

95 2378 264 2415 involutas,
286 2379 411 2411 miserat
425 2381 465 2410 ad
481 2385 634 2412 senatum.

133 2423 186 2455 29.
211 2422 258 2453 Aa
270 2432 335 2452 eum
349 2423 507 2464 ordinem]
552 2423 603 2454 Ad
621 2428 771 2455 senatum.

135 2466 188 2496 30.
213 2464 339 2496 Tabulas
351 2465 542 2506 abdiderint]
587 2466 798 2497 Mittebantur
809 2466 850 2496 ad

91 2507 206 2538 amicos
220 2507 326 2544 literae,
339 2519 416 2549 quas
431 2513 495 2538 tum
507 2509 556 2539 vel
573 2509 743 2547 abdebant‚
765 2509 791 2540 si
804 2509 850 2539 ita

93 2549 189 2580 visum
217 2555 308 2587 esset,
333 2558 388 2582 aut
412 2551 609 2592 perferebant
630 2552 670 2583 ad
698 2556 851 2588 senatum,

96 2591 148 2621 ubi
164 2592 355 2634 legebantur.

139 2636 193 2666 32.
227 2636 319 2676 Atque
354 2636 433 2667 haud
459 2638 515 2668 scio
542 2649 582 2668 an
609 2637 737 2677 malim]
802 2635 853 2667 Sic

95 2674 185 2716 nujus
199 2679 342 2709 orationis
351 2689 459 2710 sensus
471 2680 650 2711 dilemmate
662 2680 847 2722 explicatur:

95 2718 191 2749 literae
207 2724 267 2750 tuae
281 2721 331 2752 vel
349 2726 420 2752 sunt
442 2722 552 2759 missae,
575 2723 625 2753 vel
643 2733 706 2754 non
732 2723 848 2753 ruissae:

95 2760 119 2791 si
136 2761 236 2792 inissae
251 2767 333 2799 sunt,
348 2764 459 2795 multos
480 2775 533 2796 eas
545 2766 738 2796 damnavisse
761 2774 853 2806 opor-

95 2804 174 2835 tuit:
197 2805 221 2836 si
245 2814 307 2837 nou
329 2812 400 2837 sunt
421 2806 531 2846 missae,
554 2809 587 2841 in
607 2808 701 2841 caus&
714 2807 774 2840 fuit
787 2815 853 2840 sce-

923 1883 939 1907 1'
950 1885 1179 1925 alienasset·
1199 1883 1223 1925 (ὶ
1245 1889 1284 1925 te
1299 1890 1512 1926 senatum.

884 2039 981 2071 lemni
1010 2044 1130 2070 tuorum
1161 2039 1361 2071 conscicntia.
1417 2038 1565 2082 Ejusdem
1589 2041 1647 2082 igi-

886 2085 934 2112 tur
949 2082 1071 2113 sceleris
1087 2088 1145 2120 est,
1171 2087 1224 2112 aut
1235 2082 1449 2123 impudentem
1464 2088 1494 2114 te
1507 2084 1537 2113 in
1554 2084 1647 2115 literis

888 2124 1049 2154 mittendis
1071 2125 1177 2160 fuisse,
1203 2131 1256 2155 aut
1279 2126 1449 2167 pudentem
1471 2126 1503 2156 in
1526 2127 1646 2168 suppri-

888 2167 1022 2198 mendis.

930 2211 983 2241 41.
1029 2208 1254 2251 Thessalonicam]

888 2252 996 2283 vinciis
1009 2251 1105 2283 Cons.

933 2295 986 2326 45.
1012 2294 1111 2325 Natus
1122 2295 1265 2325 abdomini
1278 2295 1356 2336 sua]
1400 2295 1476 2328 Nati
1492 2297 1650 2328 abdomini

892 2338 1046 2374 dicuntur,
1075 2338 1129 2379 qui
1155 2338 1366 2378 voluptatibus
1392 2339 1500 2371 irretiti
1523 2351 1590 2371 sese
1617 2339 1649 2370 in

893 2391 1013 2412 omnem
1028 2379 1187 2411 libidinem
1203 2381 1376 2411 effundunt.

936 2425 988 2454 46.
1014 2423 1212 2464 Publicanos]
1269 2423 1433 2455 Publicani
1457 2425 1650 2462 dicebantur,

894 2466 949 2507 qui
965 2467 1109 2507 praesenti
1119 2465 1252 2507 pecunia
1264 2467 1428 2507 vectigalia
1439 2468 1650 2509 populiRom.

892 2509 911 2539 a
923 2509 1100 2540 censoribus
1111 2509 1318 2546 redimebant,
1331 2515 1364 2540 ut
1376 2511 1484 2551 postea
1497 2512 1558 2542 suis
1567 2522 1650 2541 com-

894 2552 994 2583 modis
1009 2551 1165 2583 servirent.
1210 2551 1253 2582 Hi
1276 2558 1363 2583 erant
1385 2563 1422 2583 ex
1445 2554 1579 2594 equestri
1602 2564 1650 2583 or-

895 2594 978 2625 dine.
1012 2594 1098 2625 Vide
1108 2594 1196 2625 Orat.
1207 2604 1262 2635 pro
1275 2594 1358 2636 Lege
1372 2596 1485 2629 Manil,
1498 2600 1605 2637 parag.
1619 2598 1650 2628 2.

896 2642 961 2667 not.
976 2637 1027 2667 ad.
1045 2637 1065 2668 1.
1080 2638 1111 2669 6.
1538 2639 1543 2647 ⁴

1316 2210 1395 2242 Vide
1412 2210 1499 2242 Orat.
1517 2211 1556 2242 de
1572 2211 1649 2242 Pro-

935 2678 986 2712 Ib.
1025 2679 1179 2711 Nobiscum
1213 2686 1241 2711 ec
1272 2681 1419 2710 voluntale
1447 2686 1473 2710 et
1507 2679 1652 2722 ‹IIgnitale

892 2723 1086 2765 conjunctos-J
1132 2723 1243 2754 Cicero
1259 2723 1364 2753 consul
1380 2722 1574 2763 publicanos,
1598 2724 1652 2765 qui

895 2774 1000 2796 omncs
1016 2775 1053 2796 ex
1068 2766 1224 2806 equitibus
1239 2765 1486 2806 assumebantur,
1509 2776 1579 2798 cum
1603 2777 1651 2798 se·

895 2808 1051 2840 natoribus
1063 2808 1280 2840 dissentientes
1293 2808 1483 2841 conciliavit-

1609 177 1692 220 269
