1790 3090
105 139 190 190 120

714 138 767 177 ‚IN
789 137 1047 178 CATILINAM
1071 139 1138 174 111.

183 216 356 260 rentur:
396 218 529 270 atque
561 212 676 255 idem
704 212 790 255 hoc
821 212 1042 257 decretum
1066 216 1135 254 est
1168 211 1213 254 in
1244 210 1291 256 L.
1313 209 1533 260 Cassium,
1548 211 1629 269 qui
1656 210 1739 258 sibi.

111 270 167 312 45
184 271 529 328 procurationem
563 269 845 312 incendendae
879 269 1007 311 Urbis
1047 269 1378 326 depoposcerat3
1422 266 1467 308 in
1506 267 1571 310 M.
1593 268 1739 324 Caepa-

184 327 307 378 rium,
330 328 400 369 cui
419 327 473 368 ad
494 326 775 368 solicitandos
796 333 989 383 pastores
1010 326 1214 383 Apuliam
1243 340 1337 366 esse
1367 324 1630 377 attributam,
1652 331 1742 367 erat

183 384 447 435 indicatum,
476 383 520 424 in
537 383 589 425 P.
613 383 802 435 Furium,
824 383 895 438 qui
927 390 994 425 est
1024 398 1076 424 ex
1112 383 1179 424 his
1216 381 1380 424 colonis
1411 396 1519 437 quos
1551 381 1741 423 Faesulas

187 441 234 482 L.
264 441 380 496 Sylla
414 440 617 490 deduxit3
658 440 703 481 in
733 440 788 488 Q.
814 439 1010 494 Magium
1038 439 1280 488 Chilonem,
1301 438 1375 495 qui
1406 437 1494 479 una
1528 453 1626 480 cum
1657 438 1742 480 hoc

187 496 314 538 Furio
336 512 505 553 semper
524 503 614 538 erat
643 496 687 537 in
717 495 802 536 hac
823 495 1106 551 Allobrogum
1127 494 1430 537 sollicitatione
1451 502 1667 546 versatus3
1697 494 1742 535 in

113 555 168 597 50
186 553 238 595 P.
259 552 538 606 Umbrenum,
565 552 813 595 libertinum
846 551 1077 602 hominem,
1112 549 1139 592 ὲ
1174 565 1259 607 quo
1290 550 1471 607 primum
1503 551 1654 594 Gallos
1689 550 1745 593 ad

188 610 421 652 Gabinium
453 610 684 666 perductos
715 624 810 651 esse
829 608 1070 651 constabat.

1129 607 1275 664 Atque
1295 607 1348 649 ea
1367 608 1542 650 lenitate
1568 614 1744 651 senatus

187 674 256 710 est
274 683 393 719 usus,
411 667 614 720 Quirites,
629 673 692 719 ut,
715 681 767 708 ex
787 664 907 707 tanta
926 663 1221 721 conjuratione
1242 663 1448 720 tantaque
1467 665 1509 706 vi
1530 680 1581 707 ac
1601 664 1745 706 multi-

186 724 338 766 tudine
361 723 696 766 domesticorum
721 723 926 774 hostium,
946 736 1101 763 novem
1122 720 1344 762 hominum
1363 721 1747 777 perditissimorum

187 781 330 838 poena,
342 781 528 838 Republ.
540 780 804 832 conservata,
818 779 1075 835 reliquorum
1086 783 1253 819 mentes
1270 777 1411 819 sanari
1427 792 1556 835 posse
1572 778 1746 819 arbitra-

116 840 172 880 55
189 844 316 881 retur.
375 838 521 894 Atque
554 837 683 879 etiam
711 836 966 893 supplicatio
989 835 1069 876 diis
1097 834 1424 886 immortalibus,
1444 849 1520 890 pro
1538 834 1743 890 singulari

189 909 337 937 eorum
356 895 522 946 merito,
552 909 648 936 meo
668 894 840 935 nomine
862 893 1035 934 decreta
1054 897 1135 944 est,
1157 891 1367 939 Quirites:
1400 892 1516 948 quod
1536 890 1641 932 mihi
1660 890 1746 948 pri-

188 951 309 992 mum
336 957 436 1007 post
453 951 566 992 hanc
584 950 746 992 Urbem
767 950 987 991 conditam
1016 956 1165 1005 togato
1191 948 1394 1005 contigit:
1427 954 1470 989 et
1489 947 1556 990 his
1573 948 1746 991 decreta

188 1007 330 1050 verbis
359 1013 442 1058 est,
473 1012 502 1032 ‘⁶
520 1009 643 1055 Quod
676 1009 830 1048 Urbem
861 1007 1088 1055 incendiis,
1110 1006 1223 1046 ccede
1257 1008 1381 1056 cives,
1409 1007 1588 1047 Italiam
1627 1006 1744 1055 bello,

187 1064 466 1106 liberassem?
505 1063 614 1111 Quae
633 1062 890 1119 supplicatio
907 1062 942 1103 si
961 1076 1061 1103 eum
1079 1061 1244 1104 caeteris
1265 1061 1522 1112 conferatur,
1539 1061 1744 1112 Quirites,

116 1121 172 1163 60
187 1120 272 1162 hoc
289 1121 481 1172 interest,
497 1119 614 1176 quod
637 1125 802 1161 caeterae
813 1118 923 1160 bene
937 1117 1072 1173 gesta,
1089 1118 1182 1158 haec
1202 1131 1288 1157 una
1302 1117 1558 1159 conservata
1573 1116 1744 1174 Repub.

188 1178 426 1220 constituta
439 1183 518 1219 est.

581 1178 725 1232 Atque
742 1175 862 1226 illud,
879 1175 996 1230 quod
1012 1174 1257 1218 faciendum
1270 1173 1454 1229 primum
1469 1173 1565 1226 fuit,
1581 1173 1745 1219 factum

187 1241 318 1291 atque
356 1239 620 1276 transactum
652 1239 742 1285 est3
772 1247 873 1273 nam
894 1231 944 1273 P.
967 1231 1187 1282 Lentulus,
1208 1245 1481 1286 quamquam,
1501 1230 1745 1287 patefactus

187 1290 363 1333 indiciis
380 1298 423 1333 et
443 1289 786 1333 confessionibus
804 1293 905 1340 suis,
915 1287 1082 1344 judicio
1099 1287 1289 1339 senatus,
1302 1302 1389 1328 non
1409 1286 1538 1329 modo
1553 1287 1745 1343 praetoris

181 1349 272 1405 jus,
292 1348 438 1390 verum
458 1347 587 1389 etiam
604 1346 726 1399 civis,
743 1346 968 1396 amiserat3

998 1351 1141 1386 tamen
1161 1344 1415 1400 magistratu
1436 1359 1481 1386 se
1502 1343 1743 1396 abdicavit;

117 1409 171 1451 65
188 1413 250 1458 ut,
272 1421 368 1462 quae
399 1405 549 1461 religio
583 1404 634 1445 C.
655 1403 812 1452 Mario,
837 1401 1073 1445 clarissimo
1100 1401 1204 1454 viro,
1228 1415 1315 1442 non
1348 1401 1487 1443 fuerat
1515 1399 1744 1458 quominus

188 1462 242 1504 C.
263 1462 509 1513 Glauciam,
532 1462 585 1503 de
602 1476 688 1518 quo
716 1460 822 1502 nihil
852 1458 1107 1501 nominatim
1142 1464 1233 1500 erat
1266 1459 1500 1510 decretum,
1519 1464 1746 1514 praetorem

184 1519 420 1570 occideret,
441 1518 493 1560 ea
513 1532 592 1560 nos
613 1517 820 1574 religione
840 1517 885 1558 in
904 1515 1069 1572 privato
1084 1515 1136 1556 P.
1156 1516 1338 1557 Lentulo
1356 1515 1574 1572 puniendo
1593 1514 1745 1556 libera-

185 1590 340 1618 remur.

244 1632 323 1676 IV.
353 1631 496 1685 Nunc,
515 1630 734 1688 quoniam,
751 1629 956 1683 Quirites,
972 1628 1291 1671 sceleratissimi
1309 1628 1746 1686 periculosissimique

183 1689 288 1734 belli
304 1690 490 1734 nefarios
504 1690 639 1734 duces
655 1694 806 1746 captos
817 1688 909 1746 jam
922 1694 967 1731 et
979 1686 1311 1744 comprehensos
1328 1687 1484 1730 tenetis
1498 1703 1510 1741 3
1530 1686 1746 1737 existima-

227 2011 282 2042 55.
302 2010 507 2052 Supplicatio]
552 2009 746 2052 Supplicatio
762 2019 798 2040 ex
819 2008 943 2040 senatus

185 2055 313 2085 decreto
339 2060 405 2085 tum
421 2054 658 2090 decernebatur,
673 2053 742 2083 cum
759 2053 828 2093 quis
843 2053 944 2093 impe-

184 2102 267 2129 rator
281 2107 343 2127 rem
367 2097 500 2128 feliciter
514 2097 547 2126 in
561 2096 644 2127 bella
659 2101 804 2137 gesserat.
849 2095 944 2125 Ibant

185 2141 226 2171 ad
250 2140 379 2180 templa,
404 2141 445 2170 ad
467 2139 571 2170 omnia
607 2141 735 2170 deorum
768 2137 944 2180 pulvinaria

186 2182 300 2224 gratias
313 2183 422 2214 acturi.

230 2228 284 2257 57.
323 2226 431 2268 Togata
443 2224 592 2267 cmztigit]
639 2225 702 2255 Hic
724 2225 822 2255 honos
848 2223 946 2255 maxi-

186 2281 254 2301 mus
275 2269 459 2304 habebatur,
480 2275 512 2299 et
534 2268 611 2299 nulli
637 2268 728 2299 ante-‘i
753 2273 850 2309 togato
866 2268 944 2298 etin

188 2313 273 2344 Urbe
289 2313 426 2343 manenti
441 2313 584 2343 decretus
600 2316 676 2342 erat.

230 2358 285 2390 60.
325 2355 411 2390 Quod
438 2361 542 2386 caeterae
569 2355 637 2385 bene
652 2353 761 2395 gestd]
816 2353 857 2384 Id
886 2358 946 2389 est,

186 2401 307 2430 caeteris
321 2398 509 2440 supplicatio
525 2398 763 2433 decernebatur,
779 2397 832 2437 qui
847 2396 947 2427 felici-

186 2448 235 2473 ter
274 2446 488 2484 pugnaverant
519 2441 552 2471 in
587 2440 686 2478 bello;
722 2445 754 2470 at
791 2439 947 2474 Ciceroni,

187 2485 272 2527 quod
296 2486 352 2516 sua
374 2483 525 2515 industria
547 2483 566 2514 ὃ,
589 2483 717 2524 Repub.
737 2481 854 2512 bellum
878 2492 947 2522 pro-

185 2528 329 2569 pulsarit,
352 2532 385 2558 et
410 2528 515 2557 hostes
553 2526 621 2557 sine
653 2525 744 2557 armis
783 2525 946 2565 expulerit.

187 2572 294 2609 Cotta,
325 2571 370 2602 vir
404 2580 523 2600 summo
560 2570 697 2610 ingenio,
726 2572 758 2598 et
791 2567 870 2598 bene
904 2568 944 2598 de

185 2615 314 2656 Repub.
350 2614 486 2649 meritus,
520 2612 757 2643 assentientibus
790 2611 943 2647 omnibus,

182 2657 276 2698 hujus
313 2656 518 2688 decernendae
566 2654 801 2695 supplicationis
837 2659 944 2685 auctor

176 2702 254 2732 zsuit.

227 2746 279 2775 64.
304 2742 489 2786 RIagistraty.
504 2751 534 2778 se
547 2738 720 2781 abdicavit]
759 2739 944 2771 Plutarchus

180 2788 223 2820 de
251 2798 291 2820 eo
317 2787 373 2828 ait,
390 2785 530 2829 posuisse
552 2790 672 2817 vestem
695 2793 884 2826 purpuream
911 2781 945 2815 in

986 2007 1090 2039 medio
1114 2012 1223 2039 senatu
1238 2007 1302 2049 qua
1313 2008 1440 2039 indutus
1458 2011 1536 2044 erat,
1551 2012 1585 2039 et
1607 2019 1747 2051 assump-

987 2053 1062 2082 sisse
1078 2062 1140 2082 suze
1155 2053 1284 2081 fortunae
1299 2062 1479 2093 congruam.

1030 2097 1082 2125 65.
1106 2094 1177 2128 Qua:
1196 2094 1330 2135 religia]
1373 2094 1581 2125 Commendat
1601 2096 1690 2126 suum
1711 2095 1747 2126 il-

987 2137 1042 2167 lud
1074 2137 1190 2168 factum
1222 2138 1455 2178 comparatione
1490 2137 1572 2168 illius
1605 2141 1690 2179 quod
1728 2140 1748 2170 εἴ

987 2181 1092 2211 Mario
1115 2181 1231 2210 factum
1247 2186 1314 2211 est:
1338 2192 1412 2211 nam
1437 2180 1514 2212 nihil
1541 2187 1674 2212 moratus
1699 2187 1747 2213 est

986 2224 1052 2259 ille,
1074 2222 1237 2264 quominus
1276 2223 1440 2255 Glauciam
1470 2224 1666 2259 interficeret,
1690 2225 1745 2265 qui

989 2266 1185 2297 Saturninum
1209 2266 1364 2297 tribunum
1379 2267 1493 2308 plebis,
1507 2272 1612 2297 contra
1627 2267 1745 2308 Remp.

988 2310 1180 2346 molientem,
1209 2316 1333 2341 secutus
1354 2311 1466 2341 fuerat.
1522 2309 1621 2340 Nulla
1641 2316 1746 2341 autem

988 2352 1138 2394 religione
1164 2354 1328 2384 tenebatur
1353 2353 1397 2384 sic
1424 2363 1537 2394 agere;
1560 2357 1592 2383 at
1605 2352 1674 2393 ipse
1691 2353 1747 2384 Ci-

989 2406 1061 2426 cero
1093 2395 1241 2436 religione
1272 2396 1541 2437 obstringebatur3
1579 2395 1653 2436 quia
1690 2397 1747 2427 de-

991 2443 1107 2469 cretum
1133 2449 1196 2468 non
1218 2438 1317 2469 solum
1342 2440 1403 2469 fuit
1425 2438 1444 2468 a
1464 2443 1584 2476 senatu,
1600 2443 1635 2468 ut
1659 2438 1748 2470 vide-

990 2486 1060 2512 rent
1074 2480 1216 2512 consules
1236 2493 1277 2512 ne
1303 2482 1380 2523 quid
1404 2481 1548 2522 Respub.
1569 2481 1747 2513 detrimenti

990 2529 1130 2565 caperet,
1143 2523 1249 2555 verum
1265 2525 1371 2561 etiam,
1389 2529 1425 2554 ut
1449 2524 1614 2554 Lentulum
1629 2524 1661 2556 iu
1677 2536 1747 2556 cus-

989 2567 1107 2597 todiam
1123 2568 1290 2600 traderent.
1314 2567 1359 2598 At
1373 2567 1494 2598 Marius
1509 2566 1629 2597 tantum
1643 2567 1746 2609 jussus

988 2615 1034 2640 est
1048 2609 1067 2639 ῖι
1082 2616 1190 2640 senatu
1203 2610 1362 2651 Rempub.
1377 2620 1577 2649 conservare3
1600 2621 1705 2652 neque
1718 2612 1748 2642 ei

987 2653 1158 2695 quidquam
1175 2654 1214 2683 de
1231 2652 1364 2684 Glaucia
1379 2654 1600 2684 demandatum
1614 2654 1727 2686 fuerat.

1032 2697 1084 2727 67.
1107 2696 1146 2726 In
1155 2697 1269 2736 privato
1285 2696 1437 2738 Lentulo]
1483 2695 1564 2728 Cum
1587 2697 1748 2737 magistra-

988 2744 1054 2770 tum
1077 2740 1284 2781 deposuisset,
1310 2739 1448 2781 privatus
1471 2740 1657 2772 censebatur
1665 2751 1676 2780 3
1699 2745 1747 2772 est

989 2787 1095 2824 {tutele
1110 2788 1325 2825 &gementum
1339 2782 1488 2826 &rainois
1501 2784 1543 2826 agi
1558 2783 1672 2826 majus,-
