<?xml version="1.0" encoding="UTF-8"?>
<!DOCTYPE html PUBLIC "-//W3C//DTD XHTML 1.0 Transitional//EN"
    "http://www.w3.org/TR/xhtml1/DTD/xhtml1-transitional.dtd">
<html xmlns="http://www.w3.org/1999/xhtml" xml:lang="en" lang="en">
 <head>
  <title>
</title>
<meta http-equiv="Content-Type" content="text/html;charset=utf-8" />
  <meta name='ocr-system' content='tesseract 3.04.00' />
  <meta name='ocr-capabilities' content='ocr_page ocr_carea ocr_par ocr_line ocrx_word'/>
</head>
<body>
  <div class='ocr_page' id='page_1' title='image "./selectaeoratione00ciceuoft_0444.png"; bbox 0 0 1790 3090; ppageno 0'>
   <div class='ocr_carea' id='block_1_1' title="bbox 135 162 1150 218">
    <p class='ocr_par' dir='ltr' id='par_1_1' title="bbox 135 162 1150 218">
     <span class='ocr_line' id='line_1_1' title="bbox 135 162 1150 218; baseline -0.007 -2"><span class='ocrx_word' id='word_1_1' title='bbox 135 174 218 218; x_wconf 78' lang='lat'>402</span> <span class='ocrx_word' id='word_1_2' title='bbox 567 162 570 165; x_wconf 74' lang='grc'>’</span> <span class='ocrx_word' id='word_1_3' title='bbox 835 176 1096 211; x_wconf 79' lang='lat' dir='ltr'>PHILIPPICA</span> <span class='ocrx_word' id='word_1_4' title='bbox 1119 176 1150 210; x_wconf 93' lang='lat'>1.</span> 
     </span>
    </p>
   </div>
   <div class='ocr_carea' id='block_1_2' title="bbox 93 253 1767 1729">
    <p class='ocr_par' dir='ltr' id='par_1_2' title="bbox 93 253 1767 1729">
     <span class='ocr_line' id='line_1_2' title="bbox 199 253 1767 312; baseline 0.002 -16"><span class='ocrx_word' id='word_1_5' title='bbox 199 260 243 296; x_wconf 89' lang='lat' dir='ltr'>et</span> <span class='ocrx_word' id='word_1_6' title='bbox 263 255 392 298; x_wconf 88' lang='lat' dir='ltr'>caedis</span> <span class='ocrx_word' id='word_1_7' title='bbox 413 262 530 298; x_wconf 88' lang='lat' dir='ltr'>metu</span> <span class='ocrx_word' id='word_1_8' title='bbox 549 255 745 306; x_wconf 68' lang='lat' dir='ltr'>liberata,</span> <span class='ocrx_word' id='word_1_9' title='bbox 777 261 819 298; x_wconf 86' lang='lat' dir='ltr'>te</span> <span class='ocrx_word' id='word_1_10' title='bbox 842 257 1017 298; x_wconf 91' lang='lat' dir='ltr'>domum</span> <span class='ocrx_word' id='word_1_11' title='bbox 1037 253 1261 311; x_wconf 78' lang='lat' dir='ltr'>recepisti?</span> <span class='ocrx_word' id='word_1_12' title='bbox 1293 253 1428 310; x_wconf 88' lang='lat' dir='ltr'>Cujus</span> <span class='ocrx_word' id='word_1_13' title='bbox 1449 253 1625 305; x_wconf 85' lang='lat' dir='ltr'>ordinis,</span> <span class='ocrx_word' id='word_1_14' title='bbox 1644 256 1767 312; x_wconf 89' lang='lat' dir='ltr'>cujus</span> 
     </span>
     <span class='ocr_line' id='line_1_3' title="bbox 196 311 1766 369; baseline 0.001 -15"><span class='ocrx_word' id='word_1_15' title='bbox 196 314 378 368; x_wconf 86' lang='lat' dir='ltr'>generis,</span> <span class='ocrx_word' id='word_1_16' title='bbox 401 314 523 369; x_wconf 87' lang='lat' dir='ltr'>cujus</span> <span class='ocrx_word' id='word_1_17' title='bbox 544 313 729 369; x_wconf 89' lang='lat' dir='ltr'>denique</span> <span class='ocrx_word' id='word_1_18' title='bbox 750 313 946 364; x_wconf 82' lang='lat' dir='ltr'>fortunae,</span> <span class='ocrx_word' id='word_1_19' title='bbox 979 312 1123 354; x_wconf 85' lang='lat' dir='ltr'>studia</span> <span class='ocrx_word' id='word_1_20' title='bbox 1146 318 1238 353; x_wconf 90' lang='lat' dir='ltr'>tum</span> <span class='ocrx_word' id='word_1_21' title='bbox 1268 311 1385 353; x_wconf 86' lang='lat' dir='ltr'>laudi</span> <span class='ocrx_word' id='word_1_22' title='bbox 1418 318 1462 352; x_wconf 88' lang='lat' dir='ltr'>et</span> <span class='ocrx_word' id='word_1_23' title='bbox 1492 311 1766 368; x_wconf 81' lang='lat' dir='ltr'>gratulationi</span> 
     </span>
     <span class='ocr_line' id='line_1_4' title="bbox 195 368 1766 424; baseline 0 -14"><span class='ocrx_word' id='word_1_24' title='bbox 195 376 280 410; x_wconf 89' lang='lat' dir='ltr'>tuae</span> <span class='ocrx_word' id='word_1_25' title='bbox 312 385 356 410; x_wconf 87' lang='lat' dir='ltr'>se</span> <span class='ocrx_word' id='word_1_26' title='bbox 392 384 479 410; x_wconf 88' lang='lat' dir='ltr'>non</span> <span class='ocrx_word' id='word_1_27' title='bbox 512 369 777 410; x_wconf 79' lang='lat' dir='ltr'>obtulerunt?</span> <span class='ocrx_word' id='word_1_28' title='bbox 838 370 951 418; x_wconf 88' lang='lat' dir='ltr'>Quin</span> <span class='ocrx_word' id='word_1_29' title='bbox 986 368 1089 409; x_wconf 85' lang='lat' dir='ltr'>mihi</span> <span class='ocrx_word' id='word_1_30' title='bbox 1125 369 1266 420; x_wconf 87' lang='lat' dir='ltr'>etiam,</span> <span class='ocrx_word' id='word_1_31' title='bbox 1303 383 1387 424; x_wconf 88' lang='lat' dir='ltr'>quo</span> <span class='ocrx_word' id='word_1_32' title='bbox 1420 375 1615 409; x_wconf 83' lang='lat' dir='ltr'>cauctore</span> <span class='ocrx_word' id='word_1_33' title='bbox 1648 373 1690 409; x_wconf 92' lang='lat' dir='ltr'>te</span> <span class='ocrx_word' id='word_1_34' title='bbox 1721 369 1766 411; x_wconf 87' lang='lat' dir='ltr'>in</span> 
     </span>
     <span class='ocr_line' id='line_1_5' title="bbox 119 417 1763 482; baseline 0.001 -17"><span class='ocrx_word' id='word_1_35' title='bbox 119 417 175 459; x_wconf 81' lang='lat'>40</span> <span class='ocrx_word' id='word_1_36' title='bbox 193 424 245 466; x_wconf 91' lang='lat' dir='ltr'>iis</span> <span class='ocrx_word' id='word_1_37' title='bbox 274 426 399 466; x_wconf 89' lang='lat' dir='ltr'>rebus</span> <span class='ocrx_word' id='word_1_38' title='bbox 431 425 492 467; x_wconf 88' lang='lat' dir='ltr'>uti</span> <span class='ocrx_word' id='word_1_39' title='bbox 529 426 856 477; x_wconf 83' lang='lat' dir='ltr'>arbitrabantur,</span> <span class='ocrx_word' id='word_1_40' title='bbox 889 433 932 467; x_wconf 87' lang='lat' dir='ltr'>et</span> <span class='ocrx_word' id='word_1_41' title='bbox 961 425 1119 482; x_wconf 78' lang='lat' dir='ltr'>gratias</span> <span class='ocrx_word' id='word_1_42' title='bbox 1151 426 1252 466; x_wconf 91' lang='lat' dir='ltr'>boni</span> <span class='ocrx_word' id='word_1_43' title='bbox 1283 425 1358 465; x_wconf 89' lang='lat' dir='ltr'>viri</span> <span class='ocrx_word' id='word_1_44' title='bbox 1393 425 1594 479; x_wconf 79' lang='lat' dir='ltr'>agebant,</span> <span class='ocrx_word' id='word_1_45' title='bbox 1627 431 1670 465; x_wconf 86' lang='lat' dir='ltr'>et</span> <span class='ocrx_word' id='word_1_46' title='bbox 1690 430 1763 467; x_wconf 86' lang='lat' dir='ltr'>tuo</span> 
     </span>
     <span class='ocr_line' id='line_1_6' title="bbox 191 481 1762 538; baseline 0.001 -17"><span class='ocrx_word' id='word_1_47' title='bbox 191 481 363 522; x_wconf 84' lang='lat' dir='ltr'>nomine</span> <span class='ocrx_word' id='word_1_48' title='bbox 385 483 717 538; x_wconf 82' lang='lat' dir='ltr'>gratulabantur.</span> <span class='ocrx_word' id='word_1_49' title='bbox 778 482 1036 533; x_wconf 84' lang='lat' dir='ltr'>Recordare,</span> <span class='ocrx_word' id='word_1_50' title='bbox 1059 496 1221 538; x_wconf 82' lang='lat' dir='ltr'>quaeso,</span> <span class='ocrx_word' id='word_1_51' title='bbox 1243 482 1483 532; x_wconf 86' lang='lat' dir='ltr'>Dolabella,</span> <span class='ocrx_word' id='word_1_52' title='bbox 1507 495 1762 523; x_wconf 87' lang='lat' dir='ltr'>consensum</span> 
     </span>
     <span class='ocr_line' id='line_1_7' title="bbox 189 537 1762 593; baseline 0.001 -16"><span class='ocrx_word' id='word_1_53' title='bbox 189 537 310 578; x_wconf 89' lang='lat' dir='ltr'>illum</span> <span class='ocrx_word' id='word_1_54' title='bbox 331 538 499 587; x_wconf 87' lang='lat' dir='ltr'>theatri,</span> <span class='ocrx_word' id='word_1_55' title='bbox 531 538 629 580; x_wconf 73' lang='lat' dir='ltr'>cum</span> <span class='ocrx_word' id='word_1_56' title='bbox 657 554 820 590; x_wconf 89' lang='lat' dir='ltr'>omnes,</span> <span class='ocrx_word' id='word_1_57' title='bbox 852 554 995 580; x_wconf 87' lang='lat' dir='ltr'>earum</span> <span class='ocrx_word' id='word_1_58' title='bbox 1022 553 1158 579; x_wconf 89' lang='lat' dir='ltr'>rerum</span> <span class='ocrx_word' id='word_1_59' title='bbox 1180 538 1316 589; x_wconf 88' lang='lat' dir='ltr'>obliti,</span> <span class='ocrx_word' id='word_1_60' title='bbox 1346 545 1518 593; x_wconf 86' lang='lat' dir='ltr'>propter</span> <span class='ocrx_word' id='word_1_61' title='bbox 1548 552 1654 593; x_wconf 84' lang='lat' dir='ltr'>quas</span> <span class='ocrx_word' id='word_1_62' title='bbox 1682 537 1762 579; x_wconf 86' lang='lat' dir='ltr'>tibi</span> 
     </span>
     <span class='ocr_line' id='line_1_8' title="bbox 188 593 1761 652; baseline 0.001 -18"><span class='ocrx_word' id='word_1_63' title='bbox 188 593 357 636; x_wconf 88' lang='lat' dir='ltr'>fuerant</span> <span class='ocrx_word' id='word_1_64' title='bbox 396 595 561 647; x_wconf 82' lang='lat' dir='ltr'>offensi,</span> <span class='ocrx_word' id='word_1_65' title='bbox 592 595 893 652; x_wconf 64' lang='lat' dir='ltr'>significarunt</span> <span class='ocrx_word' id='word_1_66' title='bbox 931 610 976 636; x_wconf 89' lang='lat' dir='ltr'>se</span> <span class='ocrx_word' id='word_1_67' title='bbox 1008 595 1220 636; x_wconf 86' lang='lat' dir='ltr'>beneficio</span> <span class='ocrx_word' id='word_1_68' title='bbox 1260 609 1371 636; x_wconf 93' lang='lat' dir='ltr'>novo</span> <span class='ocrx_word' id='word_1_69' title='bbox 1412 594 1658 636; x_wconf 83' lang='lat' dir='ltr'>memoriam</span> <span class='ocrx_word' id='word_1_70' title='bbox 1692 608 1761 636; x_wconf 87' lang='lat' dir='ltr'>ve-</span> 
     </span>
     <span class='ocr_line' id='line_1_9' title="bbox 188 650 1761 708; baseline 0.001 -18"><span class='ocrx_word' id='word_1_71' title='bbox 188 650 289 691; x_wconf 90' lang='lat' dir='ltr'>teris</span> <span class='ocrx_word' id='word_1_72' title='bbox 328 652 489 693; x_wconf 89' lang='lat' dir='ltr'>doloris</span> <span class='ocrx_word' id='word_1_73' title='bbox 525 653 750 708; x_wconf 89' lang='lat' dir='ltr'>abjecisse.</span> <span class='ocrx_word' id='word_1_74' title='bbox 829 652 954 693; x_wconf 90' lang='lat' dir='ltr'>Hanc</span> <span class='ocrx_word' id='word_1_75' title='bbox 1002 658 1061 702; x_wconf 92' lang='lat' dir='ltr'>tu,</span> <span class='ocrx_word' id='word_1_76' title='bbox 1110 651 1352 702; x_wconf 87' lang='lat' dir='ltr'>Dolabella,</span> <span class='ocrx_word' id='word_1_77' title='bbox 1393 655 1567 707; x_wconf 87' lang='lat' dir='ltr'>(magno</span> <span class='ocrx_word' id='word_1_78' title='bbox 1608 651 1761 706; x_wconf 89' lang='lat' dir='ltr'>loquor</span> 
     </span>
     <span class='ocr_line' id='line_1_10' title="bbox 114 701 1759 765; baseline 0.001 -18"><span class='ocrx_word' id='word_1_79' title='bbox 114 701 170 742; x_wconf 84' lang='grc'>45</span> <span class='ocrx_word' id='word_1_80' title='bbox 189 721 287 748; x_wconf 88' lang='lat' dir='ltr'>cum</span> <span class='ocrx_word' id='word_1_81' title='bbox 323 708 488 759; x_wconf 89' lang='lat' dir='ltr'>dolore)</span> <span class='ocrx_word' id='word_1_82' title='bbox 537 709 648 750; x_wconf 90' lang='lat' dir='ltr'>hanc</span> <span class='ocrx_word' id='word_1_83' title='bbox 689 717 749 760; x_wconf 90' lang='lat' dir='ltr'>tu,</span> <span class='ocrx_word' id='word_1_84' title='bbox 796 710 986 765; x_wconf 89' lang='lat' dir='ltr'>inquam,</span> <span class='ocrx_word' id='word_1_85' title='bbox 1031 707 1209 764; x_wconf 89' lang='lat' dir='ltr'>potuisti</span> <span class='ocrx_word' id='word_1_86' title='bbox 1251 722 1374 764; x_wconf 77' lang='lat' dir='ltr'>eequo</span> <span class='ocrx_word' id='word_1_87' title='bbox 1414 708 1556 749; x_wconf 90' lang='lat' dir='ltr'>animo</span> <span class='ocrx_word' id='word_1_88' title='bbox 1596 714 1759 749; x_wconf 87' lang='lat' dir='ltr'>tantam</span> 
     </span>
     <span class='ocr_line' id='line_1_11' title="bbox 188 763 1758 821; baseline 0.002 -18"><span class='ocrx_word' id='word_1_89' title='bbox 188 763 443 820; x_wconf 85' lang='lat' dir='ltr'>dignitatem</span> <span class='ocrx_word' id='word_1_90' title='bbox 479 766 720 821; x_wconf 73' lang='lat' dir='ltr'>deponere?</span> <span class='ocrx_word' id='word_1_91' title='bbox 780 765 842 806; x_wconf 91' lang='lat' dir='ltr'>Tu</span> <span class='ocrx_word' id='word_1_92' title='bbox 875 773 1031 816; x_wconf 85' lang='lat' dir='ltr'>autem,</span> <span class='ocrx_word' id='word_1_93' title='bbox 1063 765 1127 806; x_wconf 89' lang='lat' dir='ltr'>M.</span> <span class='ocrx_word' id='word_1_94' title='bbox 1159 766 1338 816; x_wconf 87' lang='lat' dir='ltr'>Antoni,</span> <span class='ocrx_word' id='word_1_95' title='bbox 1372 765 1612 820; x_wconf 85' lang='lat' dir='ltr'>(absentem</span> <span class='ocrx_word' id='word_1_96' title='bbox 1643 764 1758 806; x_wconf 88' lang='lat' dir='ltr'>enim</span> 
     </span>
     <span class='ocr_line' id='line_1_12' title="bbox 186 821 1758 877; baseline 0.002 -17"><span class='ocrx_word' id='word_1_97' title='bbox 186 822 368 875; x_wconf 88' lang='lat' dir='ltr'>appello)</span> <span class='ocrx_word' id='word_1_98' title='bbox 401 836 532 862; x_wconf 89' lang='lat' dir='ltr'>unum</span> <span class='ocrx_word' id='word_1_99' title='bbox 553 823 674 864; x_wconf 80' lang='lat' dir='ltr'>illum</span> <span class='ocrx_word' id='word_1_100' title='bbox 695 822 823 873; x_wconf 88' lang='lat' dir='ltr'>diem,</span> <span class='ocrx_word' id='word_1_101' title='bbox 855 837 939 877; x_wconf 89' lang='lat' dir='ltr'>quo</span> <span class='ocrx_word' id='word_1_102' title='bbox 971 822 1013 863; x_wconf 88' lang='lat' dir='ltr'>in</span> <span class='ocrx_word' id='word_1_103' title='bbox 1034 822 1124 863; x_wconf 82' lang='lat' dir='ltr'>aede</span> <span class='ocrx_word' id='word_1_104' title='bbox 1146 821 1326 863; x_wconf 88' lang='lat' dir='ltr'>Telluris</span> <span class='ocrx_word' id='word_1_105' title='bbox 1350 828 1521 862; x_wconf 89' lang='lat' dir='ltr'>senatus</span> <span class='ocrx_word' id='word_1_106' title='bbox 1543 821 1639 871; x_wconf 86' lang='lat' dir='ltr'>fuit,</span> <span class='ocrx_word' id='word_1_107' title='bbox 1669 835 1758 863; x_wconf 90' lang='lat' dir='ltr'>non</span> 
     </span>
     <span class='ocr_line' id='line_1_13' title="bbox 186 877 1758 934; baseline 0.002 -18"><span class='ocrx_word' id='word_1_108' title='bbox 186 878 384 918; x_wconf 88' lang='lat' dir='ltr'>omnibus</span> <span class='ocrx_word' id='word_1_109' title='bbox 413 878 466 919; x_wconf 89' lang='lat' dir='ltr'>iis</span> <span class='ocrx_word' id='word_1_110' title='bbox 504 880 738 930; x_wconf 88' lang='lat' dir='ltr'>mensibus,</span> <span class='ocrx_word' id='word_1_111' title='bbox 770 878 925 934; x_wconf 88' lang='lat' dir='ltr'>quibus</span> <span class='ocrx_word' id='word_1_112' title='bbox 960 886 1002 919; x_wconf 89' lang='lat' dir='ltr'>te</span> <span class='ocrx_word' id='word_1_113' title='bbox 1034 878 1209 934; x_wconf 87' lang='lat' dir='ltr'>quidam</span> <span class='ocrx_word' id='word_1_114' title='bbox 1253 878 1434 919; x_wconf 78' lang='lat' dir='ltr'>multum</span> <span class='ocrx_word' id='word_1_115' title='bbox 1456 877 1482 919; x_wconf 69' lang='grc' dir='ltr'>εὶ</span> <span class='ocrx_word' id='word_1_116' title='bbox 1504 892 1569 919; x_wconf 91' lang='lat' dir='ltr'>me</span> <span class='ocrx_word' id='word_1_117' title='bbox 1592 877 1758 919; x_wconf 81' lang='lat' dir='ltr'>dissen-</span> 
     </span>
     <span class='ocr_line' id='line_1_14' title="bbox 183 933 1755 990; baseline 0.003 -18"><span class='ocrx_word' id='word_1_118' title='bbox 183 933 354 983; x_wconf 82' lang='lat' dir='ltr'>tientes,</span> <span class='ocrx_word' id='word_1_119' title='bbox 373 934 544 976; x_wconf 82' lang='lat' dir='ltr'>beatum</span> <span class='ocrx_word' id='word_1_120' title='bbox 565 941 730 990; x_wconf 85' lang='lat' dir='ltr'>putant,</span> <span class='ocrx_word' id='word_1_121' title='bbox 747 935 998 990; x_wconf 74' lang='lat' dir='ltr'>anteponis?</span> <span class='ocrx_word' id='word_1_122' title='bbox 1049 935 1156 982; x_wconf 85' lang='lat' dir='ltr'>Quae</span> <span class='ocrx_word' id='word_1_123' title='bbox 1176 935 1257 976; x_wconf 87' lang='lat' dir='ltr'>fuit</span> <span class='ocrx_word' id='word_1_124' title='bbox 1273 935 1405 976; x_wconf 88' lang='lat' dir='ltr'>oratio</span> <span class='ocrx_word' id='word_1_125' title='bbox 1427 935 1479 976; x_wconf 91' lang='lat' dir='ltr'>de</span> <span class='ocrx_word' id='word_1_126' title='bbox 1497 934 1755 976; x_wconf 67' lang='lat' dir='ltr'>concordia!</span> 
     </span>
     <span class='ocr_line' id='line_1_15' title="bbox 107 985 1756 1046; baseline 0.004 -20"><span class='ocrx_word' id='word_1_127' title='bbox 107 985 164 1026; x_wconf 82' lang='lat'>50</span> <span class='ocrx_word' id='word_1_128' title='bbox 183 997 344 1044; x_wconf 90' lang='lat' dir='ltr'>quanto</span> <span class='ocrx_word' id='word_1_129' title='bbox 365 997 483 1032; x_wconf 86' lang='lat' dir='ltr'>metu</span> <span class='ocrx_word' id='word_1_130' title='bbox 503 991 704 1042; x_wconf 85' lang='lat' dir='ltr'>veterani,</span> <span class='ocrx_word' id='word_1_131' title='bbox 737 991 900 1046; x_wconf 57' lang='lat' dir='ltr'>quant&amp;⁴</span> <span class='ocrx_word' id='word_1_132' title='bbox 930 990 1220 1032; x_wconf 88' lang='lat' dir='ltr'>sollicitudine</span> <span class='ocrx_word' id='word_1_133' title='bbox 1249 991 1400 1033; x_wconf 87' lang='lat' dir='ltr'>civitas</span> <span class='ocrx_word' id='word_1_134' title='bbox 1423 998 1512 1032; x_wconf 90' lang='lat' dir='ltr'>tum</span> <span class='ocrx_word' id='word_1_135' title='bbox 1535 991 1562 1032; x_wconf 67' lang='grc' dir='ltr'>ἐι</span> <span class='ocrx_word' id='word_1_136' title='bbox 1581 998 1622 1033; x_wconf 87' lang='lat' dir='ltr'>te</span> <span class='ocrx_word' id='word_1_137' title='bbox 1644 991 1756 1033; x_wconf 82' lang='lat' dir='ltr'>libe-</span> 
     </span>
     <span class='ocr_line' id='line_1_16' title="bbox 182 1046 1750 1104; baseline 0.002 -18"><span class='ocrx_word' id='word_1_138' title='bbox 182 1053 273 1086; x_wconf 89' lang='lat' dir='ltr'>rata</span> <span class='ocrx_word' id='word_1_139' title='bbox 292 1047 376 1087; x_wconf 88' lang='lat' dir='ltr'>est!</span> <span class='ocrx_word' id='word_1_140' title='bbox 437 1047 574 1088; x_wconf 89' lang='lat' dir='ltr'>Tuum</span> <span class='ocrx_word' id='word_1_141' title='bbox 597 1048 823 1104; x_wconf 81' lang='lat' dir='ltr'>collegam,</span> <span class='ocrx_word' id='word_1_142' title='bbox 857 1046 1065 1102; x_wconf 86' lang='lat' dir='ltr'>depositis</span> <span class='ocrx_word' id='word_1_143' title='bbox 1085 1047 1335 1096; x_wconf 87' lang='lat' dir='ltr'>inimicitiis,</span> <span class='ocrx_word' id='word_1_144' title='bbox 1363 1048 1520 1089; x_wconf 89' lang='lat' dir='ltr'>oblitus</span> <span class='ocrx_word' id='word_1_145' title='bbox 1542 1047 1750 1104; x_wconf 87' lang='lat' dir='ltr'>auspicia,</span> 
     </span>
     <span class='ocr_line' id='line_1_17' title="bbox 181 1101 1750 1161; baseline 0.003 -19"><span class='ocrx_word' id='word_1_146' title='bbox 181 1101 223 1154; x_wconf 69' lang='lat' dir='ltr'>[a</span> <span class='ocrx_word' id='word_1_147' title='bbox 246 1108 287 1143; x_wconf 90' lang='lat' dir='ltr'>te</span> <span class='ocrx_word' id='word_1_148' title='bbox 308 1103 402 1159; x_wconf 92' lang='lat' dir='ltr'>ipso</span> <span class='ocrx_word' id='word_1_149' title='bbox 423 1119 582 1161; x_wconf 79' lang='lat' dir='ltr'>augure</span> <span class='ocrx_word' id='word_1_150' title='bbox 606 1105 834 1158; x_wconf 89' lang='lat' dir='ltr'>nuntiata,]</span> <span class='ocrx_word' id='word_1_151' title='bbox 855 1103 930 1145; x_wconf 88' lang='lat' dir='ltr'>illo</span> <span class='ocrx_word' id='word_1_152' title='bbox 952 1102 1132 1160; x_wconf 74' lang='lat' dir='ltr'>primum</span> <span class='ocrx_word' id='word_1_153' title='bbox 1154 1102 1222 1144; x_wconf 91' lang='lat' dir='ltr'>die</span> <span class='ocrx_word' id='word_1_154' title='bbox 1244 1104 1457 1160; x_wconf 82' lang='lat' dir='ltr'>collegam</span> <span class='ocrx_word' id='word_1_155' title='bbox 1470 1104 1547 1144; x_wconf 90' lang='lat' dir='ltr'>tibi</span> <span class='ocrx_word' id='word_1_156' title='bbox 1563 1118 1657 1146; x_wconf 88' lang='lat' dir='ltr'>esse</span> <span class='ocrx_word' id='word_1_157' title='bbox 1680 1119 1750 1146; x_wconf 82' lang='lat' dir='ltr'>vo-</span> 
     </span>
     <span class='ocr_line' id='line_1_18' title="bbox 178 1158 1747 1217; baseline 0.003 -19"><span class='ocrx_word' id='word_1_158' title='bbox 178 1158 321 1201; x_wconf 87' lang='lat' dir='ltr'>luisti:</span> <span class='ocrx_word' id='word_1_159' title='bbox 367 1167 466 1202; x_wconf 86' lang='lat' dir='ltr'>tuus</span> <span class='ocrx_word' id='word_1_160' title='bbox 501 1161 697 1216; x_wconf 90' lang='lat' dir='ltr'>parvulus</span> <span class='ocrx_word' id='word_1_161' title='bbox 737 1160 866 1209; x_wconf 89' lang='lat' dir='ltr'>filius,</span> <span class='ocrx_word' id='word_1_162' title='bbox 907 1160 951 1201; x_wconf 90' lang='lat' dir='ltr'>in</span> <span class='ocrx_word' id='word_1_163' title='bbox 987 1160 1249 1216; x_wconf 89' lang='lat' dir='ltr'>Capitolium</span> <span class='ocrx_word' id='word_1_164' title='bbox 1287 1159 1312 1201; x_wconf 73' lang='lat' dir='ltr'>a</span> <span class='ocrx_word' id='word_1_165' title='bbox 1341 1167 1383 1202; x_wconf 92' lang='lat' dir='ltr'>te</span> <span class='ocrx_word' id='word_1_166' title='bbox 1414 1160 1583 1211; x_wconf 87' lang='lat' dir='ltr'>missus,</span> <span class='ocrx_word' id='word_1_167' title='bbox 1629 1161 1747 1217; x_wconf 90' lang='lat' dir='ltr'>pacis</span> 
     </span>
     <span class='ocr_line' id='line_1_19' title="bbox 179 1215 1747 1274; baseline 0.003 -19"><span class='ocrx_word' id='word_1_168' title='bbox 179 1215 304 1257; x_wconf 91' lang='lat' dir='ltr'>obses</span> <span class='ocrx_word' id='word_1_169' title='bbox 325 1217 420 1258; x_wconf 86' lang='lat' dir='ltr'>fuit.</span> <span class='ocrx_word' id='word_1_170' title='bbox 482 1218 580 1265; x_wconf 84' lang='lat' dir='ltr'>Quo</span> <span class='ocrx_word' id='word_1_171' title='bbox 597 1224 771 1259; x_wconf 88' lang='lat' dir='ltr'>senatus</span> <span class='ocrx_word' id='word_1_172' title='bbox 793 1217 861 1259; x_wconf 92' lang='lat' dir='ltr'>die</span> <span class='ocrx_word' id='word_1_173' title='bbox 881 1217 1043 1258; x_wconf 80' lang='lat' dir='ltr'>laetior?</span> <span class='ocrx_word' id='word_1_174' title='bbox 1075 1231 1160 1273; x_wconf 93' lang='lat' dir='ltr'>quo</span> <span class='ocrx_word' id='word_1_175' title='bbox 1191 1217 1376 1273; x_wconf 89' lang='lat' dir='ltr'>populus</span> <span class='ocrx_word' id='word_1_176' title='bbox 1394 1216 1640 1259; x_wconf 75' lang='lat' dir='ltr'>Romanus?</span> <span class='ocrx_word' id='word_1_177' title='bbox 1672 1218 1747 1274; x_wconf 90' lang='lat' dir='ltr'>qui</span> 
     </span>
     <span class='ocr_line' id='line_1_20' title="bbox 99 1271 1746 1330; baseline 0.002 -19"><span class='ocrx_word' id='word_1_178' title='bbox 99 1271 158 1312; x_wconf 88' lang='lat'>55</span> <span class='ocrx_word' id='word_1_179' title='bbox 177 1273 352 1328; x_wconf 89' lang='lat' dir='ltr'>quidem</span> <span class='ocrx_word' id='word_1_180' title='bbox 390 1275 507 1315; x_wconf 65' lang='lat' dir='ltr'>nulla</span> <span class='ocrx_word' id='word_1_181' title='bbox 544 1275 589 1315; x_wconf 91' lang='lat' dir='ltr'>in</span> <span class='ocrx_word' id='word_1_182' title='bbox 633 1275 840 1316; x_wconf 89' lang='lat' dir='ltr'>concione</span> <span class='ocrx_word' id='word_1_183' title='bbox 883 1288 1072 1330; x_wconf 89' lang='lat' dir='ltr'>unquam</span> <span class='ocrx_word' id='word_1_184' title='bbox 1124 1273 1385 1329; x_wconf 84' lang='lat' dir='ltr'>frequentior</span> <span class='ocrx_word' id='word_1_185' title='bbox 1434 1274 1528 1316; x_wconf 87' lang='lat' dir='ltr'>fuit.</span> <span class='ocrx_word' id='word_1_186' title='bbox 1607 1273 1746 1316; x_wconf 90' lang='lat' dir='ltr'>Deni-</span> 
     </span>
     <span class='ocr_line' id='line_1_21' title="bbox 175 1330 1743 1387; baseline 0.003 -17"><span class='ocrx_word' id='word_1_187' title='bbox 175 1344 257 1384; x_wconf 91' lang='lat' dir='ltr'>que</span> <span class='ocrx_word' id='word_1_188' title='bbox 288 1330 454 1372; x_wconf 86' lang='lat' dir='ltr'>liberati</span> <span class='ocrx_word' id='word_1_189' title='bbox 486 1347 560 1387; x_wconf 87' lang='lat' dir='ltr'>pei·</span> <span class='ocrx_word' id='word_1_190' title='bbox 589 1331 702 1372; x_wconf 81' lang='lat' dir='ltr'>viros</span> <span class='ocrx_word' id='word_1_191' title='bbox 733 1331 988 1372; x_wconf 88' lang='lat' dir='ltr'>fortissimos</span> <span class='ocrx_word' id='word_1_192' title='bbox 1018 1330 1292 1381; x_wconf 79' lang='lat' dir='ltr'>videbamur3</span> <span class='ocrx_word' id='word_1_193' title='bbox 1333 1330 1447 1387; x_wconf 86' lang='lat' dir='ltr'>quia,</span> <span class='ocrx_word' id='word_1_194' title='bbox 1489 1338 1538 1373; x_wconf 89' lang='lat' dir='ltr'>ut</span> <span class='ocrx_word' id='word_1_195' title='bbox 1569 1330 1632 1372; x_wconf 92' lang='lat' dir='ltr'>illi</span> <span class='ocrx_word' id='word_1_196' title='bbox 1671 1346 1743 1374; x_wconf 89' lang='lat' dir='ltr'>vo-</span> 
     </span>
     <span class='ocr_line' id='line_1_22' title="bbox 172 1386 1740 1445; baseline 0.003 -19"><span class='ocrx_word' id='word_1_197' title='bbox 172 1386 353 1438; x_wconf 88' lang='lat' dir='ltr'>luerant,</span> <span class='ocrx_word' id='word_1_198' title='bbox 374 1388 616 1429; x_wconf 88' lang='lat' dir='ltr'>libertatem</span> <span class='ocrx_word' id='word_1_199' title='bbox 638 1403 722 1445; x_wconf 83' lang='lat' dir='ltr'>pax</span> <span class='ocrx_word' id='word_1_200' title='bbox 743 1388 1097 1444; x_wconf 86' lang='lat' dir='ltr'>consequebatur.</span> <span class='ocrx_word' id='word_1_201' title='bbox 1159 1387 1376 1435; x_wconf 83' lang='lat' dir='ltr'>Proximo,</span> <span class='ocrx_word' id='word_1_202' title='bbox 1398 1388 1546 1439; x_wconf 90' lang='lat' dir='ltr'>altero,</span> <span class='ocrx_word' id='word_1_203' title='bbox 1568 1389 1740 1445; x_wconf 90' lang='lat' dir='ltr'>reliquis</span> 
     </span>
     <span class='ocr_line' id='line_1_23' title="bbox 172 1444 1742 1502; baseline 0.003 -19"><span class='ocrx_word' id='word_1_204' title='bbox 172 1444 415 1486; x_wconf 86' lang='lat' dir='ltr'>consecutis</span> <span class='ocrx_word' id='word_1_205' title='bbox 465 1446 630 1494; x_wconf 88' lang='lat' dir='ltr'>diebus,</span> <span class='ocrx_word' id='word_1_206' title='bbox 680 1460 763 1486; x_wconf 90' lang='lat' dir='ltr'>non</span> <span class='ocrx_word' id='word_1_207' title='bbox 813 1444 1125 1486; x_wconf 84' lang='lat' dir='ltr'>intermittebas</span> <span class='ocrx_word' id='word_1_208' title='bbox 1174 1444 1297 1500; x_wconf 88' lang='lat' dir='ltr'>quasi</span> <span class='ocrx_word' id='word_1_209' title='bbox 1356 1445 1515 1486; x_wconf 90' lang='lat' dir='ltr'>donum</span> <span class='ocrx_word' id='word_1_210' title='bbox 1563 1445 1742 1502; x_wconf 86' lang='lat' dir='ltr'>aliquod</span> 
     </span>
     <span class='ocr_line' id='line_1_24' title="bbox 171 1500 1740 1558; baseline 0.001 -17"><span class='ocrx_word' id='word_1_211' title='bbox 171 1500 362 1554; x_wconf 71' lang='lat' dir='ltr'>quotidie</span> <span class='ocrx_word' id='word_1_212' title='bbox 414 1501 561 1543; x_wconf 84' lang='lat' dir='ltr'>afferre</span> <span class='ocrx_word' id='word_1_213' title='bbox 610 1502 886 1558; x_wconf 82' lang='lat' dir='ltr'>reipublicae3</span> <span class='ocrx_word' id='word_1_214' title='bbox 946 1502 1180 1542; x_wconf 79' lang='lat' dir='ltr'>maximum</span> <span class='ocrx_word' id='word_1_215' title='bbox 1239 1508 1383 1542; x_wconf 88' lang='lat' dir='ltr'>autem</span> <span class='ocrx_word' id='word_1_216' title='bbox 1442 1501 1563 1551; x_wconf 89' lang='lat' dir='ltr'>illud,</span> <span class='ocrx_word' id='word_1_217' title='bbox 1624 1501 1740 1558; x_wconf 75' lang='lat' dir='ltr'>quod</span> 
     </span>
     <span class='ocr_line' id='line_1_25' title="bbox 93 1555 1737 1609; baseline 0.002 -13"><span class='ocrx_word' id='word_1_218' title='bbox 93 1556 148 1597; x_wconf 91' lang='lat'>60</span> <span class='ocrx_word' id='word_1_219' title='bbox 170 1555 407 1599; x_wconf 82' lang='lat' dir='ltr'>Dictaturae</span> <span class='ocrx_word' id='word_1_220' title='bbox 449 1574 604 1600; x_wconf 85' lang='lat' dir='ltr'>nomen</span> <span class='ocrx_word' id='word_1_221' title='bbox 636 1558 860 1600; x_wconf 84' lang='lat' dir='ltr'>sustulisti.</span> <span class='ocrx_word' id='word_1_222' title='bbox 922 1558 1029 1599; x_wconf 80' lang='lat' dir='ltr'>Haec</span> <span class='ocrx_word' id='word_1_223' title='bbox 1069 1558 1239 1598; x_wconf 85' lang='lat' dir='ltr'>dinusta</span> <span class='ocrx_word' id='word_1_224' title='bbox 1281 1565 1347 1599; x_wconf 89' lang='lat' dir='ltr'>est</span> <span class='ocrx_word' id='word_1_225' title='bbox 1377 1557 1404 1598; x_wconf 69' lang='lat' dir='ltr'>a.</span> <span class='ocrx_word' id='word_1_226' title='bbox 1438 1564 1494 1609; x_wconf 90' lang='lat' dir='ltr'>te,</span> <span class='ocrx_word' id='word_1_227' title='bbox 1527 1559 1552 1598; x_wconf 72' lang='lat' dir='ltr'>a</span> <span class='ocrx_word' id='word_1_228' title='bbox 1582 1564 1642 1609; x_wconf 91' lang='lat' dir='ltr'>te,</span> <span class='ocrx_word' id='word_1_229' title='bbox 1673 1560 1737 1600; x_wconf 90' lang='lat' dir='ltr'>in-</span> 
     </span>
     <span class='ocr_line' id='line_1_26' title="bbox 164 1614 1732 1671; baseline 0.001 -17"><span class='ocrx_word' id='word_1_230' title='bbox 164 1628 309 1668; x_wconf 85' lang='lat' dir='ltr'>quam,</span> <span class='ocrx_word' id='word_1_231' title='bbox 369 1623 538 1657; x_wconf 87' lang='lat' dir='ltr'>mortuo</span> <span class='ocrx_word' id='word_1_232' title='bbox 590 1615 749 1657; x_wconf 80' lang='lat' dir='ltr'>Caesari</span> <span class='ocrx_word' id='word_1_233' title='bbox 808 1622 913 1657; x_wconf 83' lang='lat' dir='ltr'>nota</span> <span class='ocrx_word' id='word_1_234' title='bbox 964 1615 1018 1656; x_wconf 86' lang='lat' dir='ltr'>ad</span> <span class='ocrx_word' id='word_1_235' title='bbox 1078 1614 1357 1670; x_wconf 79' lang='lat' dir='ltr'>ignominiam</span> <span class='ocrx_word' id='word_1_236' title='bbox 1416 1615 1732 1671; x_wconf 85' lang='lat' dir='ltr'>sempiternam.</span> 
     </span>
     <span class='ocr_line' id='line_1_27' title="bbox 165 1669 1733 1729; baseline 0.002 -19"><span class='ocrx_word' id='word_1_237' title='bbox 165 1669 225 1711; x_wconf 92' lang='lat' dir='ltr'>Ut</span> <span class='ocrx_word' id='word_1_238' title='bbox 273 1671 401 1724; x_wconf 88' lang='lat' dir='ltr'>enim,</span> <span class='ocrx_word' id='word_1_239' title='bbox 450 1679 623 1729; x_wconf 87' lang='lat' dir='ltr'>propter</span> <span class='ocrx_word' id='word_1_240' title='bbox 670 1672 797 1714; x_wconf 88' lang='lat' dir='ltr'>unius</span> <span class='ocrx_word' id='word_1_241' title='bbox 847 1672 909 1714; x_wconf 89' lang='lat' dir='ltr'>M.</span> <span class='ocrx_word' id='word_1_242' title='bbox 962 1671 1115 1713; x_wconf 85' lang='lat' dir='ltr'>Manlii</span> <span class='ocrx_word' id='word_1_243' title='bbox 1164 1672 1321 1723; x_wconf 87' lang='lat' dir='ltr'>scelus,</span> <span class='ocrx_word' id='word_1_244' title='bbox 1372 1672 1543 1714; x_wconf 89' lang='lat' dir='ltr'>decreto</span> <span class='ocrx_word' id='word_1_245' title='bbox 1593 1671 1733 1729; x_wconf 87' lang='lat' dir='ltr'>gentis</span> 
     </span>
    </p>
   </div>
   <div class='ocr_carea' id='block_1_3' title="bbox 530 1793 1362 1849">
    <p class='ocr_par' dir='ltr' id='par_1_3' title="bbox 530 1793 1362 1849">
     <span class='ocr_line' id='line_1_28' title="bbox 530 1793 1362 1849; baseline 0 -13"><span class='ocrx_word' id='word_1_246' title='bbox 530 1802 735 1836; x_wconf 56' lang='lat' dir='ltr'>‘suasore</span> <span class='ocrx_word' id='word_1_247' title='bbox 1120 1793 1362 1849; x_wconf 74' lang='lat' dir='ltr'>dimpressa.</span> 
     </span>
    </p>
   </div>
   <div class='ocr_carea' id='block_1_4' title="bbox 202 1950 1731 1993">
    <p class='ocr_par' dir='ltr' id='par_1_4' title="bbox 202 1950 1731 1993">
     <span class='ocr_line' id='line_1_29' title="bbox 202 1950 1731 1993; baseline 0 -11"><span class='ocrx_word' id='word_1_248' title='bbox 202 1954 254 1982; x_wconf 82' lang='lat'>41.</span> <span class='ocrx_word' id='word_1_249' title='bbox 280 1952 448 1984; x_wconf 77' lang='lat' dir='ltr'>Consensum</span> <span class='ocrx_word' id='word_1_250' title='bbox 464 1953 547 1983; x_wconf 80' lang='lat' dir='ltr'>illum</span> <span class='ocrx_word' id='word_1_251' title='bbox 561 1952 694 1993; x_wconf 66' lang='lat' dir='ltr'>theatri]</span> <span class='ocrx_word' id='word_1_252' title='bbox 742 1951 833 1985; x_wconf 75' lang='lat' dir='ltr'>Cum,</span> <span class='ocrx_word' id='word_1_253' title='bbox 849 1956 920 1991; x_wconf 79' lang='lat' dir='ltr'>post</span> <span class='ocrx_word' id='word_1_254' title='bbox 1007 1952 1061 1983; x_wconf 86' lang='lat'>50.</span> <span class='ocrx_word' id='word_1_255' title='bbox 1087 1950 1207 1985; x_wconf 66' lang='lat' dir='ltr'>Quanto</span> <span class='ocrx_word' id='word_1_256' title='bbox 1221 1956 1299 1982; x_wconf 77' lang='lat' dir='ltr'>metu</span> <span class='ocrx_word' id='word_1_257' title='bbox 1314 1952 1470 1992; x_wconf 56' lang='lat' dir='ltr'>remman]</span> <span class='ocrx_word' id='word_1_258' title='bbox 1526 1950 1628 1982; x_wconf 67' lang='lat' dir='ltr'>Unice</span> <span class='ocrx_word' id='word_1_259' title='bbox 1644 1956 1731 1982; x_wconf 81' lang='lat' dir='ltr'>vele-</span> 
     </span>
    </p>
   </div>
   <div class='ocr_carea' id='block_1_5' title="bbox 151 1993 1726 2334">
    <p class='ocr_par' dir='ltr' id='par_1_5' title="bbox 151 1993 1726 2334">
     <span class='ocr_line' id='line_1_30' title="bbox 157 1993 1726 2035; baseline -0.001 -9"><span class='ocrx_word' id='word_1_260' title='bbox 157 1995 313 2035; x_wconf 76' lang='lat' dir='ltr'>dejectam</span> <span class='ocrx_word' id='word_1_261' title='bbox 329 2007 410 2026; x_wconf 85' lang='lat' dir='ltr'>aram</span> <span class='ocrx_word' id='word_1_262' title='bbox 427 2002 459 2026; x_wconf 86' lang='lat' dir='ltr'>et</span> <span class='ocrx_word' id='word_1_263' title='bbox 473 1996 647 2026; x_wconf 87' lang='lat' dir='ltr'>columnam</span> <span class='ocrx_word' id='word_1_264' title='bbox 659 2006 809 2032; x_wconf 84' lang='lat' dir='ltr'>eversam,</span> <span class='ocrx_word' id='word_1_265' title='bbox 822 1994 920 2024; x_wconf 78' lang='lat' dir='ltr'>Dola·</span> <span class='ocrx_word' id='word_1_266' title='bbox 961 1994 1039 2030; x_wconf 84' lang='lat' dir='ltr'>rani,</span> <span class='ocrx_word' id='word_1_267' title='bbox 1062 2005 1101 2024; x_wconf 89' lang='lat' dir='ltr'>ne</span> <span class='ocrx_word' id='word_1_268' title='bbox 1119 1993 1249 2024; x_wconf 78' lang='lat' dir='ltr'>Caesaris</span> <span class='ocrx_word' id='word_1_269' title='bbox 1265 2000 1334 2025; x_wconf 80' lang='lat' dir='ltr'>acta</span> <span class='ocrx_word' id='word_1_270' title='bbox 1354 1995 1612 2029; x_wconf 78' lang='lat' dir='ltr'>rescinderentur,</span> <span class='ocrx_word' id='word_1_271' title='bbox 1635 1994 1726 2025; x_wconf 78' lang='lat' dir='ltr'>time-</span> 
     </span>
     <span class='ocr_line' id='line_1_31' title="bbox 156 2036 1725 2079; baseline -0.001 -10"><span class='ocrx_word' id='word_1_272' title='bbox 156 2039 237 2069; x_wconf 86' lang='lat' dir='ltr'>bella</span> <span class='ocrx_word' id='word_1_273' title='bbox 261 2039 398 2069; x_wconf 77' lang='lat' dir='ltr'>venisset</span> <span class='ocrx_word' id='word_1_274' title='bbox 421 2039 459 2069; x_wconf 87' lang='lat' dir='ltr'>ad</span> <span class='ocrx_word' id='word_1_275' title='bbox 486 2040 649 2074; x_wconf 75' lang='lat' dir='ltr'>theatrum,</span> <span class='ocrx_word' id='word_1_276' title='bbox 674 2039 703 2068; x_wconf 85' lang='lat' dir='ltr'>ei</span> <span class='ocrx_word' id='word_1_277' title='bbox 732 2038 857 2079; x_wconf 75' lang='lat' dir='ltr'>plausus</span> <span class='ocrx_word' id='word_1_278' title='bbox 881 2038 919 2067; x_wconf 92' lang='lat' dir='ltr'>ab</span> <span class='ocrx_word' id='word_1_279' title='bbox 962 2038 1049 2075; x_wconf 87' lang='lat' dir='ltr'>bant,</span> <span class='ocrx_word' id='word_1_280' title='bbox 1073 2037 1146 2077; x_wconf 84' lang='lat' dir='ltr'>quia</span> <span class='ocrx_word' id='word_1_281' title='bbox 1160 2037 1192 2066; x_wconf 88' lang='lat' dir='ltr'>in</span> <span class='ocrx_word' id='word_1_282' title='bbox 1207 2037 1245 2067; x_wconf 81' lang='lat' dir='ltr'>iis</span> <span class='ocrx_word' id='word_1_283' title='bbox 1260 2037 1450 2067; x_wconf 80' lang='lat' dir='ltr'>conferenda</span> <span class='ocrx_word' id='word_1_284' title='bbox 1468 2036 1501 2066; x_wconf 87' lang='lat' dir='ltr'>in</span> <span class='ocrx_word' id='word_1_285' title='bbox 1520 2037 1605 2078; x_wconf 83' lang='lat' dir='ltr'>ipsos</span> <span class='ocrx_word' id='word_1_286' title='bbox 1631 2037 1725 2068; x_wconf 87' lang='lat' dir='ltr'>bene-</span> 
     </span>
     <span class='ocr_line' id='line_1_32' title="bbox 156 2080 1295 2112; baseline -0.001 -1"><span class='ocrx_word' id='word_1_287' title='bbox 156 2082 296 2112; x_wconf 86' lang='lat' dir='ltr'>omnibus</span> <span class='ocrx_word' id='word_1_288' title='bbox 313 2083 403 2112; x_wconf 81' lang='lat' dir='ltr'>datus</span> <span class='ocrx_word' id='word_1_289' title='bbox 418 2088 474 2112; x_wconf 81' lang='lat' dir='ltr'>est.</span> <span class='ocrx_word' id='word_1_290' title='bbox 961 2080 1031 2111; x_wconf 82' lang='lat' dir='ltr'>ficia</span> <span class='ocrx_word' id='word_1_291' title='bbox 1046 2080 1295 2110; x_wconf 81' lang='lat' dir='ltr'>continebantur.</span> 
     </span>
     <span class='ocr_line' id='line_1_33' title="bbox 198 2122 1260 2164; baseline -0.003 -9"><span class='ocrx_word' id='word_1_292' title='bbox 198 2128 250 2156; x_wconf 72' lang='lat'>4⁶2.</span> <span class='ocrx_word' id='word_1_293' title='bbox 279 2124 392 2155; x_wconf 76' lang='lat' dir='ltr'>Earum</span> <span class='ocrx_word' id='word_1_294' title='bbox 417 2136 514 2155; x_wconf 74' lang='lat' dir='ltr'>rerum</span> <span class='ocrx_word' id='word_1_295' title='bbox 540 2124 647 2164; x_wconf 63' lang='lat' dir='ltr'>obliti]</span> <span class='ocrx_word' id='word_1_296' title='bbox 705 2124 822 2154; x_wconf 80' lang='lat' dir='ltr'>Omnes</span> <span class='ocrx_word' id='word_1_297' title='bbox 851 2124 915 2154; x_wconf 70' lang='lat' dir='ltr'>fere</span> <span class='ocrx_word' id='word_1_298' title='bbox 1004 2124 1057 2152; x_wconf 67' lang='lat'>552.</span> <span class='ocrx_word' id='word_1_299' title='bbox 1090 2122 1260 2163; x_wconf 83' lang='lat' dir='ltr'>Collegam.]</span> 
     </span>
     <span class='ocr_line' id='line_1_34' title="bbox 154 2164 1722 2208; baseline -0.001 -11"><span class='ocrx_word' id='word_1_300' title='bbox 154 2167 325 2198; x_wconf 75' lang='lat' dir='ltr'>offenderat</span> <span class='ocrx_word' id='word_1_301' title='bbox 342 2167 508 2198; x_wconf 83' lang='lat' dir='ltr'>Dolabella</span> <span class='ocrx_word' id='word_1_302' title='bbox 524 2173 649 2208; x_wconf 77' lang='lat' dir='ltr'>propter</span> <span class='ocrx_word' id='word_1_303' title='bbox 665 2167 851 2197; x_wconf 85' lang='lat' dir='ltr'>tribunatum</span> <span class='ocrx_word' id='word_1_304' title='bbox 867 2177 915 2197; x_wconf 91' lang='lat' dir='ltr'>se·</span> <span class='ocrx_word' id='word_1_305' title='bbox 959 2164 1102 2200; x_wconf 84' lang='lat' dir='ltr'>Parthos,</span> <span class='ocrx_word' id='word_1_306' title='bbox 1125 2166 1310 2196; x_wconf 79' lang='lat' dir='ltr'>substituere</span> <span class='ocrx_word' id='word_1_307' title='bbox 1325 2165 1384 2195; x_wconf 88' lang='lat' dir='ltr'>sibi</span> <span class='ocrx_word' id='word_1_308' title='bbox 1397 2165 1553 2196; x_wconf 83' lang='lat' dir='ltr'>consulem</span> <span class='ocrx_word' id='word_1_309' title='bbox 1570 2165 1722 2196; x_wconf 86' lang='lat' dir='ltr'>Dolabel-</span> 
     </span>
     <span class='ocr_line' id='line_1_35' title="bbox 153 2207 1719 2252; baseline 0 -13"><span class='ocrx_word' id='word_1_310' title='bbox 153 2210 264 2241; x_wconf 76' lang='lat' dir='ltr'>ditiose</span> <span class='ocrx_word' id='word_1_311' title='bbox 292 2216 432 2252; x_wconf 75' lang='lat' dir='ltr'>gestum3</span> <span class='ocrx_word' id='word_1_312' title='bbox 460 2221 530 2240; x_wconf 84' lang='lat' dir='ltr'>nam</span> <span class='ocrx_word' id='word_1_313' title='bbox 563 2210 772 2250; x_wconf 75' lang='lat' dir='ltr'>promulgarat</span> <span class='ocrx_word' id='word_1_314' title='bbox 799 2210 912 2250; x_wconf 86' lang='lat' dir='ltr'>legem,</span> <span class='ocrx_word' id='word_1_315' title='bbox 957 2208 1019 2238; x_wconf 89' lang='lat' dir='ltr'>lam</span> <span class='ocrx_word' id='word_1_316' title='bbox 1046 2209 1159 2238; x_wconf 70' lang='lat' dir='ltr'>voluit:</span> <span class='ocrx_word' id='word_1_317' title='bbox 1195 2207 1388 2238; x_wconf 82' lang='lat' dir='ltr'>obnuntiavit</span> <span class='ocrx_word' id='word_1_318' title='bbox 1413 2207 1583 2246; x_wconf 84' lang='lat' dir='ltr'>Antonius,</span> <span class='ocrx_word' id='word_1_319' title='bbox 1620 2210 1719 2250; x_wconf 81' lang='lat' dir='ltr'>captis</span> 
     </span>
     <span class='ocr_line' id='line_1_36' title="bbox 152 2250 1718 2294; baseline -0.001 -10"><span class='ocrx_word' id='word_1_320' title='bbox 152 2254 211 2294; x_wconf 65' lang='lat' dir='ltr'>qua</span> <span class='ocrx_word' id='word_1_321' title='bbox 229 2265 319 2284; x_wconf 81' lang='lat' dir='ltr'>omne</span> <span class='ocrx_word' id='word_1_322' title='bbox 335 2259 525 2284; x_wconf 81' lang='lat' dir='ltr'>contractum</span> <span class='ocrx_word' id='word_1_323' title='bbox 539 2264 580 2283; x_wconf 82' lang='lat' dir='ltr'>aes</span> <span class='ocrx_word' id='word_1_324' title='bbox 592 2253 726 2283; x_wconf 81' lang='lat' dir='ltr'>alienum</span> <span class='ocrx_word' id='word_1_325' title='bbox 737 2253 818 2282; x_wconf 84' lang='lat' dir='ltr'>inter</span> <span class='ocrx_word' id='word_1_326' title='bbox 828 2253 912 2283; x_wconf 85' lang='lat' dir='ltr'>cives</span> <span class='ocrx_word' id='word_1_327' title='bbox 957 2252 1102 2292; x_wconf 81' lang='lat' dir='ltr'>auguriis.</span> <span class='ocrx_word' id='word_1_328' title='bbox 1124 2251 1179 2286; x_wconf 86' lang='lat' dir='ltr'>At,</span> <span class='ocrx_word' id='word_1_329' title='bbox 1195 2251 1360 2281; x_wconf 80' lang='lat' dir='ltr'>interfecto</span> <span class='ocrx_word' id='word_1_330' title='bbox 1372 2250 1474 2280; x_wconf 83' lang='lat' dir='ltr'>statim</span> <span class='ocrx_word' id='word_1_331' title='bbox 1487 2251 1620 2286; x_wconf 81' lang='lat' dir='ltr'>Caesare,</span> <span class='ocrx_word' id='word_1_332' title='bbox 1632 2263 1718 2282; x_wconf 76' lang='lat' dir='ltr'>euni-</span> 
     </span>
     <span class='ocr_line' id='line_1_37' title="bbox 151 2293 1717 2334; baseline 0 -8"><span class='ocrx_word' id='word_1_333' title='bbox 151 2297 372 2327; x_wconf 75' lang='lat' dir='ltr'>remittebatur.</span> <span class='ocrx_word' id='word_1_334' title='bbox 418 2297 510 2327; x_wconf 90' lang='lat' dir='ltr'>Hanc</span> <span class='ocrx_word' id='word_1_335' title='bbox 527 2295 597 2326; x_wconf 63' lang='lat' dir='ltr'>ver&amp;</span> <span class='ocrx_word' id='word_1_336' title='bbox 613 2296 832 2331; x_wconf 80' lang='lat' dir='ltr'>offensionem,</span> <span class='ocrx_word' id='word_1_337' title='bbox 855 2296 910 2326; x_wconf 89' lang='lat' dir='ltr'>de·</span> <span class='ocrx_word' id='word_1_338' title='bbox 955 2295 1026 2324; x_wconf 86' lang='lat' dir='ltr'>dem</span> <span class='ocrx_word' id='word_1_339' title='bbox 1053 2294 1111 2324; x_wconf 74' lang='lat' dir='ltr'>sibi</span> <span class='ocrx_word' id='word_1_340' title='bbox 1127 2294 1325 2324; x_wconf 80' lang='lat' dir='ltr'>Dolabellam</span> <span class='ocrx_word' id='word_1_341' title='bbox 1340 2293 1503 2334; x_wconf 84' lang='lat' dir='ltr'>collegam,</span> <span class='ocrx_word' id='word_1_342' title='bbox 1528 2294 1640 2325; x_wconf 86' lang='lat' dir='ltr'>oblitus</span> <span class='ocrx_word' id='word_1_343' title='bbox 1663 2306 1717 2326; x_wconf 90' lang='lat' dir='ltr'>au-</span> 
     </span>
    </p>
   </div>
   <div class='ocr_carea' id='block_1_6' title="bbox 149 2336 1715 2424">
    <p class='ocr_par' dir='ltr' id='par_1_6' title="bbox 149 2336 1715 2424">
     <span class='ocr_line' id='line_1_38' title="bbox 149 2336 1288 2378; baseline 0 -10"><span class='ocrx_word' id='word_1_344' title='bbox 149 2341 262 2370; x_wconf 68' lang='lat' dir='ltr'>structa</span> <span class='ocrx_word' id='word_1_345' title='bbox 278 2340 330 2370; x_wconf 63' lang='lat' dir='ltr'>illis</span> <span class='ocrx_word' id='word_1_346' title='bbox 346 2340 503 2370; x_wconf 73' lang='lat' dir='ltr'>exsecrata</span> <span class='ocrx_word' id='word_1_347' title='bbox 518 2339 673 2375; x_wconf 58' lang='lat' dir='ltr'>columna,</span> <span class='ocrx_word' id='word_1_348' title='bbox 698 2339 845 2369; x_wconf 81' lang='lat' dir='ltr'>abolevit.</span> <span class='ocrx_word' id='word_1_349' title='bbox 954 2336 1132 2378; x_wconf 86' lang='lat' dir='ltr'>spiciorum,</span> <span class='ocrx_word' id='word_1_350' title='bbox 1154 2338 1288 2378; x_wconf 85' lang='lat' dir='ltr'>accepit.</span> 
     </span>
     <span class='ocr_line' id='line_1_39' title="bbox 192 2379 1715 2424; baseline -0.001 -12"><span class='ocrx_word' id='word_1_351' title='bbox 192 2385 246 2412; x_wconf 77' lang='lat'>47.</span> <span class='ocrx_word' id='word_1_352' title='bbox 270 2383 307 2412; x_wconf 85' lang='lat' dir='ltr'>In</span> <span class='ocrx_word' id='word_1_353' title='bbox 320 2382 516 2413; x_wconf 25' lang='lat' dir='ltr'>aderTelluris</span> <span class='ocrx_word' id='word_1_354' title='bbox 530 2381 746 2424; x_wconf 69' lang='lat' dir='ltr'>senatzrsjirit.]</span> <span class='ocrx_word' id='word_1_355' title='bbox 805 2381 909 2412; x_wconf 87' lang='lat' dir='ltr'>Tertio</span> <span class='ocrx_word' id='word_1_356' title='bbox 997 2383 1050 2413; x_wconf 75' lang='lat'>54.</span> <span class='ocrx_word' id='word_1_357' title='bbox 1077 2380 1260 2422; x_wconf 75' lang='lat' dir='ltr'>Obsesfuz&#39;t.]</span> <span class='ocrx_word' id='word_1_358' title='bbox 1288 2379 1339 2411; x_wconf 90' lang='lat' dir='ltr'>De</span> <span class='ocrx_word' id='word_1_359' title='bbox 1354 2381 1413 2410; x_wconf 89' lang='lat' dir='ltr'>hoc</span> <span class='ocrx_word' id='word_1_360' title='bbox 1424 2380 1577 2421; x_wconf 72' lang='lat' dir='ltr'>superius,</span> <span class='ocrx_word' id='word_1_361' title='bbox 1592 2391 1715 2421; x_wconf 86' lang='lat' dir='ltr'>paragr.</span> 
     </span>
    </p>
   </div>
   <div class='ocr_carea' id='block_1_7' title="bbox 146 2423 1713 2507">
    <p class='ocr_par' dir='ltr' id='par_1_7' title="bbox 146 2423 1713 2507">
     <span class='ocr_line' id='line_1_40' title="bbox 146 2423 1228 2465; baseline 0.001 -11"><span class='ocrx_word' id='word_1_362' title='bbox 146 2431 218 2465; x_wconf 82' lang='lat' dir='ltr'>post</span> <span class='ocrx_word' id='word_1_363' title='bbox 243 2425 310 2456; x_wconf 81' lang='lat' dir='ltr'>Caii</span> <span class='ocrx_word' id='word_1_364' title='bbox 339 2426 469 2456; x_wconf 75' lang='lat' dir='ltr'>Caesaris</span> <span class='ocrx_word' id='word_1_365' title='bbox 496 2431 623 2456; x_wconf 86' lang='lat' dir='ltr'>mortem</span> <span class='ocrx_word' id='word_1_366' title='bbox 653 2425 717 2460; x_wconf 76' lang='lat' dir='ltr'>die,</span> <span class='ocrx_word' id='word_1_367' title='bbox 754 2423 909 2455; x_wconf 78' lang='lat' dir='ltr'>Antonius</span> <span class='ocrx_word' id='word_1_368' title='bbox 954 2428 984 2454; x_wconf 88' lang='grc'>1.</span> <span class='ocrx_word' id='word_1_369' title='bbox 1001 2429 1066 2455; x_wconf 80' lang='lat' dir='ltr'>not.</span> <span class='ocrx_word' id='word_1_370' title='bbox 1084 2424 1159 2455; x_wconf 81' lang='lat' dir='ltr'>adl.</span> <span class='ocrx_word' id='word_1_371' title='bbox 1176 2426 1228 2455; x_wconf 78' lang='lat'>13.</span> 
     </span>
     <span class='ocr_line' id='line_1_41' title="bbox 146 2465 1713 2507; baseline -0.001 -8"><span class='ocrx_word' id='word_1_372' title='bbox 146 2474 286 2499; x_wconf 84' lang='lat' dir='ltr'>senatum</span> <span class='ocrx_word' id='word_1_373' title='bbox 301 2469 332 2498; x_wconf 89' lang='lat' dir='ltr'>in</span> <span class='ocrx_word' id='word_1_374' title='bbox 344 2470 444 2498; x_wconf 59' lang='lat' dir='ltr'>tndem</span> <span class='ocrx_word' id='word_1_375' title='bbox 459 2468 588 2499; x_wconf 82' lang='lat' dir='ltr'>Telluris</span> <span class='ocrx_word' id='word_1_376' title='bbox 602 2467 793 2498; x_wconf 82' lang='lat' dir='ltr'>convocavit.</span> <span class='ocrx_word' id='word_1_377' title='bbox 990 2468 1043 2497; x_wconf 85' lang='lat'>56.</span> <span class='ocrx_word' id='word_1_378' title='bbox 1088 2467 1148 2497; x_wconf 89' lang='lat' dir='ltr'>Per</span> <span class='ocrx_word' id='word_1_379' title='bbox 1169 2469 1244 2498; x_wconf 77' lang='lat' dir='ltr'>viros</span> <span class='ocrx_word' id='word_1_380' title='bbox 1260 2465 1461 2507; x_wconf 58' lang='lat' dir='ltr'>santissimos]</span> <span class='ocrx_word' id='word_1_381' title='bbox 1520 2466 1650 2496; x_wconf 86' lang='lat' dir='ltr'>Brutum</span> <span class='ocrx_word' id='word_1_382' title='bbox 1681 2472 1713 2497; x_wconf 88' lang='lat' dir='ltr'>et</span> 
     </span>
    </p>
   </div>
   <div class='ocr_carea' id='block_1_8' title="bbox 187 2509 1710 2592">
    <p class='ocr_par' dir='ltr' id='par_1_8' title="bbox 187 2509 1710 2592">
     <span class='ocr_line' id='line_1_42' title="bbox 187 2509 1583 2551; baseline -0.001 -9"><span class='ocrx_word' id='word_1_383' title='bbox 187 2514 239 2542; x_wconf 89' lang='lat'>48.</span> <span class='ocrx_word' id='word_1_384' title='bbox 266 2511 403 2541; x_wconf 81' lang='lat' dir='ltr'>Omnibus</span> <span class='ocrx_word' id='word_1_385' title='bbox 418 2513 452 2541; x_wconf 73' lang='lat' dir='ltr'>iis</span> <span class='ocrx_word' id='word_1_386' title='bbox 465 2511 630 2551; x_wconf 65' lang='lat' dir='ltr'>mensibus]</span> <span class='ocrx_word' id='word_1_387' title='bbox 692 2510 800 2539; x_wconf 87' lang='lat' dir='ltr'>Idibus</span> <span class='ocrx_word' id='word_1_388' title='bbox 817 2509 903 2539; x_wconf 83' lang='lat' dir='ltr'>Mar·</span> <span class='ocrx_word' id='word_1_389' title='bbox 948 2509 1101 2544; x_wconf 81' lang='lat' dir='ltr'>Cassium,</span> <span class='ocrx_word' id='word_1_390' title='bbox 1117 2510 1169 2550; x_wconf 89' lang='lat' dir='ltr'>qui</span> <span class='ocrx_word' id='word_1_391' title='bbox 1185 2510 1337 2541; x_wconf 63' lang='lat' dir='ltr'>Caesarem</span> <span class='ocrx_word' id='word_1_392' title='bbox 1354 2509 1583 2540; x_wconf 83' lang='lat' dir='ltr'>interfecerunt.</span> 
     </span>
     <span class='ocr_line' id='line_1_43' title="bbox 991 2551 1710 2592; baseline 0 -10"><span class='ocrx_word' id='word_1_393' title='bbox 991 2555 1044 2582; x_wconf 76' lang='lat'>62.</span> <span class='ocrx_word' id='word_1_394' title='bbox 1067 2553 1177 2583; x_wconf 77' lang='lat' dir='ltr'>Manlii</span> <span class='ocrx_word' id='word_1_395' title='bbox 1192 2552 1307 2592; x_wconf 67' lang='lat' dir='ltr'>scelus]</span> <span class='ocrx_word' id='word_1_396' title='bbox 1353 2551 1405 2581; x_wconf 93' lang='lat' dir='ltr'>Ab</span> <span class='ocrx_word' id='word_1_397' title='bbox 1425 2552 1483 2582; x_wconf 88' lang='lat' dir='ltr'>hoc</span> <span class='ocrx_word' id='word_1_398' title='bbox 1506 2551 1628 2582; x_wconf 88' lang='lat' dir='ltr'>Manlio</span> <span class='ocrx_word' id='word_1_399' title='bbox 1654 2553 1710 2582; x_wconf 91' lang='lat' dir='ltr'>ob-</span> 
     </span>
    </p>
   </div>
   <div class='ocr_carea' id='block_1_9' title="bbox 1322 2122 1722 2162">
    <p class='ocr_par' dir='ltr' id='par_1_9' title="bbox 1322 2122 1722 2162">
     <span class='ocr_line' id='line_1_44' title="bbox 1322 2122 1722 2162; baseline 0.003 -9"><span class='ocrx_word' id='word_1_400' title='bbox 1322 2122 1436 2158; x_wconf 76' lang='lat' dir='ltr'>Caesar,</span> <span class='ocrx_word' id='word_1_401' title='bbox 1466 2122 1660 2162; x_wconf 81' lang='lat' dir='ltr'>profecturus</span> <span class='ocrx_word' id='word_1_402' title='bbox 1687 2123 1722 2154; x_wconf 89' lang='lat' dir='ltr'>in</span> 
     </span>
    </p>
   </div>
   <div class='ocr_carea' id='block_1_10' title="bbox 143 2552 1708 2636">
    <p class='ocr_par' dir='ltr' id='par_1_10' title="bbox 143 2552 1708 2636">
     <span class='ocr_line' id='line_1_45' title="bbox 143 2552 905 2592; baseline -0.003 -9"><span class='ocrx_word' id='word_1_403' title='bbox 143 2553 193 2584; x_wconf 75' lang='lat' dir='ltr'>tiis</span> <span class='ocrx_word' id='word_1_404' title='bbox 204 2554 308 2585; x_wconf 82' lang='lat' dir='ltr'>Caesar</span> <span class='ocrx_word' id='word_1_405' title='bbox 319 2553 498 2584; x_wconf 78' lang='lat' dir='ltr'>interfectus</span> <span class='ocrx_word' id='word_1_406' title='bbox 510 2559 574 2591; x_wconf 74' lang='lat' dir='ltr'>est,</span> <span class='ocrx_word' id='word_1_407' title='bbox 599 2553 724 2592; x_wconf 80' lang='lat' dir='ltr'>reliquis</span> <span class='ocrx_word' id='word_1_408' title='bbox 735 2552 806 2582; x_wconf 86' lang='lat' dir='ltr'>aliis</span> <span class='ocrx_word' id='word_1_409' title='bbox 819 2562 905 2581; x_wconf 88' lang='lat' dir='ltr'>men-</span> 
     </span>
     <span class='ocr_line' id='line_1_46' title="bbox 143 2594 1708 2636; baseline -0.001 -9"><span class='ocrx_word' id='word_1_410' title='bbox 143 2597 225 2627; x_wconf 89' lang='lat' dir='ltr'>sibus</span> <span class='ocrx_word' id='word_1_411' title='bbox 256 2607 375 2627; x_wconf 86' lang='lat' dir='ltr'>summo</span> <span class='ocrx_word' id='word_1_412' title='bbox 405 2607 474 2626; x_wconf 84' lang='lat' dir='ltr'>curn</span> <span class='ocrx_word' id='word_1_413' title='bbox 505 2595 635 2636; x_wconf 88' lang='lat' dir='ltr'>imperio</span> <span class='ocrx_word' id='word_1_414' title='bbox 670 2596 709 2625; x_wconf 89' lang='lat' dir='ltr'>ad</span> <span class='ocrx_word' id='word_1_415' title='bbox 748 2595 904 2625; x_wconf 89' lang='lat' dir='ltr'>Calendas</span> <span class='ocrx_word' id='word_1_416' title='bbox 947 2605 1062 2625; x_wconf 86' lang='lat' dir='ltr'>sessum</span> <span class='ocrx_word' id='word_1_417' title='bbox 1087 2595 1105 2624; x_wconf 70' lang='lat' dir='ltr'>a</span> <span class='ocrx_word' id='word_1_418' title='bbox 1129 2595 1228 2626; x_wconf 86' lang='lat' dir='ltr'>Gallis</span> <span class='ocrx_word' id='word_1_419' title='bbox 1251 2595 1412 2624; x_wconf 80' lang='lat' dir='ltr'>liberatum</span> <span class='ocrx_word' id='word_1_420' title='bbox 1436 2600 1483 2624; x_wconf 87' lang='lat' dir='ltr'>est</span> <span class='ocrx_word' id='word_1_421' title='bbox 1506 2594 1708 2635; x_wconf 81' lang='lat' dir='ltr'>Capitolium.</span> 
     </span>
    </p>
   </div>
   <div class='ocr_carea' id='block_1_11' title="bbox 138 2636 1707 2854">
    <p class='ocr_par' dir='ltr' id='par_1_11' title="bbox 143 2636 1706 2679">
     <span class='ocr_line' id='line_1_47' title="bbox 143 2636 1706 2679; baseline -0.001 -10"><span class='ocrx_word' id='word_1_422' title='bbox 143 2641 353 2679; x_wconf 81' lang='lat' dir='ltr'>Septembres,</span> <span class='ocrx_word' id='word_1_423' title='bbox 370 2639 480 2679; x_wconf 84' lang='lat' dir='ltr'>quibus</span> <span class='ocrx_word' id='word_1_424' title='bbox 496 2639 560 2668; x_wconf 78' lang='lat' dir='ltr'>liaec</span> <span class='ocrx_word' id='word_1_425' title='bbox 575 2638 681 2668; x_wconf 80' lang='lat' dir='ltr'>habita</span> <span class='ocrx_word' id='word_1_426' title='bbox 696 2637 759 2667; x_wconf 67' lang='lat' dir='ltr'>serf}</span> <span class='ocrx_word' id='word_1_427' title='bbox 776 2644 823 2667; x_wconf 84' lang='lat' dir='ltr'>est.</span> <span class='ocrx_word' id='word_1_428' title='bbox 837 2648 904 2668; x_wconf 89' lang='lat' dir='ltr'>ora·</span> <span class='ocrx_word' id='word_1_429' title='bbox 948 2636 1001 2669; x_wconf 84' lang='lat' dir='ltr'>At.</span> <span class='ocrx_word' id='word_1_430' title='bbox 1031 2637 1100 2667; x_wconf 75' lang='lat' dir='ltr'>cum</span> <span class='ocrx_word' id='word_1_431' title='bbox 1129 2639 1195 2678; x_wconf 85' lang='lat' dir='ltr'>ipse</span> <span class='ocrx_word' id='word_1_432' title='bbox 1222 2637 1379 2667; x_wconf 66' lang='lat' dir='ltr'>liberasset</span> <span class='ocrx_word' id='word_1_433' title='bbox 1405 2647 1511 2667; x_wconf 84' lang='lat' dir='ltr'>ornnes</span> <span class='ocrx_word' id='word_1_434' title='bbox 1545 2638 1706 2675; x_wconf 85' lang='lat' dir='ltr'>obaeratos,</span> 
     </span>
    </p>

    <p class='ocr_par' dir='ltr' id='par_1_12' title="bbox 140 2680 1707 2765">
     <span class='ocr_line' id='line_1_48' title="bbox 140 2680 1707 2724; baseline 0 -13"><span class='ocrx_word' id='word_1_435' title='bbox 140 2683 196 2720; x_wconf 88' lang='lat' dir='ltr'>tio,</span> <span class='ocrx_word' id='word_1_436' title='bbox 208 2683 239 2712; x_wconf 87' lang='lat' dir='ltr'>in</span> <span class='ocrx_word' id='word_1_437' title='bbox 254 2683 301 2713; x_wconf 81' lang='lat' dir='ltr'>Re</span> <span class='ocrx_word' id='word_1_438' title='bbox 309 2683 381 2724; x_wconf 89' lang='lat' dir='ltr'>pub.</span> <span class='ocrx_word' id='word_1_439' title='bbox 397 2681 571 2712; x_wconf 84' lang='lat' dir='ltr'>dominatus</span> <span class='ocrx_word' id='word_1_440' title='bbox 586 2687 633 2711; x_wconf 81' lang='lat' dir='ltr'>est</span> <span class='ocrx_word' id='word_1_441' title='bbox 647 2681 813 2712; x_wconf 80' lang='lat' dir='ltr'>Antonius.</span> <span class='ocrx_word' id='word_1_442' title='bbox 943 2681 1028 2710; x_wconf 71' lang='lat' dir='ltr'>veuit</span> <span class='ocrx_word' id='word_1_443' title='bbox 1043 2680 1074 2710; x_wconf 88' lang='lat' dir='ltr'>in</span> <span class='ocrx_word' id='word_1_444' title='bbox 1091 2682 1175 2721; x_wconf 86' lang='lat' dir='ltr'>regni</span> <span class='ocrx_word' id='word_1_445' title='bbox 1194 2680 1361 2711; x_wconf 82' lang='lat' dir='ltr'>affectandi</span> <span class='ocrx_word' id='word_1_446' title='bbox 1377 2680 1594 2721; x_wconf 87' lang='lat' dir='ltr'>suspicionem,</span> <span class='ocrx_word' id='word_1_447' title='bbox 1617 2681 1707 2711; x_wconf 77' lang='lat' dir='ltr'>i‹te6-</span> 
     </span>
     <span class='ocr_line' id='line_1_49' title="bbox 183 2722 1706 2765; baseline 0.001 -10"><span class='ocrx_word' id='word_1_448' title='bbox 183 2728 236 2756; x_wconf 87' lang='lat'>49.</span> <span class='ocrx_word' id='word_1_449' title='bbox 268 2726 390 2757; x_wconf 79' lang='lat' dir='ltr'>Beatum</span> <span class='ocrx_word' id='word_1_450' title='bbox 418 2724 553 2765; x_wconf 70' lang='lat' dir='ltr'>putant]</span> <span class='ocrx_word' id='word_1_451' title='bbox 599 2724 807 2755; x_wconf 81' lang='lat' dir='ltr'>Felicissimus</span> <span class='ocrx_word' id='word_1_452' title='bbox 838 2723 898 2753; x_wconf 85' lang='lat' dir='ltr'>suis</span> <span class='ocrx_word' id='word_1_453' title='bbox 943 2733 1015 2764; x_wconf 80' lang='lat' dir='ltr'>que,</span> <span class='ocrx_word' id='word_1_454' title='bbox 1039 2734 1109 2755; x_wconf 86' lang='lat' dir='ltr'>cum</span> <span class='ocrx_word' id='word_1_455' title='bbox 1130 2724 1196 2756; x_wconf 67' lang='lat' dir='ltr'>tota</span> <span class='ocrx_word' id='word_1_456' title='bbox 1215 2723 1282 2764; x_wconf 87' lang='lat' dir='ltr'>ejus</span> <span class='ocrx_word' id='word_1_457' title='bbox 1301 2722 1427 2761; x_wconf 57' lang='lat' dir='ltr'>familia,</span> <span class='ocrx_word' id='word_1_458' title='bbox 1451 2723 1468 2756; x_wconf 78' lang='grc' dir='ltr'><strong>ἐ</strong></span> <span class='ocrx_word' id='word_1_459' title='bbox 1483 2723 1587 2755; x_wconf 85' lang='lat' dir='ltr'>medio</span> <span class='ocrx_word' id='word_1_460' title='bbox 1603 2723 1706 2757; x_wconf 75' lang='lat' dir='ltr'>subla-</span> 
     </span>
    </p>

    <p class='ocr_par' dir='ltr' id='par_1_13' title="bbox 139 2766 1063 2809">
     <span class='ocr_line' id='line_1_50' title="bbox 139 2766 1063 2809; baseline 0.002 -11"><span class='ocrx_word' id='word_1_461' title='bbox 139 2769 244 2800; x_wconf 83' lang='lat' dir='ltr'>amicis</span> <span class='ocrx_word' id='word_1_462' title='bbox 260 2768 415 2799; x_wconf 85' lang='lat' dir='ltr'>Antonius</span> <span class='ocrx_word' id='word_1_463' title='bbox 427 2768 599 2805; x_wconf 82' lang='lat' dir='ltr'>videbatur,</span> <span class='ocrx_word' id='word_1_464' title='bbox 622 2767 696 2809; x_wconf 85' lang='lat' dir='ltr'>quia</span> <span class='ocrx_word' id='word_1_465' title='bbox 718 2774 813 2799; x_wconf 83' lang='lat' dir='ltr'>morte</span> <span class='ocrx_word' id='word_1_466' title='bbox 831 2766 900 2798; x_wconf 77' lang='lat' dir='ltr'>Cae-</span> <span class='ocrx_word' id='word_1_467' title='bbox 943 2772 991 2798; x_wconf 84' lang='lat' dir='ltr'>tus</span> <span class='ocrx_word' id='word_1_468' title='bbox 1006 2772 1063 2800; x_wconf 81' lang='lat' dir='ltr'>est.</span> 
     </span>
    </p>

    <p class='ocr_par' dir='ltr' id='par_1_14' title="bbox 138 2811 651 2854">
     <span class='ocr_line' id='line_1_51' title="bbox 138 2811 651 2854; baseline 0 -12"><span class='ocrx_word' id='word_1_469' title='bbox 138 2812 212 2844; x_wconf 76' lang='lat' dir='ltr'>saris</span> <span class='ocrx_word' id='word_1_470' title='bbox 227 2813 329 2845; x_wconf 84' lang='lat' dir='ltr'>statim</span> <span class='ocrx_word' id='word_1_471' title='bbox 349 2822 447 2844; x_wconf 81' lang='lat' dir='ltr'>rerum</span> <span class='ocrx_word' id='word_1_472' title='bbox 465 2811 579 2854; x_wconf 79' lang='lat' dir='ltr'>potitus</span> <span class='ocrx_word' id='word_1_473' title='bbox 595 2816 651 2842; x_wconf 79' lang='lat' dir='ltr'>est.</span> 
     </span>
    </p>
   </div>
  </div>
 </body>
</html>
