1858 3095
728 169 778 201 IN
809 168 1027 201 PISONEM.

99 242 271 292 Etenim
290 244 362 286 illa
374 246 466 300 jam
486 244 663 286 omitto:
684 246 781 286 cum
799 258 1016 285 servorum
1035 243 1227 287 delectus
1239 243 1466 286 haberetur
1482 243 1525 285 in
1542 244 1650 297 foro,

98 313 213 346 arma
243 301 284 342 in
313 300 518 356 templum
540 300 732 342 Castoris
753 306 797 341 et
826 301 921 341 luce
949 307 993 341 et
1022 300 1165 356 palam
1187 307 1574 369 comportarentur-3
1606 300 1650 342 id

98 363 240 398 autem
268 357 489 412 templum,
505 357 672 398 sublato
691 357 823 407 aditu,
842 356 1020 397 revulsis
1050 356 1269 412 gradibus,
1291 372 1317 397 a
1336 357 1651 412 conjuratorum
1667 363 1722 403 25

98 411 299 475 reliquiis,
326 420 455 468 atque
487 412 513 453 a
545 413 739 454 Catilinae
770 413 1093 468 praevaricatore
1124 413 1357 468 quondam,
1379 420 1469 455 tum
1500 412 1650 463 ultore,

97 482 225 509 armis
246 476 478 519 teneretur,
510 471 607 510 cum
630 470 795 525 equites
816 468 999 510 Romani
1032 469 1331 517 relevarentur,
1352 468 1430 509 viri
1461 468 1564 510 boni
1590 468 1651 513 la-

97 523 268 579 pidibus
287 527 310 565 δ.-
330 525 422 567 foro
452 526 730 581 pellerentur-3
762 525 928 567 senatui
960 538 1043 566 uon
1077 504 1216 565 εοῖῐιη]
1241 525 1391 579 juvare
1423 523 1652 581 rempubli-

97 594 207 630 cam,
228 581 304 622 sed
325 596 378 622 ne
400 582 544 634 lugere
565 582 753 638 quidem,
774 582 942 631 liceret;
975 583 1073 622 cum
1094 579 1200 621 civis
1221 580 1270 630 is,
1293 594 1420 635 quem
1440 581 1509 622 hie
1530 581 1650 631 ordo,

95 637 353 678 assentiente
375 631 502 679 Italia
522 639 776 694 cunctisque
793 637 1008 693 gentibus,
1025 644 1366 677 conservatorem
1384 636 1652 692 patriaejudi-
1668 643 1725 684 30

96 691 230 743 catat,
250 693 370 735 nullo
394 694 577 749 judicio,
599 695 716 735 nulla
745 695 851 748 lege,
875 692 990 733 nullo
1023 706 1153 743 more,
1175 691 1349 732 servitio
1371 699 1500 754 atque
1522 692 1651 734 armis

96 748 335 803 pelleretur,
356 765 442 791 non
472 750 612 792 dicam
640 749 799 790 auxilio
822 756 976 798 vestro,
999 747 1116 803 quod
1135 746 1232 790 veri:
1263 747 1368 789 licet
1395 747 1553 800 dicere,
1574 749 1651 790 sed

95 807 208 846 certe
226 806 424 856 silentio,
455 813 544 846 tum
567 805 715 846 Romae
736 805 867 846 fuisse
888 805 1087 845 consules
1107 804 1336 860 quisquam
1357 803 1651 847 existimabit?

96 859 182 908 Qui
217 862 403 903 latrones
422 861 566 918 igitur,
587 862 624 903 si
645 861 821 918 quidem
847 875 924 901 vos
955 861 1183 902 consules?
1213 861 1288 916 qui
1320 861 1557 916 proedoneS,
1575 859 1650 917 qui

94 915 256 968 hostes,
272 917 346 973 qui
366 918 619 981 proditores,
636 919 709 975 qui
731 917 899 973 tyranni
921 916 1282 959 nominabuntur?
1345 915 1555 973 Magnum
1577 932 1651 959 no-
1668 925 1724 965 35

94 986 191 1017 meu
204 981 284 1025 est,
301 989 648 1030 magnaspecies,
662 989 819 1030 magua
835 973 1038 1029 dignitas,
1053 987 1207 1030 magna
1222 974 1420 1029 majestas
1438 973 1650 1015 consulis:

92 1042 180 1070 non
208 1029 386 1086 capiunt
416 1032 625 1087 angustiae
655 1031 841 1086 pectoris
870 1030 948 1079 tui,
970 1044 1057 1071 non
1086 1029 1236 1086 recipit
1264 1029 1416 1071 levitas
1445 1029 1544 1082 ista,
1565 1045 1653 1072 non

94 1093 265 1140 egestas
297 1087 454 1137 animi;
486 1102 570 1128 uon
603 1087 825 1129 infirmitas
859 1086 1019 1142 ingenii
1052 1085 1250 1137 sustinet,
1283 1101 1370 1128 non
1394 1084 1654 1128 binsolentia.

93 1154 232 1183 rerum
252 1143 550 1194 secundarum,
571 1152 733 1185 tantam
764 1157 1000 1199 personam,
1020 1149 1108 1184 tam
1129 1156 1315 1198 gravem,
1336 1149 1424 1183 tam
1446 1157 1651 1187 severam.

95 1196 303 1254 Seplasia,
325 1199 580 1250 mehercule,
603 1205 670 1251 (ut
700 1200 786 1241 dici
818 1199 1065 1250 audiebam)
1086 1205 1126 1239 te
1150 1205 1198 1239 ut
1224 1198 1406 1253 primum
1437 1199 1650 1256 adspexit,
1667 1206 1725 1247 40

95 1253 360 1310 Campanum
392 1257 616 1298 consulem
646 1256 899 1311 repudiavit.
1506 1256 1512 1262 “

959 1254 1169 1296 Audierat
1205 1254 1367 1296 Decios
1396 1255 1583 1311 Magios,
1608 1264 1653 1298 et

94 1311 147 1351 de
168 1311 334 1352 Taurea
355 1311 428 1352 illo
450 1312 637 1353 Jubellio
659 1312 823 1367 aliquid
855 1319 1104 1366 acceperat;
1137 1311 1180 1350 in
1201 1311 1358 1366 quibus
1391 1311 1426 1351 si
1458 1313 1652 1353 modera-

93 1366 152 1407 tio
183 1366 268 1418 illa,
298 1383 393 1422 quae
424 1368 468 1408 in
498 1368 656 1409 nostris
685 1369 795 1409 solet
820 1382 914 1409 esse
946 1367 1212 1417 consulibus,
1244 1381 1331 1407 non
1359 1368 1463 1418 fuit3
1495 1376 1540 1409 at
1571 1368 1654 1409 fuit

92 1437 261 1491 pompa,
296 1424 376 1464 fuit
413 1424 595 1486 species,
632 1425 714 1465 fuit
757 1424 950 1465 incessus
990 1424 1142 1464 saltem
1183 1423 1378 1485 Seplasia
1416 1424 1572 1480 dignus
1609 1431 1653 1465 et

91 1478 257 1534 Capua.

317 1480 552 1522 Gabimum
581 1481 765 1537 denique
803 1480 838 1521 si
870 1480 1079 1521 vidissent
1114 1479 1383 1520 duun1VIrum
1418 1480 1547 1522 vestri
1588 1480 1650 1521 illi
1669 1490 1725 1531 45

92 1536 375 1591 unguentarii,
407 1537 565 1578 ccitius
615 1537 912 1594 agnovissent:
946 1543 1065 1578 erant
1114 1535 1174 1576 illi
1213 1536 1374 1592 compti
1415 1537 1576 1593 capilli,
1608 1543 1653 1578 et

388 1705 405 1729 ὓ
413 1709 592 1750 novitas.

133 1979 186 2007 23.
208 1976 361 2008 Servorum
376 1977 526 2019 delectus]
572 1977 647 2008 Non
662 1977 709 2008 sas
724 1977 784 2010 suit
806 1979 846 2009 ad

91 2029 175 2050 arma
190 2019 319 2050 ferenda
334 2031 438 2050 servos
453 2021 609 2060 colligere.

134 2063 188 2092 26.
211 2061 463 2103 Praevaricatore.]
523 2063 744 2093 Praevaricator
771 2063 849 2093 dici-

92 2110 151 2138 tur,
161 2104 215 2145 qui
230 2105 385 2136 diversam
398 2110 516 2145 partem
530 2104 671 2144 adjuvat,
687 2104 742 2135 suit
753 2105 848 2136 causa

92 2146 228 2185 prodita.
282 2147 367 2177 Talis
393 2152 498 2178 autem
521 2146 580 2177 suit
606 2144 748 2182 Clodius,
776 2147 847 2178 cum

92 2189 258 2220 Catilinam
267 2199 411 2220 accusare
420 2190 660 2230 repetundarum
674 2188 829 2220 simulavit
838 2201 847 2227 ς

90 2232 156 2273 qui,
180 2231 330 2272 corruptis
354 2233 394 2263 ab
418 2233 530 2263 eodem
547 2232 660 2262 Clodio
675 2231 849 2272 judicibus,

90 2274 250 2306 absolutus
278 2281 336 2310 est,
362 2281 396 2304 ut
425 2274 610 2305 Plutarchus
638 2281 669 2305 et
695 2275 850 2306 Asconius

92 2316 252 2355 Pedianus
267 2318 416 2348 referunt.

135 2362 188 2391 27.
211 2358 329 2400 Equites
362 2359 449 2393 Rom.
486 2359 713 2401 relegarentur-J
759 2359 850 2391 Elate

91 2403 150 2433 hoc
166 2402 259 2440 diem
283 2412 355 2432 nam
368 2403 450 2433 solus
462 2402 570 2433 Lamia
583 2402 728 2443 princeps
740 2413 852 2444 eques-

91 2445 145 2480 tris
171 2444 288 2476 ordinis
313 2445 468 2486 relegatus
494 2450 541 2476 est
563 2445 581 2474 a
604 2444 753 2485 Gabinio,
780 2444 850 2476 cnm

93 2497 148 2528 pro
164 2487 316 2519 Cicerone
331 2488 524 2519 intercedere
543 2487 649 2518 voluit.

91 2557 96 2560 .
135 2532 189 2562 31.
213 2529 310 2561 Nuuci
332 2531 403 2571 lege,
427 2531 511 2561 nullo
536 2529 639 2570 more.]
686 2529 760 2560 Μοε
788 2540 852 2560 ma-

91 2571 194 2611 jorum
209 2572 287 2613 legis
303 2573 363 2603 rim
380 2573 563 2604 obtinebat:
591 2573 661 2603 vide
680 2572 769 2604 Orat.
792 2582 848 2613 pro

95 2615 181 2645 Sext.

92 2660 121 2695 ᾧ·
137 2659 190 2688 34.
215 2657 275 2692 0115
297 2659 471 2700 proedones]
525 2657 655 2699 Proprie
684 2657 850 2698 praedones

95 2699 252 2736 dicuntur.
266 2701 332 2742 qui,
351 2700 423 2732 cum
451 2701 566 2732 bellum
589 2712 652 2732 non
672 2699 851 2736 indixerint,

93 2747 196 2774 tamen
213 2742 367 2774 hostiliter
383 2750 570 2785 grassantur.

133 2783 368 2825 40.1Sep1‹nia.]
414 2786 558 2827 Seplasia
581 2786 688 2827 platea
703 2785 762 2816 suit
787 2785 853 2816 sive

881 1713 896 1730 ⁶
906 1707 1110 1748 vidissent
1129 1707 1354 1748 lubentia&

893 1980 978 2011 vicus
1002 1979 1132 2021 Capuae,
1155 1978 1207 2009 ubi
1230 1978 1425 2019 unguentarii
1449 1979 1652 2021 negotiaban-

893 2028 952 2052 tur.

937 2066 991 2094 41.
1015 2064 1197 2104 Campanum
1224 2063 1395 2103 consulem]
1443 2063 1523 2094 Cum
1549 2064 1653 2095 Caesar

891 2106 1000 2137 consul
1023 2107 1177 2138 coloniam
1202 2106 1346 2147 Capuam
1377 2105 1567 2142 deduxisset,
1595 2107 1653 2137 du·

893 2149 1026 2178 umviros
1043 2150 1072 2179 ei
1096 2148 1244 2179 Pisonem
1262 2158 1402 2178 socerum
1419 2154 1451 2179 et
1466 2147 1650 2190 Pompeium

893 2202 1040 2231 generum
1070 2192 1209 2232 praeficit.
1256 2191 1321 2221 Sibi
1347 2196 1450 2221 autem
1478 2191 1552 2221 Piso
1577 2203 1651 2222 con-

893 2234 967 2264 sulis
990 2244 1104 2264 nomen
1126 2233 1290 2274 arrogavit.
1336 2234 1451 2264 Sensus
1477 2234 1571 2274 igitur
1592 2240 1651 2270 est,

894 2275 995 2307 statim
1013 2281 1108 2318 atque
1124 2281 1155 2307 te
1172 2275 1367 2307 duumvirum
1383 2276 1527 2317 adspexit
1542 2277 1652 2318 Sepla-

894 2319 988 2354 sia.tc
1001 2319 1151 2350 incultum
1164 2329 1201 2349 ac
1210 2317 1382 2355 sordidum,
1391 2324 1486 2360 atque
1494 2319 1553 2351 hoc
1563 2319 1652 2361 quasi

894 2362 1057 2402 indignum
1073 2372 1213 2398 munere,
1230 2361 1418 2402 adspernata
1434 2366 1492 2393 est.

939 2404 989 2434 Ib.
1013 2404 1115 2435 Decios
1142 2403 1286 2445 Magios]
1343 2403 1496 2445 Exempla
1533 2403 1653 2435 confert

895 2457 999 2477 eorum
1017 2447 1070 2488 qui
1085 2446 1159 2478 olim
1175 2446 1295 2487 Capuae
1310 2446 1422 2488 magna
1437 2453 1501 2477 tum
1522 2446 1652 2489 ingenii,

895 2498 960 2519 tum
976 2499 1073 2520 rerum
1090 2496 1258 2530 gestarum,
1272 2488 1370 2530 gloria
1384 2490 1561 2521 floruerunt.
1585 2489 1653 2521 De-

895 2532 960 2562 cius
984 2532 1039 2562 ille
1054 2530 1182 2574 Magius
1198 2532 1218 2562 ἰι
1232 2531 1370 2568 Velleio,
1386 2532 1440 2562 lib.
1459 2535 1489 2563 2.
1505 2532 1652 2573 princeps

894 2575 1077 2614 Campaniae
1092 2575 1280 2606 nominatur.

937 2619 991 2647 42.
1017 2615 1129 2648 Taurelt
1157 2617 1210 2648 illo
1238 2615 1389 2655 Jubellio]
1447 2615 1568 2646 Taurea
1595 2616 1652 2648 Ju-

894 2659 1063 2690 belliusrir
1085 2660 1165 2691 inter
1181 2659 1360 2700 Campanos
1381 2658 1564 2689 fortissimus
1583 2659 1652 2695 suit,

901 2702 954 2742 qui
970 2701 1117 2742 singulari
1126 2700 1454 2734 certamineAsellium
1471 2700 1651 2733 Romanurn

897 2750 1064 2785 superant.

1235 2827 1311 2868 112

1643 167 1723 213 261
