1858 3095
698 173 954 208 PHILIPPICA
982 174 1008 208 1.

1610 177 1674 219 39.

74 262 209 297 cutes.
255 255 491 297 Idcirco-ne
514 269 592 296 nos
613 256 796 313 populus
817 254 1038 296 Romanus
1060 253 1259 295 consules
1283 252 1399 300 fecit,
1418 259 1478 300 ut,
1499 253 1540 293 ἱιι
1559 253 1620 294 al-

74 313 240 355 tissimo
261 313 608 369 amplissimoque
643 314 775 368 gradu
795 312 1018 368 dignitatis
1051 312 1196 362 locati,
1218 310 1522 367 rempublicam
1545 325 1619 372 pro

76 370 209 411 nihilo
231 371 481 411 haberemus
500 370 511 409 ,Ρ

573 370 669 412 Non
691 369 818 411 modi)
839 384 944 410 voce
976 383 1100 409 nenio
1126 369 1172 409 L.
1195 368 1340 409 Pisoni
1373 367 1621 417 consularis,

77 427 151 468 sed
170 442 222 468 ne
240 426 360 467 vultu
376 426 564 481 quidem,
582 441 780 468 assensus
798 433 877 466 est.
909 426 1116 474 Quaenam
1133 425 1310 481 (malum
1327 425 1354 475 ἔ)
1372 433 1438 464 est
1456 423 1537 464 ista
1553 437 1623 464 vo-
1641 427 1696 467 50

77 483 255 524 luntaria
267 482 472 524 servitus?
496 482 638 524 Fuerit
651 483 848 539 quaedam
862 482 1099 523 necessaria
1112 498 1121 532 ;
1140 497 1219 522 nec
1233 496 1313 536 ego
1327 481 1410 521 hoc
1424 481 1477 521 ab
1494 479 1627 521 omni-

78 539 157 580 bus
177 539 228 581 iis
249 539 461 590 desidero,
477 539 549 595 qui
571 540 826 580 sententiam
844 539 940 580 loeo
960 538 1171 579 consulari
1193 537 1365 578 dicunt:
1398 536 1480 577 alia
1496 550 1628 577 eausa

81 604 148 637 est
168 610 328 646 eorum,
349 610 529 651 quorum
551 597 722 637 silentio
746 597 951 652 ignos003
981 594 1066 635 alia
1097 608 1255 644 eorum,
1278 607 1458 648 quorum
1477 607 1629 633 vocem

79 652 268 708 requir03
289 668 397 708 quos
411 653 582 708 quidem
596 653 722 694 doleo
737 652 779 692 in
793 652 1079 706 suspicionem
1093 651 1253 706 populo
1263 649 1459 690 Romano
1475 649 1629 699 venire,

80 722 167 750 non
185 708 312 751 modo
330 718 444 750 metu
462 710 595 765 (quod
614 710 754 764 ipsum
773 715 888 749 esset
903 710 1059 762 turpe),
1075 707 1150 747 sed
1165 706 1294 746 alium
1311 705 1396 746 alia
1413 706 1465 746 de
1483 705 1630 756 causa,
1648 711 1704 750 55

81 765 232 807 deesse
250 765 452 822 dignitati
470 781 571 807 suae.
616 764 759 813 Quare
777 762 958 820 primum
976 762 1183 803 maximas
1205 762 1363 818 gratias
1380 768 1422 802 et
1437 762 1575 802 habeo
1591 769 1633 802 et

83 836 165 878 ago
186 823 231 863 L.
250 821 414 872 Pisoni,
433 822 504 878 qui
521 836 621 872 non,
635 821 737 877 quid
756 819 920 861 efficere
935 826 1083 888 posset
1099 819 1140 859 in
1160 818 1396 874 republica,
1411 818 1633 874 cogitavit,

84 879 160 919 sed
174 878 276 934 quid
290 879 382 934 ipse
397 878 534 919 facere
549 878 742 918 deberet:
766 876 922 918 deinde
935 891 961 916 a
975 876 1111 926 vobis,
1126 875 1174 916 P.
1185 876 1235 916 C.
1250 883 1364 932 peto,
1378 882 1439 925 ut,
1454 875 1581 915 etiam
1599 875 1635 915 si

83 936 207 990 sequi
229 934 366 975 minus
394 934 606 975 audebitis
636 934 869 975 orationem
901 939 1028 988 atque
1061 931 1361 974 auctoritatem
1390 945 1542 983 meam,
1564 931 1638 972 be-

82 991 214 1048 nigne
236 1006 303 1033 me
324 997 468 1032 tamen
488 995 555 1044 (ut
575 990 741 1034 fecistis
763 989 923 1042 adhuc)
945 988 1142 1031 audiatis.

130 1163 183 1194 50.
214 1161 362 1205 Maluml]
410 1163 479 1194 Vox
507 1163 575 1199 ista,
599 1163 722 1200 malum,
747 1162 841 1193 inter·
886 1161 1073 1193 servitutem.

84 1204 182 1246 jectio
197 1212 244 1236 est
258 1206 447 1248 indignantis
462 1207 606 1238 hominis.

930 1207 983 1236 55.
1007 1206 1106 1235 Alium
1130 1203 1190 1234 alia
1215 1204 1249 1234 de
1272 1201 1386 1244 causa]
1441 1203 1548 1239 Multi,
1571 1203 1644 1244 quia

131 1251 185 1279 51.
208 1248 349 1283 Quaedam
370 1249 552 1289 necessaria]
603 1248 706 1280 Caesar
720 1248 774 1279 sua
790 1259 844 1289 po·
889 1248 992 1278 affecti
1018 1249 1142 1279 fuerant
1168 1248 1324 1278 beneficiis
1345 1247 1363 1276 ’Σι
1384 1245 1518 1283 Caesare,
1541 1252 1645 1277 tacue-

88 1292 185 1322 temia
209 1293 376 1334 quamdam
400 1292 545 1324 intulerat
569 1292 600 1322 in
624 1292 845 1333 rempublicam
890 1297 971 1322 runt.

667 1569 899 1599 SECUNDA
935 1569 1075 1599 PARS.

356 1729 415 1769 In
435 1729 521 1782 qud
536 1729 690 1782 probat
709 1733 807 1770 acta
834 1726 1025 1770 Caesaris
1045 1740 1132 1769 esse
1153 1726 1382 1768 servanda.

154 1896 232 1939 IV.
245 1896 437 1940 Primum
452 1897 584 1955 igitur
599 1904 696 1940 aeta
710 1897 893 1940 Caesaris
908 1897 1117 1939 servanda
1129 1912 1306 1949 cense03
1329 1911 1414 1939 non
1431 1896 1547 1954 quod
1563 1912 1657 1954 pro·

97 1955 211 2004 bem,
229 1955 344 2010 (quis
365 1955 480 1996 enim
500 1955 543 1996 id
560 1956 733 2011 quidem
755 1955 942 2011 potest'?)
964 1955 1041 1996 sed
1061 1954 1161 2010 quia
1182 1955 1391 1995 rationem
1413 1954 1657 1996 habendam

101 2011 286 2052 maxime
301 2012 480 2053 arbitror
496 2014 615 2067 pacis
632 2019 762 2068 atque
781 2012 873 2053 otii.

904 2011 1073 2052 Vellem
1089 2011 1262 2051 adesset
1279 2011 1511 2062 Antonius,
1528 2011 1657 2053 modo

101 2066 194 2109 sine
215 2067 458 2109 advocatis:
482 2068 632 2120 sed(ut
645 2068 922 2124 opinor)licet
938 2067 976 2108 ei
992 2066 1130 2107 minus
1145 2067 1304 2118 valere3
1322 2068 1437 2123 quod
1452 2067 1554 2108 mihi
1569 2068 1659 2109 heri

102 2139 177 2180 per
193 2124 313 2166 illum
329 2139 414 2166 non
433 2123 607 2166 licebat.
648 2124 838 2167 Doceret
859 2138 941 2177 me,
961 2124 1028 2165 vel
1049 2123 1193 2179 potius
1210 2138 1303 2177 vos,
1321 2124 1372 2165 P.
1387 2124 1438 2167 C.
1457 2125 1660 2181 quemad·
1680 2131 1708 2172 5

151 2310 181 2336 1.
205 2306 279 2337 Acta
295 2306 443 2348 Caesaris.]
489 2306 603 2338 Actum
620 2311 668 2337 est
689 2306 721 2337 in
741 2311 863 2346 senatu,

107 2349 209 2380 utrum
233 2351 337 2380 omnia
361 2350 490 2380 Caesaris
516 2356 585 2382 acta
607 2350 865 2386 rescinderentur,

109 2393 221 2434 quibus
236 2393 302 2423 aliis
328 2393 512 2434 provincias,
528 2393 595 2423 aliis
621 2392 681 2423 alia
705 2393 866 2429 beneficia,

108 2437 303 2467 conferebat:
319 2438 472 2466 servanda
482 2442 607 2467 senatus
616 2435 764 2475 decrevit,
773 2446 864 2476 prop-

109 2485 156 2509 ter
187 2479 301 2509 bonum
332 2480 429 2519 pacis.
487 2478 623 2509 Libellos
654 2480 723 2520 ejus
751 2479 865 2520 conjux

113 2521 283 2562 Calpurnia
311 2522 423 2552 detulit
445 2522 485 2552 ad
506 2522 688 2560 Antonium,
704 2522 801 2552 verita
827 2531 867 2551 ne

110 2564 195 2595 bona
210 2565 283 2596 fisco
295 2565 523 2596 addicerentur.
556 2564 711 2595 Antonius
723 2565 788 2595 haec
798 2569 868 2594 acta

115 2607 243 2638 Caesaris
258 2610 297 2638 ad
317 2608 472 2638 arbitrium
489 2618 576 2638 suum
592 2608 734 2643 mutavit,
749 2617 786 2638 ac
801 2607 870 2637 uni-

115 2660 234 2680 versam
255 2650 414 2692 Rempub.
429 2651 588 2687 laceravit,
603 2650 732 2681 Caesaris
754 2660 869 2681 nomen

113 2698 146 2723 et
161 2693 370 2724 auctoritatem
388 2699 569 2734 praetexens.

158 2738 190 2766 4.
211 2735 279 2766 Sine*
292 2736 462 2777 advocatis]
488 2736 549 2768 Per
563 2737 741 2772 advocatos,
757 2735 869 2765 milites

115 2778 185 2809 illos
206 2784 366 2810 veteranos
389 2779 546 2820 intelligit,
568 2786 600 2811 et
624 2779 738 2815 fabros,
757 2778 869 2819 quibus

115 2821 248 2863 stipatus
263 2821 394 2854 venitin
408 2828 563 2865 senatum5
589 2822 732 2859 alludens
743 2822 783 2853 ad
795 2831 870 2854 con-

909 2307 1105 2337 suetudinem
1118 2305 1342 2342 Romanorum,
1355 2307 1408 2348 qui
1422 2307 1587 2349 injudiciis
1600 2313 1663 2339 tum

909 2350 1050 2391 privatis,
1073 2355 1137 2379 tum
1161 2349 1304 2389 publicis,
1319 2350 1433 2380 amicos
1460 2361 1567 2382 omnes
1594 2362 1663 2382 suos

911 2394 1119 2428 advocabant,
1155 2402 1284 2432 quorum
1330 2394 1512 2424 auctoritate
1550 2394 1665 2425 moveri

911 2446 1003 2477 posse
1012 2434 1136 2475 judices
1150 2435 1383 2466 arbitrabantur.

952 2478 1001 2508 Ib.
1026 2478 1106 2508 Licet
1118 2480 1144 2508 ei
1158 2478 1254 2508 mimis
1278 2479 1395 2520 valera]
1441 2478 1551 2521 Carpit
1567 2480 1666 2511 Anto-

909 2521 994 2552 nium
1017 2521 1101 2562 quod
1129 2521 1251 2551 abesset
1273 2521 1291 2551 a
1318 2527 1439 2558 senatu,
1462 2525 1514 2564 qui
1538 2524 1665 2564 quidem

910 2566 1055 2595 utebatur
1077 2563 1275 2595 excusatione
1292 2563 1489 2601 valetudinis,
1505 2576 1596 2606 quam
1613 2577 1666 2595 ex-

911 2607 1103 2638 cusationem
1131 2618 1192 2636 non
1218 2606 1343 2636 admisit
1371 2617 1444 2647 erga
1472 2608 1666 2645 Ciceronem,

913 2650 966 2691 qui
981 2650 1087 2680 revera.
1103 2650 1142 2680 de
1159 2650 1207 2679 via
1224 2649 1403 2690 languebat.

957 2694 989 2725 5.
1014 2692 1133 2723 Duceret
1147 2693 1218 2733 me.]
1251 2691 1399 2722 Ostendit
1414 2692 1497 2733 quod
1514 2692 1667 2724 Antonius

914 2735 1046 2767 caesaris
1061 2741 1130 2766 acta
1153 2746 1216 2766 non
1239 2739 1350 2772 servat,
1365 2734 1438 2776 quia
1452 2736 1561 2768 revera
1582 2737 1668 2779 leges

913 2778 979 2821 ejus
994 2788 1058 2810 non
1073 2784 1185 2810 servat.

1657 992 1712 1033 60
