1790 3090
40 160 126 205 256
751 156 803 195 IN
826 154 1046 193 P1soNEM.

113 231 300 287 ventius)
320 231 570 288 respondes,
591 231 726 273 altero
750 231 806 273 ad
833 231 1016 273 frontem
1038 229 1224 283 sublato,
1246 230 1380 272 altero
1402 230 1457 272 ad
1477 236 1670 276 mentum

42 292 96 333 75
115 288 318 345 depresso
355 287 596 343 supercilio,
618 288 915 330 crudelitatem
949 287 1029 329 tibi
1065 302 1152 328 non
1184 288 1367 343 placere.
1428 286 1513 328 Hic
1533 294 1575 329 te
1597 288 1670 331 ille

114 345 259 397 homo,
293 344 567 401 dignissimus
606 344 690 385 tuis
724 345 937 395 laudibus,
963 344 1235 386 collaudavit.
1295 343 1570 386 Crudelitatis
1607 350 1670 395 tu,

115 401 308 443 furcifer!
342 407 537 449 senatum
557 401 707 447 consul
729 400 773 441 in
793 401 1002 442 concione
1024 400 1314 442 condemnas?
1346 415 1432 441 non
1453 399 1566 441 enim
1587 414 1669 450 me,

113 458 188 514 qui
209 457 373 498 senatui
394 456 536 512 parui3
580 471 679 498 nam
714 457 863 498 relatio
897 457 972 498 illa
1006 456 1203 497 salutaris
1237 465 1281 498 et
1314 457 1499 512 diligens
1535 456 1673 497 fuerat

114 513 330 564 consulis3
361 513 672 560 animadversio
704 513 879 569 quidem
915 520 958 554 et
985 512 1199 568 judicium
1227 512 1421 564 senatus3
1459 528 1554 568 quae
1576 511 1672 553 cum

42 574 96 614 80
115 569 405 626 reprehendis,
427 569 635 621 ostendis,
658 569 798 625 qualis
820 576 880 617 tu,
902 569 938 609 si
960 569 1020 609 ita
1041 568 1149 609 forte
1175 568 1423 620 accidisset,
1445 568 1575 609 fueris
1597 568 1670 612 illo

113 633 303 682 tempore
324 627 476 667 consul
512 626 703 676 suturus3
735 625 965 681 stipendio,
988 625 1245 676 mehercule,
1278 631 1321 665 et
1352 625 1561 666 frumento
1591 624 1672 665 Ca-

113 683 281 724 tilinam
301 697 395 736 esse
416 682 615 738 putasses
645 683 907 738 juvandum3
940 681 1045 738 quid
1068 680 1182 723 enim
1202 680 1394 722 interfuit
1425 681 1534 722 inter
1555 679 1674 721 Cati-

112 739 257 791 linam,
289 746 332 780 et
362 754 470 789 eum,
504 739 573 780 cui
605 746 651 779 tu
682 739 856 780 senatus
895 738 1211 789 auctoritatem,
1250 739 1434 779 salutem
1469 736 1672 787 civitatis,

113 801 249 836 totam
280 795 493 851 Rempub.
525 795 754 850 provinciae
795 796 969 850 praemio
1013 794 1274 836 vendidisti?
1343 794 1450 842 Quae
1481 793 1594 835 enim
1626 792 1672 834 L.

42 855 95 896 85
116 852 348 893 Catilinam
385 860 611 893 conantem
656 852 807 893 consul
846 851 1060 907 prohibui,
1098 866 1148 892 ea
1187 851 1237 892 P.
1275 851 1474 892 Clodium
1515 849 1676 891 facien-

114 914 203 949 tem
226 908 426 949 oonsules
462 908 726 962 adjuverunt.
795 907 948 949 Voluit
983 909 1053 949 ille
1089 914 1284 949 senatum
1314 907 1568 957 interficere,
1598 919 1675 946 vos

115 963 373 1014 sustulistis3
404 964 522 1019 leges
544 963 788 1014 incendere,
808 978 884 1004 vos
905 964 1171 1020 abrogasti&
1202 964 1371 1005 interire
1388 963 1580 1018 patriam,
1596 975 1672 1003 vos

115 1019 355 1076 adjuvistis.
406 1019 522 1067 Quid
539 1027 605 1059 est
625 1019 746 1065 vobis
769 1020 1016 1060 consulibus
1034 1026 1204 1075 gestum
1220 1019 1314 1061 sine
1332 1019 1486 1060 armis?
1519 1019 1671 1059 Incen-

116 1077 215 1118 dere
229 1076 303 1116 illa
316 1075 633 1131 conjuratorum
646 1089 795 1115 manus
811 1075 946 1115 voluit
954 1075 1136 1123 Urbem3
1153 1090 1228 1115 vos
1240 1077 1332 1128 ejus
1346 1076 1535 1122 domum,
1546 1087 1674 1127 quem

41 1138 96 1178 90
116 1140 288 1189 propter
307 1132 419 1173 Urbs
448 1131 624 1176 incensa
653 1146 741 1172 non
765 1138 844 1172 est.
903 1131 970 1171 Ac
991 1145 1044 1171 ne
1066 1129 1128 1170 illi
1153 1129 1340 1185 quidem,
1361 1127 1397 1169 si
1419 1127 1673 1169 habuissent

114 1189 241 1231 vestri
259 1188 442 1229 similem
457 1188 690 1238 consulem,
707 1188 761 1228 de
779 1186 909 1227 Urbis
926 1185 1126 1227 incendio
1145 1184 1434 1241 cogitassent3
1455 1199 1542 1225 non
1559 1184 1674 1225 enim

117 1261 162 1286 se
184 1245 311 1286 tectis
335 1244 495 1300 privare
514 1244 757 1284 voluerunt:
788 1244 878 1293 sed,
899 1242 966 1283 his
985 1242 1390 1290 stantibus,nullum
1411 1240 1677 1282 domicilium

117 1301 267 1343 sceleri
289 1316 367 1342 suo
398 1300 487 1341 fore
510 1307 778 1357 putaverunt.
838 1299 1014 1340 Caedem
1042 1298 1105 1339 illi
1137 1298 1307 1348 civium,
1330 1312 1405 1339 vos
1428 1297 1675 1343 servitutem

118 1356 355 1413 expetistis.
417 1357 497 1397 His
521 1371 594 1397 vos
617 1356 747 1397 etiarn
768 1355 1049 1408 crudeliores3
1085 1354 1187 1396 huic
1203 1354 1317 1395 enim
1333 1354 1491 1410 populo
1508 1352 1569 1394 ita
1584 1353 1675 1396 fue-

43 1421 97 1461 95
117 1421 182 1455 rat
201 1421 298 1455 ante
319 1428 396 1456 vos
419 1413 616 1455 consules
637 1413 810 1455 libertas
830 1412 973 1463 insita,
990 1419 1039 1453 ut
1054 1411 1186 1455 emori
1206 1410 1349 1467 potius
1371 1409 1498 1467 qnam
1518 1410 1674 1451 servire

121 1472 394 1528 [praestaret]

174 1528 251 1570 IV.
283 1528 394 1569 Illud
429 1526 527 1568 vero
548 1525 796 1583 ageminum
831 1524 1022 1568 consiliis
1051 1524 1250 1566 Catilinae
1277 1531 1320 1566 et
1354 1523 1540 1575 Lentuli,
1560 1521 1676 1579 quod

746 1697 1052 1738 asimillz'mum.

160 1886 213 1916 74.
236 1884 336 1916 Altero
349 1884 553 1927 adfrontem]
589 1883 802 1926 Hyperbolice
819 1883 875 1914 de·
918 1887 994 1919 tere,
1011 1881 1066 1924 qui
1076 1881 1237 1923 rogatione
1253 1880 1308 1913 sua
1323 1881 1424 1924 legem
1440 1880 1558 1912 AEliam
1569 1884 1602 1912 et
1616 1880 1641 1912 F
1645 1891 1678 1911 u-

118 1928 225 1961 scribit
239 1928 361 1958 Pisonis
376 1928 515 1958 habitum
529 1939 565 1959 ac
580 1927 819 1958 deformitatem.
919 1926 998 1956 siam
1012 1927 1194 1967 abrogabat.

161 1973 214 2003 75.
239 1971 478 2011 Crudelitatem]
530 1971 628 2008 Quasi
649 1970 782 2000 crudelis
794 1969 876 1999 visus
962 1970 1015 1999 89.
1043 1968 1094 1999 Vos
1116 1970 1177 2008 ejus
1199 1967 1342 2007 domum]
1375 1965 1534 1997 Ciceronis
1552 1969 1677 2000 domum

120 2019 202 2045 esset
223 2013 345 2049 Cicero,
362 2013 432 2044 esim
448 2013 621 2054 conjuratos
645 2018 743 2043 morte
759 2012 878 2043 affecit.
919 2011 1070 2046 incendit,
1093 2011 1148 2050 qui
1170 2011 1290 2041 detexit
1314 2009 1476 2040 consilium
1501 2010 1678 2051 conjurato.

162 2057 212 2086 Ib.
229 2056 284 2086 Ille
297 2056 403 2097 homa]
449 2057 590 2087 Clodius.
914 2065 992 2089 rum,
1008 2054 1059 2095 qui
1074 2053 1191 2084 Urbem
1203 2052 1433 2083 incendendam
1444 2053 1647 2086 destinarant.

162 2102 215 2129 77.
242 2098 400 2140 Furcifer]
434 2099 582 2129 Furciferi
597 2098 675 2129 servi
689 2098 874 2129 dicebantur
961 2100 1013 2128 91.
1049 2096 1095 2126 De
1115 2096 1201 2126 Urbis
1214 2097 1344 2127 incendio
1369 2095 1566 2138 cogitassent]
1611 2098 1679 2129 Vo-

121 2141 139 2172 ·ἲι
154 2142 251 2178 furca,
267 2140 363 2182 qued,
378 2142 418 2171 ob
434 2142 630 2173 commissum
655 2141 782 2181 aliquod
798 2139 874 2171 faci·
918 2140 1025 2170 lebant
1040 2139 1230 2170 Catilinariae
1246 2138 1467 2179 conjurationis
1485 2139 1591 2171 affines
1614 2140 1679 2171 Ur-

121 2196 189 2220 nus,
205 2186 320 2215 furcam
334 2184 412 2215 collo
427 2190 590 2224 gestarent.
635 2184 780 2214 Donatus.
919 2183 991 2212 bem
1005 2183 1230 2218 incendere‚ut
1241 2181 1272 2211 in
1281 2181 1336 2212 illa
1348 2180 1431 2211 urbis
1449 2183 1677 2222 perturbatione

163 2230 217 2258 78.
255 2227 315 2261 Qui
343 2229 458 2258 senatui
481 2228 599 2268 parui]
644 2226 728 2257 Nam
753 2224 875 2256 senatsss
921 2225 1105 2256 Ciceronem
1132 2225 1289 2255 consulem
1312 2224 1533 2261 interficerent,
1550 2226 1590 2256 de
1613 2237 1676 2267 quo

121 2271 248 2300 decreto
272 2276 369 2300 morte
392 2271 593 2301 condemnati
606 2270 730 2300 fuerant
743 2269 787 2299 illi
802 2279 877 2299 con·
919 2267 1130 2299 interficiendo
1147 2277 1307 2308 nunquam
1321 2267 1522 2307 cogitassent,
1533 2269 1558 2299 si
1570 2269 1677 2299 Pisoni

118 2313 283 2354 jurationis
297 2312 484 2343 Catilinariae
500 2313 588 2343 socii.

165 2355 214 2387 Ib.
240 2354 318 2385 Nam
331 2356 461 2396 relatio]
507 2355 616 2386 Cicero
638 2353 746 2384 consul
770 2353 877 2394 conju-

121 2398 284 2470 rati-onem,
296 2398 314 2427 ’ἐι
329 2408 362 2428 se
377 2399 543 2434 detectam,
555 2397 676 2429 senatui
687 2395 807 2427 tantum
822 2399 878 2427 de-

123 2446 156 2471 tu
173 2450 178 2469 1
197 2464 204 2471 .

168 2486 220 2514 86.
258 2482 310 2513 Vos
333 2483 515 2523 sustulistis]
559 2481 638 2513 Cflm
665 2480 878 2512 senatus-con-

124 2526 237 2565 sultum
258 2526 373 2555 factum
397 2531 490 2562 esset,
506 2530 540 2555 ut
554 2529 679 2566 propter
695 2522 878 2555 Ciceronem

124 2575 249 2599 senatus
274 2574 392 2598 vestem
409 2574 553 2605 mutaret,
570 2567 710 2598 consules
736 2567 882 2607 prohibu-

124 2610 186 2642 ere.
231 2610 331 2642 Imm&
352 2611 429 2640 dixit
444 2611 606 2646 Gabinius,
626 2620 724 2640 errare
746 2611 880 2644 homines,

123 2656 147 2684 si
162 2655 247 2685 etiam
261 2659 393 2684 senatum
415 2654 527 2693 aliquid
543 2656 572 2684 in
589 2652 732 2692 republica
744 2663 820 2693 posse
831 2663 881 2682 αν-

125 2698 317 2727 bitrarentur.
337 2729 340 2731 ,
363 2695 434 2726 Pro.
453 2695 536 2726 Sext.

168 2742 220 2770 87.
263 2739 313 2770 ῐόε
337 2738 519 2780 abrogdstis]
569 2737 768 2779 Abrogiirunt
795 2738 881 2778 leges

126 2782 279 2814 Gabinius
306 2787 338 2813 et
361 2782 446 2820 Piso,
460 2781 532 2814 cum
562 2779 675 2813 Clodio
699 2791 763 2812 non
787 2781 881 2812 obsti-

920 2317 973 2341 aut
997 2310 1132 2341 Gabinio
1148 2311 1179 2340 in
1204 2311 1341 2350 gerendo
1366 2311 1526 2341 consulatu
1550 2321 1606 2352 par
1630 2312 1678 2341 fu-

920 2353 1005 2384 isset.
1048 2354 1132 2384 Vide
1150 2353 1274 2383 Sallust.
1290 2353 1322 2382 in
1337 2352 1419 2383 Bell.
1437 2352 1530 2384 Catil.

965 2399 1018 2428 92.
1041 2396 1107 2434 Sed,
1122 2397 1165 2426 his
1177 2395 1348 2436 stantibus]
1378 2395 1453 2425 Non
1468 2396 1603 2437 parietes
1618 2395 1679 2436 sig-

921 2439 1038 2475 nificat,
1060 2440 1115 2469 sed
1139 2444 1242 2479 patres
1257 2437 1467 2479 conscript053
1490 2439 1579 2479 quasi
1594 2438 1679 2468 dice-

921 2487 980 2517 ret,
1002 2481 1161 2518 Quamdiu
1189 2480 1266 2511 tales
1292 2481 1433 2512 consules
1456 2486 1488 2511 et
1510 2486 1678 2516 senatores,

921 2521 1029 2564 quales
1051 2524 1103 2553 isti
1126 2528 1206 2560 sunt,
1220 2524 1458 2564 permanebunt.
1502 2523 1570 2563 [Sic
1587 2530 1676 2554 mox:

925 2566 976 2596 Me
990 2572 1083 2596 stante
1096 2572 1122 2596 et
1134 2572 1274 2596 manente.
1320 2566 1481 2607 Hottom.]

971 2611 1022 2640 93.
1046 2608 1124 2648 Illi]
1149 2609 1323 2649 Conjurati.

967 2654 998 2681 1.
1021 2651 1103 2682 Illud
1118 2651 1182 2681 vers)
1194 2650 1370 2692 geminum]
1407 2650 1447 2681 Id
1462 2655 1519 2686 est,
1533 2650 1680 2682 effecistis

924 2694 1043 2736 aliquid
1072 2694 1259 2724 simillimum
1283 2694 1348 2735 ejus
1374 2694 1459 2736 quod
1484 2694 1619 2726 Catilina
1645 2699 1680 2725 et

925 2738 1076 2770 Lentulus
1091 2737 1234 2776 effecere.
