<?xml version="1.0" encoding="UTF-8"?>
<!DOCTYPE html PUBLIC "-//W3C//DTD XHTML 1.0 Transitional//EN"
    "http://www.w3.org/TR/xhtml1/DTD/xhtml1-transitional.dtd">
<html xmlns="http://www.w3.org/1999/xhtml" xml:lang="en" lang="en">
 <head>
  <title>
</title>
<meta http-equiv="Content-Type" content="text/html;charset=utf-8" />
  <meta name='ocr-system' content='tesseract 3.04.00' />
  <meta name='ocr-capabilities' content='ocr_page ocr_carea ocr_par ocr_line ocrx_word'/>
</head>
<body>
  <div class='ocr_page' id='page_1' title='image "./selectaeoratione00ciceuoft_0094.png"; bbox 0 0 1790 3090; ppageno 0'>
   <div class='ocr_carea' id='block_1_1' title="bbox 99 186 155 228">
    <p class='ocr_par' dir='ltr' id='par_1_1' title="bbox 99 186 155 228">
     <span class='ocr_line' id='line_1_1' title="bbox 99 186 155 228; baseline 0 0"><span class='ocrx_word' id='word_1_1' title='bbox 99 186 155 228; x_wconf 85' lang='lat'>54</span> 
     </span>
    </p>
   </div>
   <div class='ocr_carea' id='block_1_2' title="bbox 719 187 1189 221">
    <p class='ocr_par' dir='ltr' id='par_1_2' title="bbox 719 187 1189 221">
     <span class='ocr_line' id='line_1_2' title="bbox 719 187 1189 221; baseline 0 0"><span class='ocrx_word' id='word_1_2' title='bbox 719 189 810 221; x_wconf 84' lang='lat' dir='ltr'>PRO</span> <span class='ocrx_word' id='word_1_3' title='bbox 831 187 952 221; x_wconf 76' lang='lat' dir='ltr'>LEGE</span> <span class='ocrx_word' id='word_1_4' title='bbox 974 187 1189 221; x_wconf 83' lang='lat' dir='ltr'>MANILIA.</span> 
     </span>
    </p>
   </div>
   <div class='ocr_carea' id='block_1_3' title="bbox 774 345 1137 379">
    <p class='ocr_par' dir='ltr' id='par_1_3' title="bbox 774 345 1137 379">
     <span class='ocr_line' id='line_1_3' title="bbox 774 345 1137 379; baseline -0.003 -2"><span class='ocrx_word' id='word_1_5' title='bbox 774 345 1137 379; x_wconf 85' lang='lat' dir='ltr'><strong>CONFUTATIONIS</strong></span> 
     </span>
    </p>
   </div>
   <div class='ocr_carea' id='block_1_4' title="bbox 805 458 1134 487">
    <p class='ocr_par' dir='ltr' id='par_1_4' title="bbox 805 458 1134 487">
     <span class='ocr_line' id='line_1_4' title="bbox 805 458 1134 487; baseline 0.003 -2"><span class='ocrx_word' id='word_1_6' title='bbox 805 458 966 487; x_wconf 86' lang='lat' dir='ltr'>PRIMA</span> <span class='ocrx_word' id='word_1_7' title='bbox 994 460 1134 487; x_wconf 77' lang='lat' dir='ltr'>PARS.</span> 
     </span>
    </p>
   </div>
   <div class='ocr_carea' id='block_1_5' title="bbox 239 559 1682 657">
    <p class='ocr_par' dir='ltr' id='par_1_5' title="bbox 239 559 1682 657">
     <span class='ocr_line' id='line_1_5' title="bbox 239 559 1682 613; baseline 0.001 -14"><span class='ocrx_word' id='word_1_8' title='bbox 239 561 299 599; x_wconf 73' lang='lat' dir='ltr'>In</span> <span class='ocrx_word' id='word_1_9' title='bbox 318 560 403 612; x_wconf 68' lang='lat' dir='ltr'>qud</span> <span class='ocrx_word' id='word_1_10' title='bbox 420 559 619 613; x_wconf 70' lang='lat' dir='ltr'>confutat</span> <span class='ocrx_word' id='word_1_11' title='bbox 640 559 940 608; x_wconf 77' lang='lat' dir='ltr'><em>Hortensium,</em></span> <span class='ocrx_word' id='word_1_12' title='bbox 972 562 1047 611; x_wconf 70' lang='lat' dir='ltr'>qui</span> <span class='ocrx_word' id='word_1_13' title='bbox 1066 561 1210 600; x_wconf 65' lang='lat' dir='ltr'>omnia</span> <span class='ocrx_word' id='word_1_14' title='bbox 1242 560 1470 602; x_wconf 69' lang='lat' dir='ltr'>tribuenda</span> <span class='ocrx_word' id='word_1_15' title='bbox 1490 562 1571 602; x_wconf 78' lang='lat' dir='ltr'>uni</span> <span class='ocrx_word' id='word_1_16' title='bbox 1592 574 1682 601; x_wconf 72' lang='lat' dir='ltr'>non.</span> 
     </span>
     <span class='ocr_line' id='line_1_6' title="bbox 855 617 1061 657; baseline 0 -1"><span class='ocrx_word' id='word_1_17' title='bbox 855 617 1061 657; x_wconf 74' lang='lat' dir='ltr'>censebat.</span> 
     </span>
    </p>
   </div>
   <div class='ocr_carea' id='block_1_6' title="bbox 182 703 1744 880">
    <p class='ocr_par' dir='ltr' id='par_1_6' title="bbox 182 703 1744 873">
     <span class='ocr_line' id='line_1_7' title="bbox 241 703 1740 760; baseline 0.001 -17"><span class='ocrx_word' id='word_1_18' title='bbox 241 703 368 744; x_wconf 92' lang='lat' dir='ltr'>XIII.</span> <span class='ocrx_word' id='word_1_19' title='bbox 400 704 461 745; x_wconf 87' lang='lat' dir='ltr'>At</span> <span class='ocrx_word' id='word_1_20' title='bbox 473 704 586 745; x_wconf 86' lang='lat' dir='ltr'>enim</span> <span class='ocrx_word' id='word_1_21' title='bbox 605 703 668 745; x_wconf 88' lang='lat' dir='ltr'>vir</span> <span class='ocrx_word' id='word_1_22' title='bbox 686 703 963 756; x_wconf 85' lang='lat' dir='ltr'>clarissimus,</span> <span class='ocrx_word' id='word_1_23' title='bbox 981 703 1298 745; x_wconf 81' lang='lat' dir='ltr'>amantissimus</span> <span class='ocrx_word' id='word_1_24' title='bbox 1315 703 1572 760; x_wconf 84' lang='lat' dir='ltr'>reipublicae,</span> <span class='ocrx_word' id='word_1_25' title='bbox 1586 703 1740 746; x_wconf 82' lang='lat' dir='ltr'>vestris</span> 
     </span>
     <span class='ocr_line' id='line_1_8' title="bbox 182 760 1744 816; baseline 0.001 -16"><span class='ocrx_word' id='word_1_26' title='bbox 182 760 405 802; x_wconf 84' lang='lat' dir='ltr'>benefieiis</span> <span class='ocrx_word' id='word_1_27' title='bbox 428 760 700 816; x_wconf 77' lang='lat' dir='ltr'>amplissimis</span> <span class='ocrx_word' id='word_1_28' title='bbox 735 760 932 811; x_wconf 82' lang='lat' dir='ltr'>affectus,</span> <span class='ocrx_word' id='word_1_29' title='bbox 965 761 1017 808; x_wconf 92' lang='lat' dir='ltr'>Q.</span> <span class='ocrx_word' id='word_1_30' title='bbox 1037 761 1230 812; x_wconf 79' lang='lat' dir='ltr'>Catulus,</span> <span class='ocrx_word' id='word_1_31' title='bbox 1261 761 1450 816; x_wconf 78' lang='lat' dir='ltr'>itemque</span> <span class='ocrx_word' id='word_1_32' title='bbox 1478 761 1655 802; x_wconf 86' lang='lat' dir='ltr'>summis</span> <span class='ocrx_word' id='word_1_33' title='bbox 1677 775 1744 802; x_wconf 80' lang='lat'><strong>01·-</strong></span> 
     </span>
     <span class='ocr_line' id='line_1_9' title="bbox 182 817 1744 880; baseline 0.001 -24"><span class='ocrx_word' id='word_1_34' title='bbox 182 817 396 858; x_wconf 82' lang='lat' dir='ltr'>namentis</span> <span class='ocrx_word' id='word_1_35' title='bbox 417 817 607 868; x_wconf 84' lang='grc'><strong>110110115,</strong></span> <span class='ocrx_word' id='word_1_36' title='bbox 627 817 820 868; x_wconf 79' lang='lat' dir='ltr'>smtunae,</span> <span class='ocrx_word' id='word_1_37' title='bbox 844 832 905 858; x_wconf 75' lang='grc'>111</span> <span class='ocrx_word' id='word_1_38' title='bbox 909 817 1025 869; x_wconf 77' lang='lat' dir='ltr'>tutis,</span> <span class='ocrx_word' id='word_1_39' title='bbox 1057 817 1219 874; x_wconf 83' lang='lat' dir='ltr'>ingenii</span> <span class='ocrx_word' id='word_1_40' title='bbox 1240 818 1470 880; x_wconf 74' lang='lat' dir='ltr'>praeditus,</span> <span class='ocrx_word' id='word_1_41' title='bbox 1480 818 1534 866; x_wconf 97' lang='lat' dir='ltr'>Q.</span> <span class='ocrx_word' id='word_1_42' title='bbox 1555 817 1744 858; x_wconf 85' lang='lat' dir='ltr'>Horten-</span> 
     </span>
    </p>
   </div>
   <div class='ocr_carea' id='block_1_7' title="bbox 185 873 971 925">
    <p class='ocr_par' dir='ltr' id='par_1_7' title="bbox 185 873 971 925">
     <span class='ocr_line' id='line_1_10' title="bbox 185 873 971 925; baseline 0.001 -12"><span class='ocrx_word' id='word_1_43' title='bbox 185 873 289 925; x_wconf 88' lang='lat' dir='ltr'>sius,</span> <span class='ocrx_word' id='word_1_44' title='bbox 312 874 364 914; x_wconf 81' lang='lat' dir='ltr'>ab</span> <span class='ocrx_word' id='word_1_45' title='bbox 385 874 433 913; x_wconf 93' lang='grc'>11·</span> <span class='ocrx_word' id='word_1_46' title='bbox 419 890 471 915; x_wconf 85' lang='grc'>·16</span> <span class='ocrx_word' id='word_1_47' title='bbox 502 874 665 915; x_wconf 79' lang='lat' dir='ltr'>latione</span> <span class='ocrx_word' id='word_1_48' title='bbox 687 873 971 925; x_wconf 80' lang='lat' dir='ltr'>dissentiunt3</span> 
     </span>
    </p>
   </div>
   <div class='ocr_carea' id='block_1_8' title="bbox 1003 873 1745 930">
    <p class='ocr_par' dir='ltr' id='par_1_8' title="bbox 1003 873 1745 930">
     <span class='ocr_line' id='line_1_11' title="bbox 1003 873 1745 930; baseline -0.001 -15"><span class='ocrx_word' id='word_1_49' title='bbox 1003 889 1183 930; x_wconf 85' lang='lat' dir='ltr'>quorum</span> <span class='ocrx_word' id='word_1_50' title='bbox 1205 889 1286 930; x_wconf 88' lang='lat' dir='ltr'>eoo</span> <span class='ocrx_word' id='word_1_51' title='bbox 1309 873 1610 916; x_wconf 81' lang='lat' dir='ltr'>auctoritatem</span> <span class='ocrx_word' id='word_1_52' title='bbox 1629 873 1745 930; x_wconf 84' lang='lat' dir='ltr'>apud</span> 
     </span>
    </p>
   </div>
   <div class='ocr_carea' id='block_1_9' title="bbox 121 929 1747 1275">
    <p class='ocr_par' dir='ltr' id='par_1_9' title="bbox 185 929 1742 996">
     <span class='ocr_line' id='line_1_12' title="bbox 185 929 1742 996; baseline 0.001 -26"><span class='ocrx_word' id='word_1_53' title='bbox 185 945 260 970; x_wconf 88' lang='lat' dir='ltr'>vos</span> <span class='ocrx_word' id='word_1_54' title='bbox 275 929 418 971; x_wconf 85' lang='lat' dir='ltr'>multis</span> <span class='ocrx_word' id='word_1_55' title='bbox 434 931 540 972; x_wconf 85' lang='lat' dir='ltr'>locis</span> <span class='ocrx_word' id='word_1_56' title='bbox 558 930 799 996; x_wconf 87' lang='lat' dir='ltr'>plurimum</span> <span class='ocrx_word' id='word_1_57' title='bbox 805 930 1003 982; x_wconf 85' lang='lat' dir='ltr'>valuisse,</span> <span class='ocrx_word' id='word_1_58' title='bbox 1035 938 1079 972; x_wconf 87' lang='lat' dir='ltr'>et</span> <span class='ocrx_word' id='word_1_59' title='bbox 1099 932 1240 972; x_wconf 78' lang='lat' dir='ltr'>valete</span> <span class='ocrx_word' id='word_1_60' title='bbox 1264 937 1476 987; x_wconf 87' lang='lat' dir='ltr'>0p01tere,</span> <span class='ocrx_word' id='word_1_61' title='bbox 1507 931 1742 973; x_wconf 83' lang='lat' dir='ltr'>confiteor:</span> 
     </span>
    </p>

    <p class='ocr_par' dir='ltr' id='par_1_10' title="bbox 121 986 1747 1269">
     <span class='ocr_line' id='line_1_13' title="bbox 185 986 1746 1051; baseline 0.001 -25"><span class='ocrx_word' id='word_1_62' title='bbox 185 986 276 1037; x_wconf 87' lang='lat' dir='ltr'>sed,</span> <span class='ocrx_word' id='word_1_63' title='bbox 297 986 340 1026; x_wconf 90' lang='lat' dir='ltr'>in</span> <span class='ocrx_word' id='word_1_64' title='bbox 359 986 409 1026; x_wconf 95' lang='grc'>11</span> <span class='ocrx_word' id='word_1_65' title='bbox 393 1002 445 1027; x_wconf 62' lang='lat' dir='ltr'>ic</span> <span class='ocrx_word' id='word_1_66' title='bbox 466 1002 586 1028; x_wconf 82' lang='lat' dir='ltr'>cans</span> <span class='ocrx_word' id='word_1_67' title='bbox 573 987 614 1039; x_wconf 66' lang='grc' dir='ltr'>ξι,</span> <span class='ocrx_word' id='word_1_68' title='bbox 630 987 803 1029; x_wconf 85' lang='lat' dir='ltr'>tametsi</span> <span class='ocrx_word' id='word_1_69' title='bbox 823 987 1090 1042; x_wconf 77' lang='lat' dir='ltr'>cognoscitis</span> <span class='ocrx_word' id='word_1_70' title='bbox 1113 988 1390 1030; x_wconf 74' lang='lat' dir='ltr'>auctoiitates</span> <span class='ocrx_word' id='word_1_71' title='bbox 1413 987 1647 1051; x_wconf 80' lang='lat' dir='ltr'>contrarias</span> <span class='ocrx_word' id='word_1_72' title='bbox 1661 987 1746 1027; x_wconf 77' lang='lat' dir='ltr'>for-</span> 
     </span>
     <span class='ocr_line' id='line_1_14' title="bbox 184 1042 1746 1095; baseline 0.001 -13"><span class='ocrx_word' id='word_1_73' title='bbox 184 1042 450 1084; x_wconf 79' lang='lat' dir='ltr'>tissimoium</span> <span class='ocrx_word' id='word_1_74' title='bbox 471 1044 654 1084; x_wconf 84' lang='lat' dir='ltr'>virorum</span> <span class='ocrx_word' id='word_1_75' title='bbox 676 1050 718 1084; x_wconf 87' lang='lat' dir='ltr'>et</span> <span class='ocrx_word' id='word_1_76' title='bbox 739 1044 1097 1085; x_wconf 78' lang='lat' dir='ltr'>clarissimorum·</span> <span class='ocrx_word' id='word_1_77' title='bbox 1089 1076 1099 1095; x_wconf 90' lang='lat'>,</span> <span class='ocrx_word' id='word_1_78' title='bbox 1131 1051 1289 1094; x_wconf 81' lang='lat' dir='ltr'>tamen,</span> <span class='ocrx_word' id='word_1_79' title='bbox 1322 1044 1494 1085; x_wconf 87' lang='lat' dir='ltr'>omissis</span> <span class='ocrx_word' id='word_1_80' title='bbox 1515 1043 1746 1085; x_wconf 80' lang='lat' dir='ltr'>auctorita-</span> 
     </span>
     <span class='ocr_line' id='line_1_15' title="bbox 185 1099 1747 1162; baseline 0.001 -23"><span class='ocrx_word' id='word_1_81' title='bbox 185 1099 313 1148; x_wconf 81' lang='lat' dir='ltr'>tibus,</span> <span class='ocrx_word' id='word_1_82' title='bbox 346 1100 444 1155; x_wconf 80' lang='lat' dir='ltr'>ipsa</span> <span class='ocrx_word' id='word_1_83' title='bbox 476 1115 518 1141; x_wconf 86' lang='lat' dir='ltr'>re</span> <span class='ocrx_word' id='word_1_84' title='bbox 550 1108 593 1141; x_wconf 85' lang='lat' dir='ltr'>et</span> <span class='ocrx_word' id='word_1_85' title='bbox 622 1101 785 1141; x_wconf 80' lang='lat' dir='ltr'>ratione</span> <span class='ocrx_word' id='word_1_86' title='bbox 818 1100 1039 1155; x_wconf 78' lang='lat' dir='ltr'>exquirele</span> <span class='ocrx_word' id='word_1_87' title='bbox 1068 1115 1296 1156; x_wconf 86' lang='lat' dir='ltr'>possumus</span> <span class='ocrx_word' id='word_1_88' title='bbox 1326 1101 1576 1150; x_wconf 81' lang='lat' dir='ltr'>veritatem3</span> <span class='ocrx_word' id='word_1_89' title='bbox 1615 1105 1747 1162; x_wconf 85' lang='lat' dir='ltr'>atque</span> 
     </span>
     <span class='ocr_line' id='line_1_16' title="bbox 185 1155 1746 1211; baseline 0.001 -16"><span class='ocrx_word' id='word_1_90' title='bbox 185 1155 270 1196; x_wconf 89' lang='grc'><strong>1106</strong></span> <span class='ocrx_word' id='word_1_91' title='bbox 292 1156 478 1206; x_wconf 83' lang='lat' dir='ltr'>facilius,</span> <span class='ocrx_word' id='word_1_92' title='bbox 512 1156 626 1211; x_wconf 71' lang='lat' dir='ltr'>qubd</span> <span class='ocrx_word' id='word_1_93' title='bbox 648 1171 697 1197; x_wconf 80' lang='lat' dir='ltr'>ea</span> <span class='ocrx_word' id='word_1_94' title='bbox 718 1171 1002 1211; x_wconf 77' lang='grc'><strong>011111111,(]1166</strong></span> <span class='ocrx_word' id='word_1_95' title='bbox 1023 1157 1199 1196; x_wconf 79' lang='lat' dir='ltr'>adhuc</span> <span class='ocrx_word' id='word_1_96' title='bbox 1186 1172 1210 1196; x_wconf 85' lang='grc'>1</span> <span class='ocrx_word' id='word_1_97' title='bbox 1240 1171 1308 1197; x_wconf 84' lang='grc'><strong>1116</strong></span> <span class='ocrx_word' id='word_1_98' title='bbox 1330 1156 1447 1198; x_wconf 85' lang='lat' dir='ltr'>dicta</span> <span class='ocrx_word' id='word_1_99' title='bbox 1467 1163 1582 1205; x_wconf 85' lang='lat' dir='ltr'>sunt,</span> <span class='ocrx_word' id='word_1_100' title='bbox 1614 1155 1746 1196; x_wconf 88' lang='lat' dir='ltr'>iidem</span> 
     </span>
     <span class='ocr_line' id='line_1_17' title="bbox 121 1211 1746 1275; baseline 0 -23"><span class='ocrx_word' id='word_1_101' title='bbox 121 1211 258 1261; x_wconf 76' lang='lat' dir='ltr'>loisti</span> <span class='ocrx_word' id='word_1_102' title='bbox 275 1227 374 1252; x_wconf 78' lang='lat' dir='ltr'>vera</span> <span class='ocrx_word' id='word_1_103' title='bbox 395 1227 488 1254; x_wconf 82' lang='lat' dir='ltr'>esse</span> <span class='ocrx_word' id='word_1_104' title='bbox 511 1212 771 1264; x_wconf 86' lang='lat' dir='ltr'>concedunt,</span> <span class='ocrx_word' id='word_1_105' title='bbox 795 1219 837 1253; x_wconf 86' lang='lat' dir='ltr'>et</span> <span class='ocrx_word' id='word_1_106' title='bbox 859 1213 1147 1253; x_wconf 71' lang='lat' dir='ltr'>necessatium</span> <span class='ocrx_word' id='word_1_107' title='bbox 1165 1213 1324 1254; x_wconf 85' lang='lat' dir='ltr'>bellum</span> <span class='ocrx_word' id='word_1_108' title='bbox 1346 1227 1440 1254; x_wconf 88' lang='lat' dir='ltr'>esse</span> <span class='ocrx_word' id='word_1_109' title='bbox 1461 1219 1504 1255; x_wconf 88' lang='lat' dir='ltr'>et</span> <span class='ocrx_word' id='word_1_110' title='bbox 1523 1227 1746 1275; x_wconf 80' lang='lat' dir='ltr'>magnum,</span> 
     </span>
    </p>
   </div>
   <div class='ocr_carea' id='block_1_10' title="bbox 187 1268 1210 1332">
    <p class='ocr_par' dir='ltr' id='par_1_11' title="bbox 187 1268 1210 1332">
     <span class='ocr_line' id='line_1_18' title="bbox 187 1268 1210 1332; baseline 0.001 -23"><span class='ocrx_word' id='word_1_111' title='bbox 187 1274 231 1309; x_wconf 84' lang='lat' dir='ltr'>et</span> <span class='ocrx_word' id='word_1_112' title='bbox 251 1268 294 1308; x_wconf 90' lang='lat' dir='ltr'>in</span> <span class='ocrx_word' id='word_1_113' title='bbox 311 1284 396 1310; x_wconf 90' lang='grc'><strong>11110</strong></span> <span class='ocrx_word' id='word_1_114' title='bbox 426 1269 506 1310; x_wconf 87' lang='lat' dir='ltr'>Cn.</span> <span class='ocrx_word' id='word_1_115' title='bbox 528 1269 737 1332; x_wconf 79' lang='lat' dir='ltr'>Pompeio</span> <span class='ocrx_word' id='word_1_116' title='bbox 757 1284 923 1310; x_wconf 81' lang='lat' dir='ltr'>summa</span> <span class='ocrx_word' id='word_1_117' title='bbox 940 1284 1034 1310; x_wconf 78' lang='lat' dir='ltr'>esse</span> <span class='ocrx_word' id='word_1_118' title='bbox 1056 1269 1210 1311; x_wconf 85' lang='lat' dir='ltr'>omnia.</span> 
     </span>
    </p>
   </div>
   <div class='ocr_carea' id='block_1_11' title="bbox 1272 1268 1749 1325">
    <p class='ocr_par' dir='ltr' id='par_1_12' title="bbox 1272 1268 1749 1325">
     <span class='ocr_line' id='line_1_19' title="bbox 1272 1268 1749 1325; baseline -0.004 -15"><span class='ocrx_word' id='word_1_119' title='bbox 1272 1269 1386 1317; x_wconf 88' lang='lat' dir='ltr'>Quid</span> <span class='ocrx_word' id='word_1_120' title='bbox 1407 1269 1539 1325; x_wconf 81' lang='lat' dir='ltr'>igitur</span> <span class='ocrx_word' id='word_1_121' title='bbox 1556 1269 1618 1310; x_wconf 86' lang='lat' dir='ltr'>ait</span> <span class='ocrx_word' id='word_1_122' title='bbox 1637 1268 1749 1310; x_wconf 89' lang='lat' dir='ltr'>Hor-</span> 
     </span>
    </p>
   </div>
   <div class='ocr_carea' id='block_1_12' title="bbox 123 1325 1750 1664">
    <p class='ocr_par' dir='ltr' id='par_1_13' title="bbox 123 1325 1750 1664">
     <span class='ocr_line' id='line_1_20' title="bbox 185 1325 1749 1382; baseline 0.001 -17"><span class='ocrx_word' id='word_1_123' title='bbox 185 1325 380 1367; x_wconf 75' lang='lat' dir='ltr'>tensius?</span> <span class='ocrx_word' id='word_1_124' title='bbox 415 1326 451 1366; x_wconf 89' lang='grc'>51</span> <span class='ocrx_word' id='word_1_125' title='bbox 485 1341 557 1367; x_wconf 87' lang='grc'><strong>11111</strong></span> <span class='ocrx_word' id='word_1_126' title='bbox 575 1340 719 1367; x_wconf 79' lang='grc'><strong>01111116</strong></span> <span class='ocrx_word' id='word_1_127' title='bbox 749 1326 977 1367; x_wconf 71' lang='lat' dir='ltr'>tiibuenda</span> <span class='ocrx_word' id='word_1_128' title='bbox 1012 1333 1123 1375; x_wconf 85' lang='lat' dir='ltr'>sunt,</span> <span class='ocrx_word' id='word_1_129' title='bbox 1157 1341 1287 1367; x_wconf 89' lang='lat' dir='ltr'>unum</span> <span class='ocrx_word' id='word_1_130' title='bbox 1323 1326 1623 1382; x_wconf 81' lang='lat' dir='ltr'>dignissimum</span> <span class='ocrx_word' id='word_1_131' title='bbox 1654 1339 1749 1367; x_wconf 87' lang='lat' dir='ltr'>esse</span> 
     </span>
     <span class='ocr_line' id='line_1_21' title="bbox 187 1361 1747 1438; baseline 0.001 -17"><span class='ocrx_word' id='word_1_132' title='bbox 187 1381 467 1438; x_wconf 85' lang='lat' dir='ltr'>Pompeium:</span> <span class='ocrx_word' id='word_1_133' title='bbox 501 1383 575 1423; x_wconf 88' lang='lat' dir='ltr'>sed</span> <span class='ocrx_word' id='word_1_134' title='bbox 599 1383 654 1423; x_wconf 80' lang='lat' dir='ltr'>ad</span> <span class='ocrx_word' id='word_1_135' title='bbox 688 1397 821 1423; x_wconf 86' lang='lat' dir='ltr'>unum</span> <span class='ocrx_word' id='word_1_136' title='bbox 860 1389 1006 1423; x_wconf 83' lang='lat' dir='ltr'>tamen</span> <span class='ocrx_word' id='word_1_137' title='bbox 1040 1382 1184 1423; x_wconf 79' lang='lat' dir='ltr'>omnia</span> <span class='ocrx_word' id='word_1_138' title='bbox 1218 1361 1496 1424; x_wconf 59' lang='lat' dir='ltr'>defe1ri³²non</span> <span class='ocrx_word' id='word_1_139' title='bbox 1537 1387 1747 1438; x_wconf 87' lang='lat' dir='ltr'>oportere.</span> 
     </span>
     <span class='ocr_line' id='line_1_22' title="bbox 187 1438 1749 1508; baseline -0.001 -29"><span class='ocrx_word' id='word_1_140' title='bbox 187 1445 203 1461; x_wconf 63' lang='lat' dir='ltr'>a</span> <span class='ocrx_word' id='word_1_141' title='bbox 221 1438 480 1480; x_wconf 82' lang='lat' dir='ltr'>Obsolevit</span> <span class='ocrx_word' id='word_1_142' title='bbox 465 1454 557 1494; x_wconf 74' lang='lat' dir='ltr'>jani</span> <span class='ocrx_word' id='word_1_143' title='bbox 578 1439 661 1479; x_wconf 77' lang='lat' dir='ltr'>ista</span> <span class='ocrx_word' id='word_1_144' title='bbox 684 1439 835 1490; x_wconf 78' lang='lat' dir='ltr'>matio,</span> <span class='ocrx_word' id='word_1_145' title='bbox 857 1453 901 1479; x_wconf 89' lang='grc'>16</span> <span class='ocrx_word' id='word_1_146' title='bbox 919 1440 1054 1480; x_wconf 89' lang='lat' dir='ltr'>multo</span> <span class='ocrx_word' id='word_1_147' title='bbox 1085 1439 1221 1495; x_wconf 83' lang='lat' dir='ltr'>maois</span> <span class='ocrx_word' id='word_1_148' title='bbox 1240 1453 1367 1507; x_wconf 82' lang='lat' dir='ltr'>quam</span> <span class='ocrx_word' id='word_1_149' title='bbox 1389 1438 1528 1481; x_wconf 70' lang='lat' dir='ltr'>verbis</span> <span class='ocrx_word' id='word_1_150' title='bbox 1550 1438 1749 1508; x_wconf 81' lang='lat' dir='ltr'>iefutata.</span> 
     </span>
     <span class='ocr_line' id='line_1_23' title="bbox 123 1493 1750 1551; baseline 0 -16"><span class='ocrx_word' id='word_1_151' title='bbox 123 1494 300 1546; x_wconf 83' lang='lat' dir='ltr'>15Narn</span> <span class='ocrx_word' id='word_1_152' title='bbox 337 1501 384 1537; x_wconf 89' lang='lat' dir='ltr'>tu</span> <span class='ocrx_word' id='word_1_153' title='bbox 424 1496 552 1545; x_wconf 84' lang='lat' dir='ltr'>idem,</span> <span class='ocrx_word' id='word_1_154' title='bbox 586 1496 640 1543; x_wconf 87' lang='lat' dir='ltr'>Q.</span> <span class='ocrx_word' id='word_1_155' title='bbox 674 1495 892 1546; x_wconf 82' lang='lat' dir='ltr'>Hortensi,</span> <span class='ocrx_word' id='word_1_156' title='bbox 923 1497 1072 1545; x_wconf 82' lang='lat' dir='ltr'>inulta,</span> <span class='ocrx_word' id='word_1_157' title='bbox 1104 1511 1180 1551; x_wconf 92' lang='lat' dir='ltr'>p10</span> <span class='ocrx_word' id='word_1_158' title='bbox 1218 1495 1292 1536; x_wconf 64' lang='lat' dir='ltr'>tuit</span> <span class='ocrx_word' id='word_1_159' title='bbox 1329 1510 1497 1536; x_wconf 82' lang='lat' dir='ltr'>summa</span> <span class='ocrx_word' id='word_1_160' title='bbox 1536 1493 1666 1550; x_wconf 82' lang='lat' dir='ltr'>copia</span> <span class='ocrx_word' id='word_1_161' title='bbox 1696 1509 1750 1535; x_wconf 84' lang='lat' dir='ltr'>ac</span> 
     </span>
     <span class='ocr_line' id='line_1_24' title="bbox 188 1550 1749 1614; baseline 0 -23"><span class='ocrx_word' id='word_1_162' title='bbox 188 1552 394 1608; x_wconf 80' lang='lat' dir='ltr'>singulari</span> <span class='ocrx_word' id='word_1_163' title='bbox 417 1553 619 1593; x_wconf 74' lang='lat' dir='ltr'>facultate</span> <span class='ocrx_word' id='word_1_164' title='bbox 652 1552 838 1602; x_wconf 89' lang='lat' dir='ltr'>dicendi,</span> <span class='ocrx_word' id='word_1_165' title='bbox 877 1557 920 1592; x_wconf 88' lang='lat' dir='ltr'>et</span> <span class='ocrx_word' id='word_1_166' title='bbox 953 1552 997 1592; x_wconf 90' lang='lat' dir='ltr'>in</span> <span class='ocrx_word' id='word_1_167' title='bbox 1019 1558 1170 1592; x_wconf 81' lang='lat' dir='ltr'>senatu</span> <span class='ocrx_word' id='word_1_168' title='bbox 1187 1558 1338 1614; x_wconf 80' lang='lat' dir='ltr'>contra</span> <span class='ocrx_word' id='word_1_169' title='bbox 1355 1551 1492 1592; x_wconf 90' lang='lat' dir='ltr'>virum</span> <span class='ocrx_word' id='word_1_170' title='bbox 1519 1551 1673 1592; x_wconf 87' lang='lat' dir='ltr'>fortem</span> <span class='ocrx_word' id='word_1_171' title='bbox 1694 1550 1749 1592; x_wconf 88' lang='lat' dir='ltr'>A.</span> 
     </span>
     <span class='ocr_line' id='line_1_25' title="bbox 190 1607 1749 1664; baseline 0.002 -16"><span class='ocrx_word' id='word_1_172' title='bbox 190 1608 423 1650; x_wconf 83' lang='lat' dir='ltr'>Gabinium</span> <span class='ocrx_word' id='word_1_173' title='bbox 461 1608 646 1664; x_wconf 78' lang='lat' dir='ltr'>glavitel</span> <span class='ocrx_word' id='word_1_174' title='bbox 681 1607 915 1663; x_wconf 83' lang='lat' dir='ltr'>ornateque</span> <span class='ocrx_word' id='word_1_175' title='bbox 937 1608 1102 1659; x_wconf 83' lang='lat' dir='ltr'>dixisti,</span> <span class='ocrx_word' id='word_1_176' title='bbox 1135 1623 1232 1650; x_wconf 85' lang='lat' dir='ltr'>cum</span> <span class='ocrx_word' id='word_1_177' title='bbox 1254 1607 1290 1649; x_wconf 85' lang='lat' dir='ltr'>is</span> <span class='ocrx_word' id='word_1_178' title='bbox 1312 1608 1365 1650; x_wconf 89' lang='lat' dir='ltr'>de</span> <span class='ocrx_word' id='word_1_179' title='bbox 1387 1623 1473 1650; x_wconf 91' lang='lat' dir='ltr'>uno</span> <span class='ocrx_word' id='word_1_180' title='bbox 1494 1607 1749 1664; x_wconf 81' lang='lat' dir='ltr'>imperatore</span> 
     </span>
    </p>
   </div>
   <div class='ocr_carea' id='block_1_13' title="bbox 787 1724 1152 1775">
    <p class='ocr_par' dir='ltr' id='par_1_14' title="bbox 787 1724 1152 1775">
     <span class='ocr_line' id='line_1_26' title="bbox 787 1724 1152 1775; baseline 0.006 -13.128"><span class='ocrx_word' id='word_1_181' title='bbox 787 1724 903 1775; x_wconf 76' lang='lat' dir='ltr'>jam</span> <span class='ocrx_word' id='word_1_182' title='bbox 922 1736 1010 1764; x_wconf 75' lang='lat' dir='ltr'>non</span> <span class='ocrx_word' id='word_1_183' title='bbox 1026 1725 1152 1764; x_wconf 77' lang='lat' dir='ltr'>valet.</span> 
     </span>
    </p>
   </div>
   <div class='ocr_carea' id='block_1_14' title="bbox 189 1835 953 2819">
    <p class='ocr_par' dir='ltr' id='par_1_15' title="bbox 190 1835 951 2090">
     <span class='ocr_line' id='line_1_27' title="bbox 234 1835 948 1877; baseline 0.001 -12"><span class='ocrx_word' id='word_1_184' title='bbox 234 1838 265 1865; x_wconf 87' lang='lat'>1.</span> <span class='ocrx_word' id='word_1_185' title='bbox 289 1836 330 1866; x_wconf 80' lang='lat' dir='ltr'>At</span> <span class='ocrx_word' id='word_1_186' title='bbox 340 1837 444 1877; x_wconf 66' lang='lat' dir='ltr'>enirm]</span> <span class='ocrx_word' id='word_1_187' title='bbox 486 1836 538 1867; x_wconf 85' lang='lat' dir='ltr'>Sic</span> <span class='ocrx_word' id='word_1_188' title='bbox 553 1837 633 1866; x_wconf 88' lang='lat' dir='ltr'>hanc</span> <span class='ocrx_word' id='word_1_189' title='bbox 659 1835 876 1867; x_wconf 77' lang='lat' dir='ltr'>refutationem</span> <span class='ocrx_word' id='word_1_190' title='bbox 893 1847 948 1877; x_wconf 83' lang='lat' dir='ltr'>ag-</span> 
     </span>
     <span class='ocr_line' id='line_1_28' title="bbox 191 1878 948 1921; baseline 0.003 -14"><span class='ocrx_word' id='word_1_191' title='bbox 191 1878 337 1917; x_wconf 76' lang='lat' dir='ltr'>greditur,</span> <span class='ocrx_word' id='word_1_192' title='bbox 361 1885 395 1910; x_wconf 81' lang='lat' dir='ltr'>ut</span> <span class='ocrx_word' id='word_1_193' title='bbox 417 1879 549 1921; x_wconf 86' lang='lat' dir='ltr'>incipiat</span> <span class='ocrx_word' id='word_1_194' title='bbox 579 1879 597 1908; x_wconf 61' lang='lat' dir='ltr'>a</span> <span class='ocrx_word' id='word_1_195' title='bbox 620 1879 712 1909; x_wconf 81' lang='lat' dir='ltr'>laude</span> <span class='ocrx_word' id='word_1_196' title='bbox 734 1879 896 1909; x_wconf 83' lang='lat' dir='ltr'>Hortensii</span> <span class='ocrx_word' id='word_1_197' title='bbox 917 1884 948 1909; x_wconf 88' lang='lat' dir='ltr'>et</span> 
     </span>
     <span class='ocr_line' id='line_1_29' title="bbox 192 1922 948 1962; baseline 0.001 -11"><span class='ocrx_word' id='word_1_198' title='bbox 192 1922 308 1957; x_wconf 81' lang='lat' dir='ltr'>Catuli,</span> <span class='ocrx_word' id='word_1_199' title='bbox 343 1933 471 1962; x_wconf 85' lang='lat' dir='ltr'>quorum</span> <span class='ocrx_word' id='word_1_200' title='bbox 500 1922 713 1953; x_wconf 85' lang='lat' dir='ltr'>auctoritatem</span> <span class='ocrx_word' id='word_1_201' title='bbox 749 1927 780 1952; x_wconf 86' lang='lat' dir='ltr'>et</span> <span class='ocrx_word' id='word_1_202' title='bbox 812 1922 948 1962; x_wconf 85' lang='lat' dir='ltr'>dignita-</span> 
     </span>
     <span class='ocr_line' id='line_1_30' title="bbox 191 1964 949 2006; baseline 0 -12"><span class='ocrx_word' id='word_1_203' title='bbox 191 1970 253 1994; x_wconf 83' lang='lat' dir='ltr'>tem</span> <span class='ocrx_word' id='word_1_204' title='bbox 281 1965 458 2006; x_wconf 85' lang='lat' dir='ltr'>amplificat,</span> <span class='ocrx_word' id='word_1_205' title='bbox 482 1976 544 2006; x_wconf 92' lang='lat' dir='ltr'>quo</span> <span class='ocrx_word' id='word_1_206' title='bbox 572 1976 605 1995; x_wconf 85' lang='lat' dir='ltr'>se</span> <span class='ocrx_word' id='word_1_207' title='bbox 633 1964 753 1995; x_wconf 65' lang='lat' dir='ltr'>facilins</span> <span class='ocrx_word' id='word_1_208' title='bbox 776 1965 807 1994; x_wconf 86' lang='lat' dir='ltr'>in</span> <span class='ocrx_word' id='word_1_209' title='bbox 831 1965 949 1995; x_wconf 87' lang='lat' dir='ltr'>animos</span> 
     </span>
     <span class='ocr_line' id='line_1_31' title="bbox 191 2007 951 2049; baseline 0 -12"><span class='ocrx_word' id='word_1_210' title='bbox 191 2007 384 2038; x_wconf 85' lang='lat' dir='ltr'>audientium</span> <span class='ocrx_word' id='word_1_211' title='bbox 404 2008 551 2045; x_wconf 78' lang='lat' dir='ltr'>insinuet,</span> <span class='ocrx_word' id='word_1_212' title='bbox 575 2012 607 2038; x_wconf 87' lang='lat' dir='ltr'>et</span> <span class='ocrx_word' id='word_1_213' title='bbox 629 2018 729 2038; x_wconf 84' lang='lat' dir='ltr'>causae</span> <span class='ocrx_word' id='word_1_214' title='bbox 753 2018 814 2038; x_wconf 87' lang='lat' dir='ltr'>suae</span> <span class='ocrx_word' id='word_1_215' title='bbox 839 2008 951 2049; x_wconf 89' lang='lat' dir='ltr'>probet</span> 
     </span>
     <span class='ocr_line' id='line_1_32' title="bbox 190 2051 378 2090; baseline 0.005 -10"><span class='ocrx_word' id='word_1_216' title='bbox 190 2051 378 2090; x_wconf 80' lang='lat' dir='ltr'>aequitatem.</span> 
     </span>
    </p>

    <p class='ocr_par' dir='ltr' id='par_1_16' title="bbox 189 2093 952 2262">
     <span class='ocr_line' id='line_1_33' title="bbox 235 2093 950 2134; baseline -0.001 -11"><span class='ocrx_word' id='word_1_217' title='bbox 235 2097 269 2125; x_wconf 73' lang='lat'>2.</span> <span class='ocrx_word' id='word_1_218' title='bbox 298 2093 448 2133; x_wconf 63' lang='lat' dir='ltr'>Beneficiis</span> <span class='ocrx_word' id='word_1_219' title='bbox 462 2093 668 2134; x_wconf 55' lang='lat' dir='ltr'>amplissimis]</span> <span class='ocrx_word' id='word_1_220' title='bbox 707 2093 875 2123; x_wconf 85' lang='lat' dir='ltr'>Beneficiis</span> <span class='ocrx_word' id='word_1_221' title='bbox 887 2103 950 2123; x_wconf 86' lang='lat' dir='ltr'>am-</span> 
     </span>
     <span class='ocr_line' id='line_1_34' title="bbox 190 2136 952 2176; baseline -0.003 -10"><span class='ocrx_word' id='word_1_222' title='bbox 190 2136 335 2176; x_wconf 86' lang='lat' dir='ltr'>plissimis</span> <span class='ocrx_word' id='word_1_223' title='bbox 364 2137 493 2167; x_wconf 83' lang='lat' dir='ltr'>Catulus</span> <span class='ocrx_word' id='word_1_224' title='bbox 517 2142 640 2166; x_wconf 80' lang='lat' dir='ltr'>ornatus</span> <span class='ocrx_word' id='word_1_225' title='bbox 664 2141 722 2172; x_wconf 89' lang='lat' dir='ltr'>est,</span> <span class='ocrx_word' id='word_1_226' title='bbox 746 2136 818 2176; x_wconf 85' lang='lat' dir='ltr'>quia</span> <span class='ocrx_word' id='word_1_227' title='bbox 851 2146 952 2176; x_wconf 86' lang='lat' dir='ltr'>popu-</span> 
     </span>
     <span class='ocr_line' id='line_1_35' title="bbox 190 2178 951 2220; baseline 0 -11"><span class='ocrx_word' id='word_1_228' title='bbox 190 2180 222 2209; x_wconf 86' lang='lat' dir='ltr'>lo</span> <span class='ocrx_word' id='word_1_229' title='bbox 245 2179 446 2220; x_wconf 84' lang='lat' dir='ltr'>suffragante,</span> <span class='ocrx_word' id='word_1_230' title='bbox 468 2180 567 2210; x_wconf 84' lang='lat' dir='ltr'>factus</span> <span class='ocrx_word' id='word_1_231' title='bbox 603 2184 650 2209; x_wconf 85' lang='lat' dir='ltr'>est</span> <span class='ocrx_word' id='word_1_232' title='bbox 678 2178 785 2209; x_wconf 89' lang='lat' dir='ltr'>consul</span> <span class='ocrx_word' id='word_1_233' title='bbox 809 2188 879 2209; x_wconf 86' lang='lat' dir='ltr'>cum</span> <span class='ocrx_word' id='word_1_234' title='bbox 901 2178 951 2209; x_wconf 88' lang='grc' dir='ltr'>Μ.</span> 
     </span>
     <span class='ocr_line' id='line_1_36' title="bbox 189 2222 327 2262; baseline 0 -10"><span class='ocrx_word' id='word_1_235' title='bbox 189 2222 327 2262; x_wconf 85' lang='lat' dir='ltr'>Lepido.</span> 
     </span>
    </p>

    <p class='ocr_par' dir='ltr' id='par_1_17' title="bbox 190 2264 953 2477">
     <span class='ocr_line' id='line_1_37' title="bbox 235 2264 953 2305; baseline -0.003 -10"><span class='ocrx_word' id='word_1_236' title='bbox 235 2265 284 2295; x_wconf 91' lang='lat' dir='ltr'>Ib.</span> <span class='ocrx_word' id='word_1_237' title='bbox 308 2265 641 2305; x_wconf 69' lang='lat' dir='ltr'>Summisornamentis]</span> <span class='ocrx_word' id='word_1_238' title='bbox 687 2264 748 2295; x_wconf 88' lang='lat' dir='ltr'>Per</span> <span class='ocrx_word' id='word_1_239' title='bbox 762 2274 881 2295; x_wconf 84' lang='lat' dir='ltr'>summa</span> <span class='ocrx_word' id='word_1_240' title='bbox 904 2274 953 2293; x_wconf 91' lang='lat' dir='ltr'>or-</span> 
     </span>
     <span class='ocr_line' id='line_1_38' title="bbox 190 2306 948 2349; baseline -0.003 -11"><span class='ocrx_word' id='word_1_241' title='bbox 190 2314 349 2344; x_wconf 88' lang='lat' dir='ltr'>namenta,</span> <span class='ocrx_word' id='word_1_242' title='bbox 373 2308 550 2338; x_wconf 69' lang='lat' dir='ltr'>consulatus</span> <span class='ocrx_word' id='word_1_243' title='bbox 580 2308 775 2349; x_wconf 82' lang='lat' dir='ltr'>dignitatem,</span> <span class='ocrx_word' id='word_1_244' title='bbox 800 2306 863 2348; x_wconf 67' lang='lat' dir='ltr'>qua</span> <span class='ocrx_word' id='word_1_245' title='bbox 885 2317 948 2336; x_wconf 90' lang='lat' dir='ltr'>non</span> 
     </span>
     <span class='ocr_line' id='line_1_39' title="bbox 192 2350 950 2391; baseline -0.001 -12"><span class='ocrx_word' id='word_1_246' title='bbox 192 2354 289 2390; x_wconf 86' lang='lat' dir='ltr'>major</span> <span class='ocrx_word' id='word_1_247' title='bbox 312 2356 378 2381; x_wconf 84' lang='lat' dir='ltr'>erat</span> <span class='ocrx_word' id='word_1_248' title='bbox 399 2352 429 2380; x_wconf 90' lang='lat' dir='ltr'>in</span> <span class='ocrx_word' id='word_1_249' title='bbox 452 2352 538 2386; x_wconf 89' lang='lat' dir='ltr'>urbe,</span> <span class='ocrx_word' id='word_1_250' title='bbox 562 2350 718 2391; x_wconf 77' lang='lat' dir='ltr'>intelligit.</span> <span class='ocrx_word' id='word_1_251' title='bbox 766 2350 950 2380; x_wconf 81' lang='lat' dir='ltr'>Hortensius</span> 
     </span>
     <span class='ocr_line' id='line_1_40' title="bbox 192 2392 949 2425; baseline -0.001 -2"><span class='ocrx_word' id='word_1_252' title='bbox 192 2400 296 2425; x_wconf 83' lang='lat' dir='ltr'>autem</span> <span class='ocrx_word' id='word_1_253' title='bbox 312 2405 380 2425; x_wconf 87' lang='lat' dir='ltr'>curn</span> <span class='ocrx_word' id='word_1_254' title='bbox 400 2394 436 2425; x_wconf 84' lang='lat' dir='ltr'>C.</span> <span class='ocrx_word' id='word_1_255' title='bbox 458 2394 583 2425; x_wconf 76' lang='lat' dir='ltr'>Caecilio</span> <span class='ocrx_word' id='word_1_256' title='bbox 599 2393 734 2423; x_wconf 77' lang='lat' dir='ltr'>Metello</span> <span class='ocrx_word' id='word_1_257' title='bbox 756 2392 949 2424; x_wconf 86' lang='lat' dir='ltr'>consulatum</span> 
     </span>
     <span class='ocr_line' id='line_1_41' title="bbox 192 2436 301 2477; baseline 0.009 -10"><span class='ocrx_word' id='word_1_258' title='bbox 192 2436 301 2477; x_wconf 80' lang='lat' dir='ltr'>gessit.</span> 
     </span>
    </p>

    <p class='ocr_par' dir='ltr' id='par_1_18' title="bbox 190 2477 951 2819">
     <span class='ocr_line' id='line_1_42' title="bbox 237 2477 951 2520; baseline -0.003 -12"><span class='ocrx_word' id='word_1_259' title='bbox 237 2481 288 2510; x_wconf 77' lang='lat'>13.</span> <span class='ocrx_word' id='word_1_260' title='bbox 312 2480 360 2509; x_wconf 80' lang='lat' dir='ltr'>Ad</span> <span class='ocrx_word' id='word_1_261' title='bbox 370 2491 463 2510; x_wconf 78' lang='lat' dir='ltr'>unum</span> <span class='ocrx_word' id='word_1_262' title='bbox 473 2479 594 2520; x_wconf 64' lang='lat' dir='ltr'>omnim]</span> <span class='ocrx_word' id='word_1_263' title='bbox 655 2477 687 2509; x_wconf 87' lang='lat' dir='ltr'>Si</span> <span class='ocrx_word' id='word_1_264' title='bbox 704 2477 871 2508; x_wconf 81' lang='lat' dir='ltr'>Plutarcho</span> <span class='ocrx_word' id='word_1_265' title='bbox 885 2486 951 2507; x_wconf 86' lang='lat' dir='ltr'>cre-</span> 
     </span>
     <span class='ocr_line' id='line_1_43' title="bbox 193 2520 949 2563; baseline -0.003 -12"><span class='ocrx_word' id='word_1_266' title='bbox 193 2522 308 2557; x_wconf 82' lang='lat' dir='ltr'>dimus,</span> <span class='ocrx_word' id='word_1_267' title='bbox 331 2522 482 2552; x_wconf 83' lang='lat' dir='ltr'>Manilius</span> <span class='ocrx_word' id='word_1_268' title='bbox 497 2522 597 2563; x_wconf 86' lang='lat' dir='ltr'>legem</span> <span class='ocrx_word' id='word_1_269' title='bbox 612 2522 743 2556; x_wconf 80' lang='lat' dir='ltr'>ferebat,</span> <span class='ocrx_word' id='word_1_270' title='bbox 766 2527 801 2550; x_wconf 84' lang='lat' dir='ltr'>ut</span> <span class='ocrx_word' id='word_1_271' title='bbox 825 2520 949 2561; x_wconf 86' lang='lat' dir='ltr'>provin-</span> 
     </span>
     <span class='ocr_line' id='line_1_44' title="bbox 193 2565 950 2605; baseline -0.003 -11"><span class='ocrx_word' id='word_1_272' title='bbox 193 2565 241 2595; x_wconf 85' lang='lat' dir='ltr'>cia</span> <span class='ocrx_word' id='word_1_273' title='bbox 256 2570 333 2603; x_wconf 82' lang='lat' dir='ltr'>tota,</span> <span class='ocrx_word' id='word_1_274' title='bbox 355 2565 404 2595; x_wconf 92' lang='lat' dir='ltr'>cui</span> <span class='ocrx_word' id='word_1_275' title='bbox 421 2565 565 2595; x_wconf 87' lang='lat' dir='ltr'>Lucullus</span> <span class='ocrx_word' id='word_1_276' title='bbox 593 2565 768 2605; x_wconf 67' lang='lat' dir='ltr'>praefuerat,</span> <span class='ocrx_word' id='word_1_277' title='bbox 795 2574 950 2603; x_wconf 88' lang='lat' dir='ltr'>omneque</span> 
     </span>
     <span class='ocr_line' id='line_1_45' title="bbox 190 2607 946 2648; baseline -0.003 -11"><span class='ocrx_word' id='word_1_278' title='bbox 190 2607 273 2638; x_wconf 88' lang='lat' dir='ltr'>illius</span> <span class='ocrx_word' id='word_1_279' title='bbox 294 2607 472 2648; x_wconf 84' lang='lat' dir='ltr'>imperium,</span> <span class='ocrx_word' id='word_1_280' title='bbox 505 2607 656 2648; x_wconf 85' lang='lat' dir='ltr'>Pompeio</span> <span class='ocrx_word' id='word_1_281' title='bbox 678 2607 946 2642; x_wconf 80' lang='lat' dir='ltr'>transmitteretur,</span> 
     </span>
     <span class='ocr_line' id='line_1_46' title="bbox 193 2648 947 2690; baseline -0.003 -10"><span class='ocrx_word' id='word_1_282' title='bbox 193 2649 478 2690; x_wconf 79' lang='lat' dir='ltr'>adjungereturque</span> <span class='ocrx_word' id='word_1_283' title='bbox 494 2650 585 2680; x_wconf 83' lang='lat' dir='ltr'>etiam</span> <span class='ocrx_word' id='word_1_284' title='bbox 598 2649 761 2690; x_wconf 80' lang='lat' dir='ltr'>Bithynia,</span> <span class='ocrx_word' id='word_1_285' title='bbox 784 2660 853 2690; x_wconf 80' lang='lat' dir='ltr'>quae</span> <span class='ocrx_word' id='word_1_286' title='bbox 871 2648 947 2679; x_wconf 85' lang='lat' dir='ltr'>Gla-</span> 
     </span>
     <span class='ocr_line' id='line_1_47' title="bbox 194 2691 945 2723; baseline -0.003 0"><span class='ocrx_word' id='word_1_287' title='bbox 194 2693 295 2723; x_wconf 86' lang='lat' dir='ltr'>brioni</span> <span class='ocrx_word' id='word_1_288' title='bbox 318 2694 506 2723; x_wconf 83' lang='lat' dir='ltr'>obvenerat:</span> <span class='ocrx_word' id='word_1_289' title='bbox 542 2698 638 2723; x_wconf 86' lang='lat' dir='ltr'>totum</span> <span class='ocrx_word' id='word_1_290' title='bbox 661 2692 776 2722; x_wconf 87' lang='lat' dir='ltr'>bellum</span> <span class='ocrx_word' id='word_1_291' title='bbox 800 2691 945 2722; x_wconf 67' lang='lat' dir='ltr'>adversus</span> 
     </span>
     <span class='ocr_line' id='line_1_48' title="bbox 195 2734 948 2776; baseline -0.003 -10"><span class='ocrx_word' id='word_1_292' title='bbox 195 2746 282 2776; x_wconf 82' lang='lat' dir='ltr'>reges</span> <span class='ocrx_word' id='word_1_293' title='bbox 306 2736 522 2766; x_wconf 85' lang='lat' dir='ltr'>Mithridatem</span> <span class='ocrx_word' id='word_1_294' title='bbox 556 2741 588 2765; x_wconf 85' lang='lat' dir='ltr'>ct</span> <span class='ocrx_word' id='word_1_295' title='bbox 610 2736 775 2775; x_wconf 80' lang='lat' dir='ltr'>ligranem</span> <span class='ocrx_word' id='word_1_296' title='bbox 799 2734 948 2765; x_wconf 86' lang='lat' dir='ltr'>adminis-</span> 
     </span>
     <span class='ocr_line' id='line_1_49' title="bbox 193 2778 949 2819; baseline 0.001 -11"><span class='ocrx_word' id='word_1_297' title='bbox 193 2783 303 2816; x_wconf 86' lang='lat' dir='ltr'>traret,</span> <span class='ocrx_word' id='word_1_298' title='bbox 339 2779 468 2809; x_wconf 80' lang='lat' dir='ltr'>classem</span> <span class='ocrx_word' id='word_1_299' title='bbox 491 2789 613 2819; x_wconf 88' lang='lat' dir='ltr'>quoque</span> <span class='ocrx_word' id='word_1_300' title='bbox 650 2783 682 2808; x_wconf 87' lang='lat' dir='ltr'>et</span> <span class='ocrx_word' id='word_1_301' title='bbox 714 2778 819 2817; x_wconf 86' lang='lat' dir='ltr'>copias</span> <span class='ocrx_word' id='word_1_302' title='bbox 842 2788 949 2809; x_wconf 84' lang='lat' dir='ltr'>omnes</span> 
     </span>
    </p>
   </div>
   <div class='ocr_carea' id='block_1_15' title="bbox 987 1833 1752 2820">
    <p class='ocr_par' dir='ltr' id='par_1_19' title="bbox 990 1833 1750 2005">
     <span class='ocr_line' id='line_1_50' title="bbox 990 1833 1750 1879; baseline -0.001 -13"><span class='ocrx_word' id='word_1_303' title='bbox 990 1837 1154 1873; x_wconf 84' lang='lat' dir='ltr'>habuerat,</span> <span class='ocrx_word' id='word_1_304' title='bbox 1172 1846 1243 1867; x_wconf 87' lang='lat' dir='ltr'>cum</span> <span class='ocrx_word' id='word_1_305' title='bbox 1259 1836 1346 1878; x_wconf 80' lang='lat' dir='ltr'>Phry</span> <span class='ocrx_word' id='word_1_306' title='bbox 1324 1835 1410 1878; x_wconf 80' lang='lat' dir='ltr'>ygia,</span> <span class='ocrx_word' id='word_1_307' title='bbox 1423 1834 1597 1879; x_wconf 63' lang='lat' dir='ltr'>Lycaonia,</span> <span class='ocrx_word' id='word_1_308' title='bbox 1610 1833 1750 1871; x_wconf 64' lang='lat' dir='ltr'>Galatia,</span> 
     </span>
     <span class='ocr_line' id='line_1_51' title="bbox 993 1878 1750 1919; baseline -0.003 -9"><span class='ocrx_word' id='word_1_309' title='bbox 993 1879 1209 1919; x_wconf 83' lang='lat' dir='ltr'>Cappadocia,</span> <span class='ocrx_word' id='word_1_310' title='bbox 1243 1879 1365 1916; x_wconf 84' lang='lat' dir='ltr'>Cilicia,</span> <span class='ocrx_word' id='word_1_311' title='bbox 1401 1879 1555 1910; x_wconf 88' lang='lat' dir='ltr'>Colchide</span> <span class='ocrx_word' id='word_1_312' title='bbox 1579 1878 1750 1919; x_wconf 86' lang='lat' dir='ltr'>superiore,</span> 
     </span>
     <span class='ocr_line' id='line_1_52' title="bbox 990 1920 1750 1958; baseline -0.001 -7"><span class='ocrx_word' id='word_1_313' title='bbox 990 1922 1150 1958; x_wconf 72' lang='lat' dir='ltr'>Armenia,</span> <span class='ocrx_word' id='word_1_314' title='bbox 1182 1933 1243 1952; x_wconf 86' lang='lat' dir='ltr'>una</span> <span class='ocrx_word' id='word_1_315' title='bbox 1269 1933 1339 1953; x_wconf 89' lang='lat' dir='ltr'>cum</span> <span class='ocrx_word' id='word_1_316' title='bbox 1371 1923 1507 1953; x_wconf 80' lang='lat' dir='ltr'>exercitu</span> <span class='ocrx_word' id='word_1_317' title='bbox 1529 1921 1580 1953; x_wconf 84' lang='lat' dir='ltr'>cui</span> <span class='ocrx_word' id='word_1_318' title='bbox 1602 1920 1750 1952; x_wconf 89' lang='lat' dir='ltr'>Lucullus</span> 
     </span>
     <span class='ocr_line' id='line_1_53' title="bbox 993 1969 1134 2005; baseline -0.007 -10"><span class='ocrx_word' id='word_1_319' title='bbox 993 1969 1134 2005; x_wconf 83' lang='lat' dir='ltr'>praeerat.</span> 
     </span>
    </p>

    <p class='ocr_par' dir='ltr' id='par_1_20' title="bbox 993 2006 1752 2262">
     <span class='ocr_line' id='line_1_54' title="bbox 1038 2006 1752 2047; baseline -0.003 -10"><span class='ocrx_word' id='word_1_320' title='bbox 1038 2009 1089 2039; x_wconf 81' lang='lat'>15.</span> <span class='ocrx_word' id='word_1_321' title='bbox 1114 2006 1350 2047; x_wconf 71' lang='lat' dir='ltr'>Summcicopici]</span> <span class='ocrx_word' id='word_1_322' title='bbox 1395 2007 1487 2038; x_wconf 82' lang='lat' dir='ltr'>Idem</span> <span class='ocrx_word' id='word_1_323' title='bbox 1503 2007 1615 2038; x_wconf 89' lang='lat' dir='ltr'>Cicero</span> <span class='ocrx_word' id='word_1_324' title='bbox 1643 2006 1752 2037; x_wconf 85' lang='lat' dir='ltr'>scribit</span> 
     </span>
     <span class='ocr_line' id='line_1_55' title="bbox 995 2049 1751 2091; baseline -0.001 -11"><span class='ocrx_word' id='word_1_325' title='bbox 995 2050 1025 2080; x_wconf 90' lang='lat' dir='ltr'>in</span> <span class='ocrx_word' id='word_1_326' title='bbox 1050 2050 1159 2086; x_wconf 80' lang='lat' dir='ltr'>Bruto,</span> <span class='ocrx_word' id='word_1_327' title='bbox 1181 2050 1381 2081; x_wconf 81' lang='lat' dir='ltr'>Hortensium</span> <span class='ocrx_word' id='word_1_328' title='bbox 1412 2050 1527 2091; x_wconf 65' lang='lat' dir='ltr'>magna.</span> <span class='ocrx_word' id='word_1_329' title='bbox 1562 2049 1751 2090; x_wconf 83' lang='lat' dir='ltr'>eloquentiae</span> 
     </span>
     <span class='ocr_line' id='line_1_56' title="bbox 994 2092 1751 2133; baseline 0.001 -11"><span class='ocrx_word' id='word_1_330' title='bbox 994 2092 1086 2122; x_wconf 83' lang='lat' dir='ltr'>laude</span> <span class='ocrx_word' id='word_1_331' title='bbox 1115 2093 1265 2128; x_wconf 81' lang='lat' dir='ltr'>floruisse,</span> <span class='ocrx_word' id='word_1_332' title='bbox 1297 2098 1392 2133; x_wconf 89' lang='lat' dir='ltr'>atque</span> <span class='ocrx_word' id='word_1_333' title='bbox 1428 2092 1575 2124; x_wconf 84' lang='lat' dir='ltr'>Asiaticae</span> <span class='ocrx_word' id='word_1_334' title='bbox 1605 2092 1751 2123; x_wconf 88' lang='lat' dir='ltr'>dictionis</span> 
     </span>
     <span class='ocr_line' id='line_1_57' title="bbox 994 2135 1750 2176; baseline 0 -11"><span class='ocrx_word' id='word_1_335' title='bbox 994 2136 1097 2165; x_wconf 85' lang='lat' dir='ltr'>studio</span> <span class='ocrx_word' id='word_1_336' title='bbox 1119 2136 1149 2166; x_wconf 87' lang='lat' dir='ltr'>in</span> <span class='ocrx_word' id='word_1_337' title='bbox 1178 2135 1282 2176; x_wconf 85' lang='lat' dir='ltr'>primis</span> <span class='ocrx_word' id='word_1_338' title='bbox 1304 2136 1400 2167; x_wconf 81' lang='lat' dir='ltr'>fuisse</span> <span class='ocrx_word' id='word_1_339' title='bbox 1423 2136 1628 2174; x_wconf 74' lang='lat' dir='ltr'>delectatum3</span> <span class='ocrx_word' id='word_1_340' title='bbox 1648 2145 1750 2176; x_wconf 86' lang='lat' dir='ltr'>eoque</span> 
     </span>
     <span class='ocr_line' id='line_1_58' title="bbox 993 2177 1749 2219; baseline 0 -11"><span class='ocrx_word' id='word_1_341' title='bbox 993 2178 1121 2214; x_wconf 86' lang='lat' dir='ltr'>sactum,</span> <span class='ocrx_word' id='word_1_342' title='bbox 1146 2183 1180 2208; x_wconf 89' lang='lat' dir='ltr'>ut</span> <span class='ocrx_word' id='word_1_343' title='bbox 1209 2178 1389 2210; x_wconf 77' lang='lat' dir='ltr'>adolescens</span> <span class='ocrx_word' id='word_1_344' title='bbox 1424 2180 1457 2209; x_wconf 87' lang='lat' dir='ltr'>in</span> <span class='ocrx_word' id='word_1_345' title='bbox 1488 2179 1590 2211; x_wconf 79' lang='lat' dir='ltr'>causis</span> <span class='ocrx_word' id='word_1_346' title='bbox 1619 2177 1749 2219; x_wconf 82' lang='lat' dir='ltr'>agendis</span> 
     </span>
     <span class='ocr_line' id='line_1_59' title="bbox 994 2222 1497 2262; baseline 0.002 -11"><span class='ocrx_word' id='word_1_347' title='bbox 994 2222 1091 2262; x_wconf 79' lang='lat' dir='ltr'>magis</span> <span class='ocrx_word' id='word_1_348' title='bbox 1107 2232 1199 2262; x_wconf 88' lang='lat' dir='ltr'>quam</span> <span class='ocrx_word' id='word_1_349' title='bbox 1216 2222 1317 2252; x_wconf 89' lang='lat' dir='ltr'>senior</span> <span class='ocrx_word' id='word_1_350' title='bbox 1332 2223 1497 2252; x_wconf 86' lang='lat' dir='ltr'>videretur.</span> 
     </span>
    </p>

    <p class='ocr_par' dir='ltr' id='par_1_21' title="bbox 987 2263 1751 2820">
     <span class='ocr_line' id='line_1_60' title="bbox 1038 2263 1750 2307; baseline -0.001 -13"><span class='ocrx_word' id='word_1_351' title='bbox 1038 2267 1091 2294; x_wconf 88' lang='lat'>16.</span> <span class='ocrx_word' id='word_1_352' title='bbox 1116 2264 1225 2294; x_wconf 82' lang='lat' dir='ltr'>Contra</span> <span class='ocrx_word' id='word_1_353' title='bbox 1246 2266 1342 2295; x_wconf 62' lang='lat' dir='ltr'>tirum</span> <span class='ocrx_word' id='word_1_354' title='bbox 1358 2264 1497 2307; x_wconf 56' lang='lat' dir='ltr'>fortem]</span> <span class='ocrx_word' id='word_1_355' title='bbox 1543 2263 1624 2295; x_wconf 89' lang='lat' dir='ltr'>Cum</span> <span class='ocrx_word' id='word_1_356' title='bbox 1649 2263 1750 2295; x_wconf 85' lang='lat' dir='ltr'>Gabi-</span> 
     </span>
     <span class='ocr_line' id='line_1_61' title="bbox 991 2306 1750 2348; baseline 0 -12"><span class='ocrx_word' id='word_1_357' title='bbox 991 2306 1059 2337; x_wconf 89' lang='lat' dir='ltr'>nius</span> <span class='ocrx_word' id='word_1_358' title='bbox 1083 2308 1224 2337; x_wconf 87' lang='lat' dir='ltr'>tribunus</span> <span class='ocrx_word' id='word_1_359' title='bbox 1252 2307 1352 2348; x_wconf 88' lang='lat' dir='ltr'>plebis</span> <span class='ocrx_word' id='word_1_360' title='bbox 1389 2307 1490 2348; x_wconf 82' lang='lat' dir='ltr'>legem</span> <span class='ocrx_word' id='word_1_361' title='bbox 1513 2307 1585 2337; x_wconf 84' lang='lat' dir='ltr'>tulit</span> <span class='ocrx_word' id='word_1_362' title='bbox 1607 2307 1648 2337; x_wconf 91' lang='lat' dir='ltr'>de</span> <span class='ocrx_word' id='word_1_363' title='bbox 1677 2306 1750 2336; x_wconf 86' lang='lat' dir='ltr'>belli</span> 
     </span>
     <span class='ocr_line' id='line_1_62' title="bbox 991 2349 1751 2392; baseline 0.001 -13"><span class='ocrx_word' id='word_1_364' title='bbox 991 2350 1256 2381; x_wconf 79' lang='lat' dir='ltr'>administratione</span> <span class='ocrx_word' id='word_1_365' title='bbox 1291 2350 1444 2392; x_wconf 87' lang='lat' dir='ltr'>Pompeio</span> <span class='ocrx_word' id='word_1_366' title='bbox 1470 2350 1587 2386; x_wconf 87' lang='lat' dir='ltr'>danda,</span> <span class='ocrx_word' id='word_1_367' title='bbox 1616 2349 1654 2381; x_wconf 90' lang='lat' dir='ltr'>L.</span> <span class='ocrx_word' id='word_1_368' title='bbox 1675 2349 1751 2380; x_wconf 88' lang='lat' dir='ltr'>Tre-</span> 
     </span>
     <span class='ocr_line' id='line_1_63' title="bbox 992 2392 1751 2435; baseline 0 -13"><span class='ocrx_word' id='word_1_369' title='bbox 992 2393 1115 2429; x_wconf 87' lang='lat' dir='ltr'>bellius,</span> <span class='ocrx_word' id='word_1_370' title='bbox 1139 2393 1216 2423; x_wconf 85' lang='lat' dir='ltr'>alter</span> <span class='ocrx_word' id='word_1_371' title='bbox 1229 2393 1368 2423; x_wconf 90' lang='lat' dir='ltr'>tribunus</span> <span class='ocrx_word' id='word_1_372' title='bbox 1388 2393 1500 2435; x_wconf 85' lang='lat' dir='ltr'>plebis,</span> <span class='ocrx_word' id='word_1_373' title='bbox 1522 2392 1751 2423; x_wconf 79' lang='lat' dir='ltr'>fortiteriuter-</span> 
     </span>
     <span class='ocr_line' id='line_1_64' title="bbox 995 2436 1748 2477; baseline -0.001 -11"><span class='ocrx_word' id='word_1_374' title='bbox 995 2436 1098 2472; x_wconf 55' lang='lat' dir='ltr'>cessit,</span> <span class='ocrx_word' id='word_1_375' title='bbox 1136 2441 1168 2466; x_wconf 89' lang='lat' dir='ltr'>et</span> <span class='ocrx_word' id='word_1_376' title='bbox 1190 2436 1310 2466; x_wconf 81' lang='lat' dir='ltr'>senatui</span> <span class='ocrx_word' id='word_1_377' title='bbox 1335 2437 1487 2477; x_wconf 81' lang='lat' dir='ltr'>promisit,</span> <span class='ocrx_word' id='word_1_378' title='bbox 1511 2436 1691 2466; x_wconf 86' lang='lat' dir='ltr'>moriturum</span> <span class='ocrx_word' id='word_1_379' title='bbox 1716 2445 1748 2465; x_wconf 88' lang='lat' dir='ltr'>se</span> 
     </span>
     <span class='ocr_line' id='line_1_65' title="bbox 995 2477 1749 2519; baseline 0.001 -12"><span class='ocrx_word' id='word_1_380' title='bbox 995 2477 1098 2517; x_wconf 74' lang='lat' dir='ltr'>potius</span> <span class='ocrx_word' id='word_1_381' title='bbox 1114 2478 1207 2519; x_wconf 59' lang='lat' dir='ltr'>quarn</span> <span class='ocrx_word' id='word_1_382' title='bbox 1228 2478 1282 2510; x_wconf 82' lang='lat' dir='ltr'>illa</span> <span class='ocrx_word' id='word_1_383' title='bbox 1305 2478 1354 2509; x_wconf 86' lang='lat' dir='ltr'>lex</span> <span class='ocrx_word' id='word_1_384' title='bbox 1382 2480 1530 2510; x_wconf 66' lang='lat' dir='ltr'>ferretum</span> <span class='ocrx_word' id='word_1_385' title='bbox 1554 2477 1624 2509; x_wconf 71' lang='lat' dir='ltr'>cum</span> <span class='ocrx_word' id='word_1_386' title='bbox 1645 2483 1749 2509; x_wconf 87' lang='lat' dir='ltr'>autem</span> 
     </span>
     <span class='ocr_line' id='line_1_66' title="bbox 993 2519 1749 2561; baseline 0 -11"><span class='ocrx_word' id='word_1_387' title='bbox 993 2520 1036 2550; x_wconf 88' lang='lat' dir='ltr'>sic</span> <span class='ocrx_word' id='word_1_388' title='bbox 1052 2527 1273 2561; x_wconf 81' lang='lat' dir='ltr'>perseveraret,</span> <span class='ocrx_word' id='word_1_389' title='bbox 1297 2521 1449 2552; x_wconf 85' lang='lat' dir='ltr'>Gabinius</span> <span class='ocrx_word' id='word_1_390' title='bbox 1473 2521 1568 2552; x_wconf 88' lang='lat' dir='ltr'>tribus</span> <span class='ocrx_word' id='word_1_391' title='bbox 1589 2521 1670 2552; x_wconf 89' lang='lat' dir='ltr'>intro</span> <span class='ocrx_word' id='word_1_392' title='bbox 1693 2519 1749 2551; x_wconf 54' lang='lat' dir='ltr'>&#39;vo-</span> 
     </span>
     <span class='ocr_line' id='line_1_67' title="bbox 993 2564 1749 2604; baseline 0.001 -11"><span class='ocrx_word' id='word_1_393' title='bbox 993 2572 1063 2593; x_wconf 87' lang='lat' dir='ltr'>care</span> <span class='ocrx_word' id='word_1_394' title='bbox 1085 2565 1191 2604; x_wconf 87' lang='lat' dir='ltr'>coepit,</span> <span class='ocrx_word' id='word_1_395' title='bbox 1215 2569 1249 2594; x_wconf 93' lang='lat' dir='ltr'>ut</span> <span class='ocrx_word' id='word_1_396' title='bbox 1276 2564 1434 2595; x_wconf 82' lang='lat' dir='ltr'>Trebellio</span> <span class='ocrx_word' id='word_1_397' title='bbox 1457 2564 1668 2604; x_wconf 78' lang='lat' dir='ltr'>magistratum</span> <span class='ocrx_word' id='word_1_398' title='bbox 1695 2568 1749 2594; x_wconf 86' lang='lat' dir='ltr'>ab·</span> 
     </span>
     <span class='ocr_line' id='line_1_68' title="bbox 987 2606 1750 2647; baseline 0.003 -12"><span class='ocrx_word' id='word_1_399' title='bbox 987 2612 1120 2646; x_wconf 80' lang='lat' dir='ltr'>rogaret.</span> <span class='ocrx_word' id='word_1_400' title='bbox 1164 2606 1368 2647; x_wconf 89' lang='lat' dir='ltr'>Aliquamdiu</span> <span class='ocrx_word' id='word_1_401' title='bbox 1410 2607 1595 2642; x_wconf 87' lang='lat' dir='ltr'>Trebellius,</span> <span class='ocrx_word' id='word_1_402' title='bbox 1639 2606 1677 2637; x_wconf 64' lang='lat' dir='ltr'>ea</span> <span class='ocrx_word' id='word_1_403' title='bbox 1718 2617 1750 2637; x_wconf 87' lang='lat' dir='ltr'>re</span> 
     </span>
     <span class='ocr_line' id='line_1_69' title="bbox 988 2649 1748 2698; baseline 0.001 -20"><span class='ocrx_word' id='word_1_404' title='bbox 988 2650 1176 2698; x_wconf 80' lang='lat' dir='ltr'>perterrituS,</span> <span class='ocrx_word' id='word_1_405' title='bbox 1199 2660 1262 2680; x_wconf 87' lang='lat' dir='ltr'>non</span> <span class='ocrx_word' id='word_1_406' title='bbox 1289 2649 1410 2688; x_wconf 86' lang='lat' dir='ltr'>adfuit;</span> <span class='ocrx_word' id='word_1_407' title='bbox 1433 2650 1620 2690; x_wconf 85' lang='lat' dir='ltr'>persistebat</span> <span class='ocrx_word' id='word_1_408' title='bbox 1642 2654 1748 2680; x_wconf 86' lang='lat' dir='ltr'>tamen</span> 
     </span>
     <span class='ocr_line' id='line_1_70' title="bbox 989 2691 1748 2734; baseline 0.004 -14"><span class='ocrx_word' id='word_1_409' title='bbox 989 2691 1021 2721; x_wconf 88' lang='lat' dir='ltr'>in</span> <span class='ocrx_word' id='word_1_410' title='bbox 1041 2691 1284 2723; x_wconf 78' lang='lat' dir='ltr'>intercessione.</span> <span class='ocrx_word' id='word_1_411' title='bbox 1308 2693 1377 2729; x_wconf 89' lang='lat' dir='ltr'>sed,</span> <span class='ocrx_word' id='word_1_412' title='bbox 1400 2693 1603 2734; x_wconf 86' lang='lat' dir='ltr'>posteaquam</span> <span class='ocrx_word' id='word_1_413' title='bbox 1618 2693 1683 2723; x_wconf 67' lang='lat' dir='ltr'>Yet</span> <span class='ocrx_word' id='word_1_414' title='bbox 1707 2694 1748 2723; x_wconf 94' lang='lat'>10</span> 
     </span>
     <span class='ocr_line' id='line_1_71' title="bbox 989 2733 1749 2784; baseline 0.001 -20"><span class='ocrx_word' id='word_1_415' title='bbox 989 2733 1084 2765; x_wconf 81' lang='lat' dir='ltr'>tribus</span> <span class='ocrx_word' id='word_1_416' title='bbox 1128 2735 1320 2784; x_wconf 83' lang='lat' dir='ltr'>rogationem</span> <span class='ocrx_word' id='word_1_417' title='bbox 1364 2740 1564 2777; x_wconf 86' lang='lat' dir='ltr'>acceperunt,</span> <span class='ocrx_word' id='word_1_418' title='bbox 1607 2740 1640 2765; x_wconf 88' lang='lat' dir='ltr'>et</span> <span class='ocrx_word' id='word_1_419' title='bbox 1687 2746 1749 2766; x_wconf 88' lang='lat' dir='ltr'>una</span> 
     </span>
     <span class='ocr_line' id='line_1_72' title="bbox 992 2778 1749 2820; baseline 0 -13"><span class='ocrx_word' id='word_1_420' title='bbox 992 2787 1077 2808; x_wconf 86' lang='lat' dir='ltr'>mens</span> <span class='ocrx_word' id='word_1_421' title='bbox 1096 2783 1176 2809; x_wconf 87' lang='lat' dir='ltr'>esset</span> <span class='ocrx_word' id='word_1_422' title='bbox 1199 2778 1292 2809; x_wconf 85' lang='lat' dir='ltr'>totius</span> <span class='ocrx_word' id='word_1_423' title='bbox 1318 2778 1428 2820; x_wconf 88' lang='lat' dir='ltr'>populi</span> <span class='ocrx_word' id='word_1_424' title='bbox 1442 2779 1497 2820; x_wconf 91' lang='lat' dir='ltr'>qui</span> <span class='ocrx_word' id='word_1_425' title='bbox 1521 2782 1692 2819; x_wconf 77' lang='lat' dir='ltr'>supererat,</span> <span class='ocrx_word' id='word_1_426' title='bbox 1714 2783 1749 2808; x_wconf 89' lang='lat' dir='ltr'>ut</span> 
     </span>
    </p>
   </div>
   <div class='ocr_carea' id='block_1_16' title="bbox 191 2818 1748 2866">
    <p class='ocr_par' dir='ltr' id='par_1_22' title="bbox 191 2818 1748 2866">
     <span class='ocr_line' id='line_1_73' title="bbox 191 2818 1748 2866; baseline 0 -14"><span class='ocrx_word' id='word_1_427' title='bbox 191 2821 318 2854; x_wconf 84' lang='lat' dir='ltr'>navales</span> <span class='ocrx_word' id='word_1_428' title='bbox 339 2822 479 2860; x_wconf 80' lang='lat' dir='ltr'>haberet,</span> <span class='ocrx_word' id='word_1_429' title='bbox 502 2832 579 2864; x_wconf 86' lang='lat' dir='ltr'>quas</span> <span class='ocrx_word' id='word_1_430' title='bbox 601 2821 689 2854; x_wconf 88' lang='lat' dir='ltr'>initio</span> <span class='ocrx_word' id='word_1_431' title='bbox 716 2820 790 2854; x_wconf 84' lang='lat' dir='ltr'>belli</span> <span class='ocrx_word' id='word_1_432' title='bbox 805 2821 948 2854; x_wconf 82' lang='lat' dir='ltr'>maritimi</span> <span class='ocrx_word' id='word_1_433' title='bbox 983 2818 1107 2866; x_wconf 76' lang='lat' dir='ltr'>jussum</span> <span class='ocrx_word' id='word_1_434' title='bbox 1130 2821 1310 2861; x_wconf 82' lang='lat' dir='ltr'>conficeret,</span> <span class='ocrx_word' id='word_1_435' title='bbox 1347 2821 1464 2856; x_wconf 86' lang='lat' dir='ltr'>remisit</span> <span class='ocrx_word' id='word_1_436' title='bbox 1497 2820 1748 2856; x_wconf 78' lang='lat' dir='ltr'>intercessionem</span> 
     </span>
    </p>
   </div>
  </div>
 </body>
</html>
