1858 3095
698 157 790 202 Pno
815 155 976 192 ωτι-ιο.
1618 151 1702 198 237

95 281 98 284 Α
156 234 250 278 inus
271 232 430 280 nullam
450 231 506 274 ob
541 244 714 274 causam
748 245 844 276 esse
877 229 1185 278 ,commissum3
1215 234 1260 272 et
1276 241 1353 270 vos
1372 240 1459 269 non
1480 227 1638 271 videtis

85 235 190 348 &rigi
226 281 394 332 sceleris
441 288 612 333 maximi
648 289 821 340 crimen,
852 294 901 330 ut
931 287 1102 329 alterius
1137 300 1268 329 causa
1301 284 1473 327 sceleris
1507 287 1640 327 susci·
1664 283 1714 325 10

86 346 233 407 piendi
264 345 394 388 fuisse
429 343 648 386 videatur?
708 344 790 386 Cui
829 344 1011 399 denique
1051 343 1292 385 commisit?
1323 356 1408 398 quo
1448 341 1642 396 adjutore

90 419 195 449 usus
223 401 318 445 est?
349 415 434 458 quo
467 401 614 442 socio?
644 416 730 457 quo
762 400 969 442 conscio?
1001 400 1069 441 cui
1096 407 1261 441 tantum
1293 398 1470 445 facinus,
1491 396 1560 438 cui
1582 412 1644 446 se,

93 459 163 514 eui
177 459 358 506 salutern
371 471 506 508 suam,
520 457 730 499 credidit?
762 457 968 499 servis-ne
986 455 1199 497 mulieris?
1221 454 1284 496 sic
1301 454 1415 495 enim
1429 454 1645 509 objectum

94 522 181 567 est;
212 521 256 557 et
276 520 366 556 erat
396 521 482 556 tam
517 514 693 556 demens
726 514 796 555 hic
831 514 919 566 (cui
950 528 1026 554 vos
1054 511 1271 567 ingenium
1303 509 1418 551 certe
1439 509 1647 558 tribuitis,

95 570 261 619 etiamsi
283 578 436 612 caetera
473 570 646 612 inimica
681 570 870 612 oratione
900 568 1168 618 detrahatis),
1195 574 1244 608 ut
1275 580 1422 609 omnes
1443 579 1542 606 suas
1565 565 1649 607 for-
1670 564 1721 606 15

94 622 220 670 {unas
255 623 405 669 alienis
440 627 573 669 servis
608 626 921 668 committeret?
953 632 997 666 at
1017 623 1173 679 quibus
1195 622 1357 664 servis?
1389 622 1518 662 refert
1537 621 1650 662 enim

94 673 353 740 magnopere
387 682 430 724 id
467 683 630 739 ipsum:
662 683 817 732 his-ne,
851 695 960 737 quos
994 679 1278 734 intelligebat,
1314 692 1409 739 non.
1435 677 1651 739 communi

94 735 343 788 conditione
378 739 594 780 servitutis
622 738 698 788 uti,
720 738 796 779 sed
830 735 1044 786 licentius,
1070 734 1259 784 liberius,
1281 733 1527 776 familianus
1554 747 1652 775 cum

97 795 274 858 domina
304 795 473 836 vivere?
505 794 612 842 Quis
644 794 756 835 enim
786 793 870 835 hoc
901 806 987 834 non
1008 791 1134 841 videt,
1151 791 1337 847 judices,
1358 797 1433 831 aut
1451 790 1547 845 quis
1569 790 1654 830 hoc

97 857 282 913 ignorat²
314 850 360 891 in
391 850 602 906 ejusmodi
639 850 781 900 domo,
819 849 863 891 in
909 848 993 904 qua
1035 846 1379 889 mater-familias
1412 846 1652 888 meretricio
1670 847 1725 888 20

98 906 215 956 inore
245 913 385 958 vivan
415 908 460 949 in
521 906 575 948 ua
608 906 716 950 nihil
753 911 938 962 geratur,
960 905 1077 960 quod
1112 903 1225 944 foras
1251 903 1552 959 proferendum
1573 903 1654 953 sit,

99 958 144 1013 in
178 962 265 1019 qua
299 962 448 1014 lustra,
468 962 497 1004 li
533 962 686 1014 idines,
706 962 908 1013 luxuries,
940 960 1081 1002 omnia
1116 960 1302 1015 denique
1338 959 1530 1001 inaudita
1552 959 1656 1000 vitia

101 1026 231 1077 atque
252 1018 431 1074 flagitia,
453 1027 698 1070 versentur,
729 1018 800 1059 hic
817 1032 960 1059 servos
984 1031 1069 1058 non
1092 1031 1186 1058 esse
1207 1031 1365 1066 servos,
1388 1015 1544 1071 quibus
1566 1029 1657 1056 om-

102 1073 175 1116 nia
225 1075 518 1126 comittantur,
548 1090 622 1132 per
663 1089 772 1130 quos
818 1080 1030 1130 gerantur,
1062 1073 1135 1128 qui
1176 1080 1395 1114 versentur
1431 1071 1584 1113 iisdem
1614 1072 1657 1111 in

103 1130 415 1187 voluptatibuS,
445 1131 601 1187 quibus
647 1131 821 1173 occulta
865 1131 1102 1179 credantur,
1145 1130 1199 1170 ad
1244 1143 1353 1184 quos
1394 1129 1658 1183 aliquantum
1676 1129 1732 1171 25

107 1186 235 1238 etiam
256 1201 309 1228 ex
330 1187 594 1243 quotidianis
624 1188 866 1243 sumptibus
888 1201 939 1228 ac
961 1185 1129 1227 luxuria
1160 1184 1399 1226 redundet?
1459 1184 1510 1225 ld
1529 1184 1662 1241 igitur

107 1241 272 1285 Coelius
290 1257 378 1284 non
399 1243 600 1285 videbat?
648 1244 692 1286 Si
711 1244 824 1284 enim
853 1250 941 1284 tam
962 1241 1178 1283 familiaris
1199 1248 1289 1283 erat
1307 1240 1508 1291 mulieris,
1530 1240 1662 1297 quam

108 1312 187 1341 vos
206 1299 363 1350 vultis,
393 1299 501 1340 istos
524 1314 697 1355 quoque
719 1313 863 1340 servos
893 1297 1122 1339 familiares
1153 1312 1248 1338 esse
1269 1297 1453 1338 dominae
1483 1298 1663 1339 sciebat.

108 1350 185 1397 Sin
214 1354 254 1396 ei
289 1361 409 1396 tanta
443 1356 727 1406 consuetudo,
762 1361 923 1411 quanta
957 1353 983 1394 ὲ
1021 1354 1139 1395 vobis
1174 1353 1405 1404 inducitur,
1439 1367 1527 1395 non
1559 1359 1662 1403 erat,

106 1411 203 1468 quae
241 1425 340 1453 cum
375 1411 506 1452 servis
536 1411 679 1467 potuit
710 1410 978 1452 familiaritas
1014 1424 1108 1451 esse
1139 1409 1287 1450 tanta?
1348 1409 1488 1465 Ipsius
1521 1417 1664 1451 autem
1680 1411 1736 1453 30

103 1467 256 1515 veneni
288 1481 385 1522 quae
418 1467 526 1508 ratio
561 1467 765 1523 fingitur?
807 1466 881 1508 ubi
909 1466 1136 1524 quaesitum
1171 1465 1265 1507 est?
1302 1467 1666 1522 quemadmodum

107 1523 331 1579 paratum?
362 1538 447 1579 quo
485 1525 643 1579 pacto?
684 1523 768 1574 cui,
806 1538 893 1579 quo
933 1524 978 1564 in
1011 1523 1124 1571 loco,
1158 1522 1388 1563 traditum?
1449 1523 1665 1564 Habuisse

109 1579 231 1620 aiunt
271 1579 402 1631 domi,
433 1579 604 1635 vimque
648 1581 738 1636 ejus
784 1593 879 1621 esse
922 1586 1144 1635 expertum
1174 1579 1219 1619 in
1249 1593 1370 1621 servo
1401 1580 1589 1635 quodam
1609 1579 1666 1620 ad

111 1649 202 1677 rem
220 1634 359 1692 ipsam
380 1643 545 1692 parato,
574 1637 698 1692 cujus
719 1635 952 1692 bperceleri
973 1635 1147 1676 interitu
1167 1649 1261 1676 esse
1283 1637 1336 1676 ab
1357 1636 1443 1678 hoc
1473 1649 1667 1692 compro-

112 1691 262 1739 batum
294 1706 518 1734 venenum.
578 1692 676 1743 Pro,
700 1692 758 1733 dii
792 1692 1080 1733 immortales!
1113 1706 1188 1733 cur
1218 1692 1446 1743 interdum,
1466 1692 1510 1733 in
1530 1691 1667 1733 homi·
1684 1694 1740 1736 35

110 1761 213 1789 num
243 1747 474 1800 sceleribus
510 1748 723 1800 maximis,
758 1756 833 1791 aut
867 1748 1120 1796 connivetis,
1142 1754 1215 1789 aut
1249 1749 1473 1804 praesentis
1506 1748 1667 1790 fraudis

145 1818 263 1855 oenas
284 1803 329 1845 in
349 1804 462 1846 diem
495 1805 749 1849 reservatis?
808 1804 911 1846 Vidi
932 1805 1060 1856 enim,
1083 1804 1185 1854 vidi,
1207 1811 1251 1845 et
1284 1804 1406 1846 illum
1437 1805 1559 1846 hausi
1595 1805 1671 1845 do-

116 1873 245 1909 ‚orem
275 1860 345 1902 vel
379 1861 704 1904 acerbissimum
733 1861 779 1902 in
813 1861 920 1913 vita,
955 1860 1053 1902 cum
1089 1861 1143 1908 Q.
1165 1860 1371 1902 Metellus
1408 1861 1671 1903 abstrahere-

114 1923 184 1957 tur
215 1915 238 1957 ὲ
271 1916 367 1969 sinu
400 1917 648 1974 gremioque
689 1917 864 1974 patriae3
914 1917 1098 1973 cumque
1129 1917 1201 1959 ille
1233 1917 1309 1968 vir,
1341 1918 1415 1974 qui
1451 1933 1497 1959 se
1526 1924 1672 1959 natum

116 1971 220 2012 huic
249 1971 428 2028 imperio
455 1975 635 2030 putavit,
662 1974 789 2016 tertio
825 1974 894 2015 die
924 1973 1157 2030 postquam
1188 1973 1233 2014 in
1269 1975 1401 2024 curia,
1423 1975 1468 2016 in
1487 1973 1672 2025 Rostris,
1688 1975 1744 2016 40

114 2027 160 2068 in
192 2027 362 2083 Repub.
393 2029 622 2081 floruisset,
657 2030 931 2086 integerrima
959 2037 1099 2080 aetate,
1120 2029 1310 2085 coptimo
1344 2030 1506 2079 habitu,
1539 2029 1673 2071 maxi-

117 2083 199 2124 mis
215 2084 390 2135 viribus,
412 2085 642 2141 eriperetur
663 2084 963 2142 indignissime
984 2085 1111 2127 bonis
1128 2085 1340 2137 omnibus,
1361 2092 1489 2142 atque
1506 2086 1674 2127 univer-

118 2154 178 2181 sae
199 2139 388 2192 civitati;
418 2155 505 2197 quo
526 2142 702 2197 quidem
718 2149 909 2198 tempore
935 2141 1007 2183 ille
1040 2143 1239 2193 moriens,
1262 2156 1360 2183 cum
1385 2143 1477 2198 jam
1507 2141 1673 2184 caeteris

364 2239 384 2265 ¹³
392 2247 524 2284 morte
542 2243 695 2285 subita.
1039 2249 1054 2266 ⁰
1065 2244 1224 2296 optim&
1236 2244 1439 2285 sanitate.

163 2357 216 2385 11.
240 2353 298 2385 Cui
321 2355 443 2396 denique
467 2355 640 2397 commisitt]
693 2355 797 2387 Affert
823 2355 876 2387 Ci·
919 2354 1154 2392 exclamatione,
1168 2356 1187 2387 εὶ
1200 2356 1358 2397 proposito
1374 2356 1539 2398 digressus,
1554 2355 1585 2386 in
1603 2354 1678 2386 Clo-

120 2407 193 2429 cero
216 2407 323 2428 omnes
349 2398 606 2437 circumstantias,
629 2398 741 2440 quibus
766 2400 878 2440 probet
920 2399 1004 2429 diam
1028 2398 1194 2436 invehitur,
1210 2410 1279 2440 quae
1305 2400 1420 2430 audeat
1446 2399 1559 2430 veneni
1582 2398 1677 2430 Cceli-

122 2439 256 2471 Coelinm
269 2440 381 2471 veneni
391 2440 506 2471 crimen
529 2452 592 2472 non
621 2441 793 2472 admisisse.
846 2440 877 2472 A
921 2452 973 2471 um
995 2441 1183 2479 insimulare,
1198 2441 1268 2473 cum
1290 2442 1501 2484 ipsa‘venerit
1521 2442 1555 2472 in
1577 2442 1678 2481 suspi—

121 2483 262 2524 personis
285 2483 459 2520 exorditur3
482 2493 518 2514 ae
534 2488 580 2515 1⁰.
596 2483 614 2513 a
629 2484 722 2515 servis
746 2483 877 2524 Clodiae,
922 2484 1044 2515 cionem
1073 2495 1194 2516 veneno
1221 2485 1363 2515 maritum
1390 2485 1568 2517 sustulisse:
1591 2483 1677 2524 cujus

123 2524 235 2566 quibus
262 2526 455 2556 committere
481 2525 549 2556 tuto
571 2526 649 2558 illud
674 2526 794 2557 facinus
816 2538 880 2558 non
923 2527 990 2568 ipse
1005 2527 1113 2558 laudes
1127 2527 1202 2558 mire
1215 2528 1420 2569 prosequitur.

124 2568 240 2607 potuit,
255 2568 331 2609 qnia
342 2567 510 2599 liberifisin
522 2569 577 2599 ina
590 2569 684 2600 dorno
699 2569 795 2611 plena
809 2569 880 2600 libi·
968 2571 1021 2601 38.
1066 2570 1203 2600 Metellus
1243 2569 1481 2610 abstraheretur]
1550 2569 1681 2610 Propter

128 2608 209 2640 dinis
223 2610 383 2642 vivebant.
930 2611 1096 2644 Metellum
1124 2610 1285 2644 sublatum'
1306 2614 1344 2644 ab
1371 2623 1464 2643 uxore
1491 2611 1616 2650 Clodia,
1631 2612 1681 2653 ip·

168 2653 223 2683 31.
249 2651 468 2695 Ubiquaetitum
486 2655 563 2697 esst]
609 2657 656 2687 2⁰.
675 2654 793 2686 Probat
807 2653 880 2687 Coe-
925 2665 959 2685 sa
983 2655 1067 2686 dicta
1092 2661 1140 2686 est
1162 2655 1411 2698 Clytaemnestra,
1428 2660 1461 2685 ut
1486 2655 1530 2685 ait
1555 2653 1681 2692 Fabius,

125 2692 202 2726 lium
210 2698 274 2726 non
288 2697 413 2737 parasse
428 2707 594 2736 venenum,
608 2698 628 2729 εἴ,
647 2698 882 2731 circumstantiis
926 2697 981 2728 lib.
993 2700 1022 2728 8.
1035 2708 1106 2740 cap.
1119 2701 1151 2730 6.
1166 2698 1263 2741 quod,
1275 2705 1307 2728 ut
1319 2697 1371 2728 illa
1383 2698 1463 2728 ferro
1480 2698 1578 2738 virum
1595 2707 1682 2728 suum

128 2735 191 2768 loci
205 2742 238 2768 et
251 2738 443 2771 auxiliorum.
928 2739 1207 2782 Agamemnonem,
1223 2741 1266 2774 sic
1287 2740 1347 2773 ista
1366 2739 1533 2782 Metellum
1559 2750 1681 2776 veneno

172 2780 226 2811 35.
264 2779 334 2818 Ρνό,
358 2782 402 2814 dii
427 2783 638 2826 immortalem
697 2782 886 2818 Vehementi
928 2782 1128 2818 interfecerit.
1391 2789 1398 2791 “
1432 2787 1437 2790 “
1524 2783 1530 2788 ”
1650 2782 1656 2786 ’
