1858 3095
760 190 810 223 IN
834 190 1051 223 PISONEM.

148 266 278 322 Ergo,
293 266 361 308 his
382 265 669 308 fundamentis
722 264 843 306 ositis
861 261 1109 305 consulatus
1130 262 1208 310 tui,
1228 260 1369 303 triduo
1389 259 1502 317 post,
1523 260 1688 317 inspec-

148 331 266 366 tante
309 330 351 365 et
391 329 560 365 tacente
601 330 658 374 te,
692 338 715 363 a
755 321 805 362 P.
827 320 994 372 Clodio,
1025 319 1142 360 finali
1174 325 1370 374 portento
1407 317 1688 374 prodigioque
1715 315 1762 354 15

150 380 410 437 reipublicae,
442 380 510 420 lex
531 378 645 419 AElia
666 386 709 420 et
731 378 858 419 Fusia
879 392 1026 418 eversa
1047 384 1126 427 est,
1158 374 1479 432 propugnacula
1500 373 1691 429 murique
1740 413 1743 417 ,

148 435 468 492 tranquillitatis
489 443 617 493 atque
639 436 728 477 otii.
787 434 993 490 Collegia,
1025 448 1109 474 non
1142 446 1192 473 ea
1220 431 1372 482 solum,
1403 444 1497 486 quae
1518 434 1693 471 senatus

149 493 393 543 sustulerat,
423 493 622 533 restituta
649 498 763 543 sunt,
794 491 870 532 sed
909 487 1234 530 innumerabilia
1263 487 1458 543 quaedam
1493 500 1604 527 nova
1641 499 1693 526 ex

151 548 266 589 omni
297 548 402 590 faece
433 549 547 590 urbis
579 563 629 590 ac
662 547 836 589 servitio
868 547 1117 588 constituta.

1177 544 1245 584 Ab
1278 543 1428 584 eodem
1449 543 1619 583 homine
1650 541 1695 582 in

149 604 308 661 stupris
341 605 543 646 inauditis
563 605 820 660 nefariisque
850 609 1034 652 versam,
1064 608 1186 641 vetus
1208 599 1279 639 illa
1299 599 1501 654 magistra
1519 598 1695 660 pudoris
1712 595 1767 636 20

147 667 193 702 et
213 661 448 713 modestiae,
469 662 674 703 severitas
694 659 902 710 censoria,
923 658 1092 699 sublata
1112 662 1200 696 est:
1232 655 1326 696 curn
1347 661 1393 696 tu
1413 656 1596 706 interim,
1618 655 1696 695 bu-

148 723 263 758 stum
294 716 494 774 Reipubl.
524 718 598 774 qui
630 724 671 758 te
703 715 925 757 consulem
955 720 1046 754 tum
1077 712 1226 753 Romae
1248 711 1359 753 dicis
1388 711 1536 761 fuisse,
1566 711 1696 751 verbo

150 785 370 828 nunquam
403 773 660 830 significaris
683 771 938 814 sententiam
969 776 1086 811 tuam
1108 768 1239 809 tantis
1269 768 1312 808 in
1343 767 1576 823 naufragiis
1595 765 1699 808 civi-

150 829 267 871 tatis.
309 829 527 880 Nondum,
549 844 645 885 quae
657 828 824 880 feceris,
846 827 920 868 sed
935 841 1030 883 quae
1044 825 1132 866 fieri
1147 839 1299 880 passus
1320 826 1392 873 sis,
1414 824 1536 865 dico:
1559 837 1698 880 neque

150 885 249 924 vero
279 886 461 926 multum
491 886 684 936 interest,
713 884 948 942 praesertim
979 897 1023 922 m
1056 881 1247 932 consule,
1278 879 1417 922 utrum
1450 881 1542 937 ipse
1562 881 1699 936 perni-
1716 878 1770 919 25

151 940 282 982 ciosis
312 942 495 998 legibus,
525 941 732 999 improbis
762 939 1057 988 concionibus,
1091 937 1319 994 Rempubl.
1341 944 1479 988 vexet,
1517 951 1570 978 an
1591 937 1698 978 alios

153 1010 306 1038 vexare
327 998 526 1054 patiatur.
587 1000 656 1039 An
676 1004 819 1054 potest
838 997 925 1038 ulla
944 1009 1038 1037 esse
1056 995 1292 1046 excusatio,
1322 1008 1408 1035 non
1429 994 1571 1034 dicam
1589 993 1699 1034 male

155 1053 372 1105 sentienti,
404 1055 480 1096 sed
501 1055 710 1105 ⁸sedenti,
732 1053 968 1103 cunctanti,
1000 1051 1226 1092 dormienti
1248 1051 1292 1091 in
1312 1051 1497 1091 maximo
1516 1049 1701 1105 Reipub.

153 1115 274 1148 motu
295 1111 492 1150 consuli?
523 1111 709 1150 Centum
730 1108 863 1165 prope
891 1122 1025 1150 annos
1052 1108 1192 1164 legem
1206 1107 1363 1148 AEliam
1384 1113 1427 1148 et
1449 1105 1621 1147 Fusiam
1641 1112 1702 1147 te-

154 1177 403 1215 nueramus3
449 1165 785 1222 quadringentos
815 1165 1045 1221 judicium,
1089 1163 1394 1220 notionemque
1437 1161 1775 1205 censoriam230

151 1234 261 1275 quas
281 1221 400 1277 leges
413 1235 542 1263 ausus
559 1228 625 1263 est
639 1236 863 1263 nonnemo
875 1220 1265 1277 improbuS‚potuit
1284 1220 1458 1276 quidem
1478 1233 1602 1260 nemo
1625 1233 1704 1260 un·
1763 1254 1766 1259 .

154 1289 298 1331 quam,
328 1278 590 1319 convellere:
622 1292 750 1334 quam
779 1284 1038 1333 potestatem
1057 1276 1260 1328 minuere,
1291 1275 1519 1332 quominus
1540 1275 1592 1317 de
1613 1289 1706 1317 mo-

154 1331 273 1381 ribus
293 1333 450 1380 nostris
478 1334 629 1390 quinto
657 1348 828 1390 quoque
860 1348 972 1375 anno
1001 1332 1280 1388 judicaretur,
1311 1346 1436 1373 nemo
1459 1338 1547 1373 tam
1568 1331 1704 1373 effuse

155 1388 355 1443 petulans
377 1397 556 1432 conatus
579 1397 659 1432 est.

157 1445 406 1487 consulatus
433 1446 511 1487 tui.

720 1391 827 1431 Haec
847 1396 961 1441 sunt,
993 1403 1018 1430 o
1041 1388 1229 1430 carnifex
1249 1389 1256 1429 !
1288 1390 1332 1429 in
1354 1388 1514 1445 gremio
1536 1389 1704 1444 sepulta

571 1446 834 1503 Persequere
856 1459 1075 1488 connexos
1096 1444 1162 1485 his
1183 1444 1403 1486 funeribus
1424 1444 1532 1486 dies.
1591 1446 1607 1468 ¹³
1621 1445 1704 1486 Pro
1723 1447 1778 1488 35

157 1500 332 1544 Aurelio
364 1502 578 1555 tribunali,
610 1517 664 1544 ne
700 1503 954 1545 connivente
975 1501 1151 1559 quidem
1183 1508 1240 1553 te,
1273 1501 1411 1558 (quod
1431 1501 1573 1558 ipsum
1593 1508 1707 1544 esset

550 1641 566 1656 ‘³
586 1636 800 1676 oscitanti.

201 1772 254 1804 16.
292 1771 351 1805 La
376 1773 458 1805 AElia
484 1780 512 1805 et
535 1774 654 1815 Fusio]
699 1773 817 1814 Legem
843 1773 915 1803 tulit

159 1817 197 1846 de
213 1817 347 1848 comitiis
377 1817 420 1854 Q.
437 1817 540 1848 AElius
557 1817 630 1848 Cos.
658 1827 728 1847 cnm
752 1817 803 1847 Μ.
818 1815 912 1846 Junio

161 1867 211 1887 an.
228 1860 304 1895 586,
327 1865 372 1899 ut,
396 1861 518 1901 quoties
533 1871 603 1891 cum
628 1860 746 1901 populo
759 1864 913 1900 ageretur,

161 1910 291 1941 augures
327 1904 367 1933 de
395 1903 474 1934 coelo
500 1908 680 1939 servarent3
718 1902 912 1942 magistratus

162 1948 196 1972 et
205 1944 425 1984 obnuntiandi,
438 1946 558 1986 (idest,
571 1945 789 1980 denuntiandi,
800 1945 849 1985 agi
859 1954 914 1985 pet

162 1984 274 2016 Jovem
297 1997 360 2019 non
377 1988 486 2028 licere)
511 1994 543 2019 et
571 1988 758 2029 legislationi
782 1988 915 2018 interce-

164 2027 272 2064 dendi,
286 2035 473 2070 potestatem
485 2031 646 2061 haberent.
681 2030 776 2065 Nam,
787 2029 856 2061 cum
867 2030 916 2061 lex

163 2069 306 2107 serretur,
333 2082 464 2113 augures
490 2073 530 2103 de
551 2073 630 2103 coelo
645 2073 826 2103 servabant:
852 2083 917 2102 ma-

165 2113 322 2152 gistratus,
344 2115 370 2145 si
385 2115 460 2156 quid
485 2115 679 2145 observatum
699 2120 765 2145 erat
780 2125 842 2156 quo
857 2115 916 2145 im-

166 2155 267 2195 pediri
292 2157 418 2188 comitia
432 2163 571 2198 possent,
593 2158 790 2188 nuntiabant.
833 2157 919 2187 Tulit

166 2197 203 2228 P.
221 2198 340 2236 Furius,
363 2201 425 2230 sive
442 2199 563 2236 Fusius,
586 2200 697 2231 consul
723 2211 793 2230 cum
825 2199 918 2230 Sexto

164 2240 287 2277 Annio,
312 2253 393 2273 anno
412 2243 504 2274 Urbis
527 2244 603 2279 617,
625 2248 660 2273 ut
680 2243 770 2273 certis
796 2242 920 2281 diebus,

162 2283 219 2355 ¹qui
232 2291 336 2315 tamen
352 2285 424 2316 fasti
439 2291 554 2325 essent,
571 2285 624 2326 agi
638 2296 707 2316 cum
724 2284 842 2327 populo
857 2295 921 2316 non

174 2332 281 2359 iceret.

209 2372 261 2400 17.
286 2370 441 2412 collegia]
460 2371 603 2412 Collegia
612 2370 793 2402 dicebantur
806 2370 921 2401 sodali·

162 2415 244 2443 tates
273 2419 306 2443 et
332 2420 503 2445 conventus
526 2419 676 2445 certorum
703 2414 859 2444 hominum
874 2423 921 2443 ar-

166 2458 229 2484 tem
253 2455 388 2497 aliquam
418 2462 532 2487 certam
560 2456 778 2491 factitandum,
800 2462 834 2486 ut
859 2456 921 2497 pis-

165 2501 278 2537 torum,
301 2504 449 2535 sutorum,
471 2499 535 2531 &c.
584 2499 632 2530 Ea
651 2505 754 2529 autem
781 2499 921 2529 instituta

165 2539 259 2571 ruisse
275 2540 295 2570 ὃ,
310 2541 416 2572 Numa
444 2541 603 2582 Pompilio
629 2542 734 2572 scribit
755 2541 873 2572 Plutar.
889 2541 921 2571 in

168 2581 234 2621 ejus
262 2583 335 2614 vita.
379 2584 458 2614 Haec
487 2585 612 2625 quidem
641 2583 921 2615 senatus-consulto

166 2624 287 2657 sublata
316 2632 404 2657 erant
428 2632 558 2668 propter
580 2627 769 2664 seditiones;
795 2632 826 2657 at
849 2626 918 2666 lege

169 2664 280 2698 Clodia
304 2669 444 2699 restituta
473 2675 556 2706 sunt,
579 2676 614 2700 ut
641 2674 837 2710 comparatos
861 2669 919 2699 sibi

167 2707 307 2741 homines
322 2712 361 2741 ad
377 2712 546 2743 seditiones
562 2712 722 2743 faciendas
737 2713 876 2742 haberet.

211 2753 263 2782 20.
302 2751 388 2784 Vetus
413 2755 469 2784 illa
485 2755 640 2796 censoria-J
687 2754 839 2786 Censores
862 2763 918 2795 per

165 2793 303 2837 quinque
319 2805 415 2828 anuos
429 2807 517 2830 suum
531 2797 681 2840 gerebant
694 2797 917 2839 magistratum.

1138 1632 1156 1655 ¹³
1162 1647 1309 1687 prope.

958 1772 1074 1803 Eorum
1091 1777 1157 1804 erat
1170 1772 1284 1804 civium
1294 1771 1424 1805 familias
1437 1777 1469 1803 ct
1483 1770 1645 1805 facultates
1653 1774 1708 1805 de·

958 1816 1102 1851 scribere,
1139 1816 1299 1856 invigilare
1325 1816 1459 1846 moribus
1487 1815 1628 1853 civitatis,
1652 1827 1709 1856 po-

957 1858 1064 1899 pulum
1075 1858 1107 1888 in
1123 1858 1217 1888 tribus
1234 1859 1350 1899 partiri,
1374 1859 1477 1899 legere
1493 1862 1557 1888 tum
1570 1859 1707 1896 senatus,

957 1908 1022 1932 tum
1037 1901 1186 1942 equestris
1201 1901 1317 1932 ordinis
1334 1901 1519 1942 principem,
1541 1901 1625 1932 cives
1651 1902 1709 1932 iin-

957 1944 1070 1985 probos
1084 1949 1190 1974 notare
1200 1944 1386 1985 ignominia,
1403 1945 1463 1975 &c.
1507 1943 1592 1974 Tulit
1603 1951 1708 1975 autem

956 1987 1057 2027 legem
1082 1986 1225 2024 Clodius,
1247 1997 1288 2017 ne
1317 1997 1409 2028 quem
1436 1997 1579 2016 censores
1605 1987 1637 2017 in
1665 1987 1710 2018 le-

959 2030 1064 2070 gendo
1077 2029 1279 2069 praeterirent,
1299 2040 1378 2060 neve
1390 2029 1453 2070 qua
1467 2030 1636 2069 ignominia
1647 2030 1711 2060 affi-

959 2077 1079 2107 cerent,
1111 2071 1170 2101 nisi
1200 2071 1253 2112 qui
1283 2072 1366 2112 apud
1404 2082 1456 2102 eos
1484 2077 1656 2108 accusatus,
1679 2077 1712 2103 et

959 2114 1117 2154 utriusque
1131 2114 1265 2144 censoris
1281 2114 1436 2144 sententia
1446 2114 1608 2145 damnatus
1618 2119 1709 2145 esset.

1005 2159 1058 2188 21.
1083 2156 1235 2197 Brutum]
1261 2156 1392 2186 Bustum
1407 2167 1489 2187 nunc
1504 2162 1644 2187 exustum
1659 2167 1711 2188 ca-

962 2199 1069 2235 daver,
1092 2209 1174 2230 nunc
1190 2205 1222 2229 et
1237 2199 1423 2239 sepulcrum,
1447 2199 1610 2240 significat.

1007 2242 1060 2273 25.
1083 2240 1247 2272 Praesertim
1263 2243 1295 2271 in
1307 2242 1445 2283 consula]
1490 2241 1605 2273 Consul
1634 2242 1713 2272 invi-

964 2285 1059 2326 gilare
1069 2284 1164 2314 debet
1173 2284 1290 2324 patriae,
1300 2290 1332 2314 et
1342 2284 1712 2325 seditiones,etinjuriam

965 2338 1088 2358 omnem
1101 2326 1119 2356 ἐ
1131 2327 1249 2358 civibus
1264 2338 1417 2359 amovere.

1008 2372 1062 2402 31.
1087 2369 1155 2399 Non
1166 2380 1245 2400 nemo
1257 2369 1428 2411 improbus]
1472 2369 1641 2400 Gabinium
1658 2371 1713 2400 de-

964 2413 1078 2453 signat,
1100 2412 1223 2442 Pisonis
1245 2412 1397 2453 collegam
1424 2411 1488 2453 [vel
1506 2412 1609 2452 polius
1623 2413 1713 2444 Vati-

965 2456 1064 2494 nium,
1077 2455 1130 2495 qui
1145 2455 1282 2485 tribunus
1294 2455 1394 2496 plebis
1407 2454 1466 2485 fuit
1474 2454 1589 2486 Pisone
1604 2461 1636 2486 et
1647 2455 1713 2486 Ga-

964 2497 1049 2528 binio
1066 2497 1154 2528 Coss.
1199 2498 1283 2528 Vide
1297 2498 1384 2530 Orat.
1401 2497 1434 2528 in
1445 2498 1635 2540 Vatinium]

1006 2542 1060 2572 35.
1085 2540 1228 2571 Connexos
1253 2541 1297 2570 his
1314 2540 1505 2583 funeribus]
1549 2540 1713 2571 Perturba-

965 2583 1082 2613 tionem
1107 2584 1200 2613 totius
1230 2582 1370 2624 Reipub.
1394 2589 1426 2614 et
1448 2583 1562 2613 civium
1577 2583 1712 2613 vexatio-

962 2636 1046 2662 nem,
1068 2636 1138 2667 quae
1154 2625 1267 2656 Clodio
1288 2626 1412 2657 tribuno
1427 2626 1509 2655 facia
1524 2630 1581 2661 est,
1603 2625 1713 2656 funera

962 2668 1113 2710 appellat.

1004 2712 1057 2742 36.
1080 2710 1228 2751 Aurelia]
1272 2709 1419 2741 Tribunal
1436 2708 1514 2740 illud
1530 2709 1569 2740 ab
1585 2709 1713 2742 Aurelio

962 2753 1057 2784 Cotta
1068 2753 1229 2785 Aurelium
1252 2753 1369 2785 dictum
1389 2757 1447 2785 est.
1491 2751 1544 2784 De
1567 2753 1626 2786 hoc
1640 2754 1712 2785 vide

962 2796 1050 2828 Orat.
1066 2807 1122 2839 pro
1135 2796 1252 2828 Sextio.

1671 178 1756 231 '253
