1790 3090
14 147 70 189 28

629 142 721 175 PRO
746 141 864 174 LEGE
895 141 1109 175 MANILIA.

44 223 71 262 5
89 226 170 272 tas,
185 219 262 262 sed
278 234 384 262 meae
398 219 495 261 vitae
511 219 698 262 rationes
713 220 766 261 ab
785 219 956 261 ineunte
970 225 1094 260 aetate
1108 222 1319 274 susceptae
1331 216 1652 273 prohibuerunt.

90 276 202 317 Nam
223 276 320 318 cum
342 277 470 318 antea
501 292 576 332 per
608 284 778 318 aetatem
805 284 819 301 0
833 277 1025 318 nondum
1064 276 1192 331 hujus
1227 273 1527 315 auctoritatem
1566 273 1652 314 loci

89 334 339 390 contingere
361 334 581 384 auderem3
613 341 947 389 statueremque,
976 333 1083 373 nihil
1101 334 1200 383 huc,
1233 331 1314 372 nisi
1334 330 1570 387 perfectum
1588 330 1652 370 in-

89 391 230 446 genio,
249 391 515 431 elaboratum
536 390 762 441 industria,
785 389 926 430 afferri
948 396 1158 445 oportere,
1181 403 1309 429 omne
1327 403 1469 428 meum
1483 395 1652 442 tempus

88 447 324 488 amicorum
362 447 627 502 temporibus
656 446 1060 487 dtransmittendum
1087 445 1247 500 putavi.

1308 444 1376 486 Ita
1409 458 1548 500 neque
1581 442 1651 484 hio

18 506 69 547 10
87 503 210 545 locus
224 519 384 545 vacuus
399 518 589 559 unquam
605 502 688 544 fnit
704 503 757 543 ab
773 502 824 542 iis
839 502 912 557 qui
933 508 948 524 Ε
963 509 1145 542 vestram
1159 515 1334 542 causam
1348 501 1626 542 defenderent
1640 516 1651 551 ;

87 567 130 601 et
143 575 262 601 meus
281 561 413 611 labor,
429 560 472 600 in
486 560 745 615 privatorum
758 557 959 614 periculis
970 556 1107 599 ‘caste
1121 557 1370 613 integreque
1381 564 1651 607 versatus‚ex

85 617 406 672 vestrojudicio
429 617 618 658 fructum
640 624 706 658 est
723 615 1036 672 amplissimum
1057 620 1331 656 consecutus.

1390 614 1517 665 Nam,
1534 612 1647 664 cum,

85 681 258 730 propter
272 674 520 716 dilationem
535 674 821 725 comitiorum,
835 680 899 714 ter
918 678 1073 729 praetor
1087 671 1249 728 primus
1267 670 1469 713 centuriis
1483 669 1650 712 cunctis

143 867 365 908 cnondum
385 867 585 908 auderem
608 868 802 908 accedere
829 867 886 907 ad
910 868 1165 920 dignitatem
1194 866 1329 919 lmJ‘us
1366 866 1444 906 lom·
1477 869 1654 920 propter

84 929 257 964 cetatem
260 926 348 976 jun
353 926 479 965 iorem
487 955 496 966 .

83 985 340 1022 ‘tuerentur
360 987 500 1021 vestra
521 982 733 1021 commoda
749 982 941 1034 publica.

556 923 859 965 dtribuendum
869 925 1194 964 necessitatibus
1208 925 1441 964 amicormn
1452 935 1655 962 meorum.

1024 979 1244 1021 fversatus
1264 981 1356 1020 sine
1376 981 1466 1020 ullo
1486 984 1653 1032 accepto

83 1052 275 1088 munere,
298 1039 390 1079 εἰπὲ
408 1036 500 1078 ulle}
510 1039 755 1091 proditione
775 1040 825 1079 in
837 1040 1046 1092 periculis
1061 1038 1388 1092 propulsandis.

83 1249 145 1281 que
166 1239 377 1281 magistratum
403 1240 523 1280 gerenti
538 1239 570 1269 in
589 1239 780 1280 superiorem
801 1238 849 1270 lo-

84 1293 155 1313 cum
178 1283 360 1319 ascendere,
375 1283 512 1324 indeque
532 1283 710 1314 concionari
734 1284 773 1313 ad
791 1294 849 1324 po-

83 1327 205 1366 pulum,
221 1337 284 1356 non
309 1333 412 1356 autem
437 1326 558 1366 privato
573 1326 703 1365 homini,
719 1326 780 1356 nisi
796 1336 848 1356 ac-

84 1369 178 1410 cepta
193 1370 232 1399 ab
249 1369 353 1409 aliquo
370 1370 549 1409 magistratu
565 1374 734 1410 potestate.
778 1369 847 1401 Cic.

84 1412 123 1442 ad
149 1411 217 1443 Att.
230 1412 283 1442 lib.
300 1415 332 1443 4.
348 1415 379 1443 2.
392 1414 432 1442 de
449 1412 561 1443 Clodio
584 1413 685 1442 adhuc
707 1412 843 1452 privato:

86 1454 159 1484 com
180 1455 271 1486 subit&
289 1456 339 1485 ille
360 1457 392 1485 in
413 1458 573 1486 concionem
595 1456 734 1492 ascendit,
760 1466 846 1495 quam

82 1498 195 1538 Appius
208 1501 234 1529 ei
247 1499 338 1530 dedit.

127 1544 159 1573 5.
199 1540 448 1582 Prohibueram]
515 1541 605 1571 Licet
642 1545 776 1581 quaestor
813 1545 845 1570 et

84 1584 184 1614 aedilis
199 1584 307 1614 fuisset
322 1584 445 1620 Cicero,
462 1589 504 1620 et,
521 1594 617 1613 annos
632 1589 722 1614 natus
737 1582 846 1623 viginti

85 1637 150 1662 sex,
167 1627 330 1663 Quintium
355 1627 388 1657 iu
415 1627 538 1667 privato
559 1626 681 1667 judicio
704 1630 736 1656 et
751 1625 848 1656 Ame-

84 1669 183 1700 rinum
201 1671 233 1700 in
243 1669 371 1710 publico
381 1670 586 1705 defendisset,
594 1671 733 1699 nondum
745 1674 849 1699 tamen

84 1713 116 1743 in
143 1712 265 1743 Rostris
288 1718 405 1753 egerat,
429 1713 491 1753 quo
519 1711 638 1742 tantum
663 1712 849 1752 magistrati-

85 1756 143 1786 bus
157 1755 275 1786 licebat
289 1757 471 1792 ascendere,
488 1761 522 1785 ut
533 1755 609 1786 nihil
622 1756 682 1785 huc
701 1755 760 1784 nisi
776 1765 847 1796 per-

85 1799 202 1829 fectum
215 1799 341 1840 ingenio
366 1804 398 1830 et
418 1798 546 1839 dignum
562 1797 768 1838 amplitudine
784 1798 844 1829 loci

86 1841 257 1879 afferretur,
277 1843 362 1882 quod
386 1841 444 1872 hac
463 1842 579 1872 minore
601 1846 693 1871 aetate
714 1841 790 1872 dicit
813 1852 846 1872 se

85 1891 232 1926 praestare
249 1895 311 1915 non
328 1885 477 1925 potuisse.

130 1929 160 1958 9.
186 1928 396 1969 Temporibus]
441 1926 523 1959 Cum
537 1938 599 1958 non
624 1933 730 1967 posset
745 1928 848 1958 adhuc

85 1981 142 2012 per
154 1976 279 2002 aetatem
300 1972 380 2002 hanc
401 1970 555 2011 juniorem
580 1980 690 2001 vacare
706 1970 848 2011 Reipub.

87 2014 194 2045 amicis
222 2014 283 2044 suis
315 2014 561 2055 periclitantibus
586 2014 676 2044 dedit
698 2024 846 2054 operam;

86 2057 237 2088 familiare
253 2057 335 2088 enim
349 2063 396 2088 est
406 2058 492 2098 apud
504 2057 687 2088 Ciceronem
703 2067 759 2097 pro
770 2058 848 2096 peri-

88 2100 162 2131 culis
180 2110 328 2141 usurpare
343 2106 478 2140 tempora.
525 2100 576 2131 Sic
591 2110 647 2140 pro
663 2100 736 2130 Mil.
752 2099 847 2136 Bona,

75 2142 222 2184 sommas
240 2153 326 2180 meas,
348 2154 384 2174 ac
404 2144 558 2174 liberorum
578 2153 717 2179 meorum,
731 2144 846 2173 incom-

85 2188 251 2218 munionem
264 2192 382 2217 tuorum
394 2192 551 2226 temporum
563 2186 686 2218 contuli.

130 2232 184 2261 11.
232 2229 317 2260 Cast&
359 2230 555 2271 integreque]
628 2228 848 2269 Integritatem

88 2283 175 2303 suam
190 2278 222 2303 et
245 2273 464 2304 abstinentiam
489 2273 522 2303 in
547 2272 647 2303 causis
671 2271 848 2302 defenden-

87 2315 137 2346 dis
148 2316 282 2357 prosert:
307 2326 391 2352 nam,
402 2316 471 2357 lege
484 2315 606 2352 Cincia,
613 2315 681 2356 jam
695 2315 770 2345 inde
783 2314 847 2344 lata

89 2358 129 2389 ab
154 2369 235 2389 anno
251 2359 294 2391 U.
311 2359 350 2391 C.
366 2360 441 2390 550.
465 2363 592 2390 cautum
615 2363 692 2395 erat,
715 2368 754 2388 ne
777 2357 845 2398 quis

88 2412 199 2433 munus
222 2407 277 2432 aut
290 2403 458 2443 pecuniam
481 2403 521 2433 ob
543 2411 669 2433 causam
696 2401 845 2432 orandam

89 2445 258 2486 acciperet.

132 2490 186 2520 13.
209 2488 334 2529 Propter
359 2488 555 2529 dilationem]
604 2486 846 2527 Abrumpeban-

88 2536 149 2568 tur,
171 2536 204 2562 et
223 2531 256 2562 in
279 2531 374 2562 aliurn
398 2531 482 2563 diem
505 2531 728 2561 differebantur
749 2529 846 2560 comi-

88 2574 144 2611 tia,
158 2574 210 2605 vel
224 2575 472 2613 obnuntiatione,
485 2574 536 2604 vel
557 2573 778 2605 intercessione
793 2583 850 2613 pa-

88 2617 131 2648 ris
143 2622 196 2648 aut
216 2617 341 2659 majoris
360 2617 574 2658 magistratus:
599 2616 849 2657 obnuntiatione,

89 2659 162 2692 cum
187 2660 256 2702 quis
282 2660 488 2701 magistratus,
506 2661 581 2690 dum
604 2660 732 2691 comitia
754 2658 852 2690 habe-

88 2704 214 2744 bantur,
229 2704 404 2740 nuntiabat,
419 2714 452 2735 se
473 2702 544 2735 coeli
562 2703 613 2733 vel
637 2703 739 2734 avium
760 2703 849 2743 signa

91 2747 350 2788 deprehendisse.
395 2746 446 2778 Sic
471 2746 541 2778 Cic.
560 2746 613 2777 lib.
630 2748 662 2778 3.
676 2746 729 2779 ad.
746 2745 847 2782 Quin-

90 2794 158 2822 tum
181 2789 323 2823 fratrem:
370 2789 558 2823 comitiorum
581 2790 707 2832 quotidie
737 2788 850 2830 singuli

892 1240 952 1270 dies
988 1240 1133 1271 tolluntur
1169 1240 1446 1277 obnuntiationibus,
1476 1238 1583 1281 magud
1608 1249 1656 1269 vo-

893 1283 1008 1313 luntate
1026 1283 1162 1313 bonorum
1184 1284 1319 1313 omnium.
1366 1283 1548 1314 Credebant
1569 1281 1656 1312 vide-

893 1325 977 1362 licet,
991 1326 1065 1357 dato
1081 1326 1099 1356 a
1121 1326 1202 1358 Jove
1218 1326 1317 1367 signo,
1336 1326 1383 1357 fas
1397 1336 1461 1356 non
1477 1336 1545 1356 esse
1559 1335 1652 1365 agere

889 1379 960 1399 cum
976 1369 1094 1409 populo
1107 1381 1116 1409 ;
1138 1369 1358 1400 intercessione
1373 1368 1457 1405 vero,
1477 1367 1548 1400 esim
1561 1367 1654 1398 diffe-

890 1413 1037 1442 rebantur
1065 1423 1120 1453 per
1150 1413 1360 1453 magistratus,
1383 1418 1415 1442 et
1443 1411 1574 1442 maxime
1598 1421 1655 1451 per

890 1455 1041 1486 tribunos.
1090 1455 1140 1485 Sic
1152 1455 1184 1484 in
1194 1456 1248 1486 lib.
1258 1456 1350 1495 epist.
1364 1456 1403 1485 ad
1414 1454 1483 1486 Att.
1495 1457 1525 1485 4.
1536 1454 1654 1490 scribit,

887 1497 1024 1533 comitia,
1053 1498 1164 1538 quibus
1181 1497 1262 1528 Pub.
1279 1497 1410 1528 Clodius
1429 1502 1606 1537 praeturam,
1624 1501 1657 1527 et

889 1539 971 1569 Milo
987 1540 1182 1570 consulatum
1208 1541 1370 1580 petebant,
1394 1539 1506 1580 saepifis
1523 1549 1590 1570 esse
1608 1539 1657 1570 di-

890 1582 972 1620 lata,
999 1593 1038 1613 ea
1053 1587 1156 1613 autem
1169 1583 1218 1612 vel
1235 1583 1429 1613 obnuntiatio
1445 1583 1493 1613 vel
1506 1582 1654 1613 interces-

893 1626 938 1655 sio
965 1625 1060 1655 fiebat
1085 1625 1118 1655 in
1147 1626 1384 1656 candidatorum
1413 1625 1555 1666 gratiam,
1583 1624 1654 1656 curn

894 1668 1005 1708 aliquis
1020 1669 1122 1709 parari
1138 1668 1197 1699 sibi
1211 1669 1366 1710 repulsam
1385 1668 1522 1698 videbat.

937 1710 987 1741 Ib.
1035 1711 1090 1742 Ter
1120 1711 1252 1751 proetor.]
1316 1712 1426 1743 Plures
1448 1711 1536 1742 fuere
1558 1712 1656 1742 creati

890 1760 1050 1795 praetores,
1082 1765 1159 1785 unus
1185 1753 1305 1785 tantum
1331 1754 1435 1795 primis
1459 1754 1552 1785 Urbis
1576 1760 1654 1785 tem-

890 1798 1033 1837 poribus;
1063 1802 1128 1828 tuln
1146 1799 1221 1834 duo,
1237 1807 1273 1828 ac
1289 1799 1429 1834 tandem,
1453 1797 1543 1838 Sylla
1553 1797 1653 1828 dicta-

890 1845 969 1876 tore,
985 1846 1068 1876 octo,
1083 1841 1200 1871 deinde
1227 1841 1351 1880 decem,
1367 1847 1526 1872 crescente
1540 1841 1572 1870 in
1586 1841 1654 1871 dies

891 1883 1013 1924 imperii
1048 1883 1187 1914 Romani
1223 1884 1449 1924 magnitudine,
1477 1894 1514 1915 ac
1539 1883 1653 1914 civium

892 1937 1032 1957 numere.
1074 1926 1102 1957 A
1121 1926 1499 1968 populojurisdictionem
1514 1926 1654 1966 accipie-

892 1970 981 2006 bant,
996 1969 1051 1999 sed
1067 1969 1235 2006 incertam3
1258 1969 1415 2010 designati
1427 1970 1654 2009 enim,conjec-

890 2013 928 2042 tis
944 2012 977 2042 in
991 2017 1105 2043 sortem
1112 2012 1394 2053 jurisdictionibus,
1410 2022 1504 2053 quam
1519 2012 1652 2054 quisque

891 2056 1086 2091 sortiebatur,
1108 2057 1189 2086 hanc
1211 2056 1386 2086 exercebat.
1427 2055 1475 2085 Ex
1498 2055 1558 2086 illis
1573 2065 1652 2096 prae-

893 2098 1008 2129 toribus
1024 2098 1087 2128 duo
1113 2103 1266 2139 praeerant
1293 2098 1419 2140 privatis
1439 2097 1580 2139 judicii8‚
1601 2108 1653 2129 ur-

891 2142 989 2172 banus
1004 2141 1083 2172 alter
1098 2141 1153 2183 qui
1170 2142 1300 2177 civibus,
1312 2141 1493 2183 peregrinus
1506 2142 1583 2172 alter
1597 2141 1652 2182 qui

892 2185 984 2215 sociis
999 2190 1032 2215 et
1049 2184 1194 2222 externis,
1204 2184 1256 2226 jus
1271 2184 1414 2224 dicebat;
1436 2194 1474 2215 ex
1485 2189 1556 2215 octo
1568 2183 1650 2220 aliis,

893 2228 956 2258 duo
979 2228 1019 2258 de
1033 2228 1149 2259 sicariis
1169 2228 1392 2268 decernebant,
1407 2238 1486 2258 unus
1499 2227 1539 2257 de
1558 2236 1651 2267 repe-

893 2271 997 2302 tundis
1027 2272 1200 2312 quaerebat,
1221 2271 1298 2302 alius
1323 2271 1364 2302 de
1387 2270 1548 2312 peculatu,
1572 2269 1649 2300 alius

891 2315 932 2345 de
957 2314 1086 2350 ambitu,
1102 2314 1180 2345 alius
1203 2314 1245 2344 de
1268 2314 1359 2349 falso,
1374 2313 1452 2344 alius
1472 2314 1512 2344 de
1539 2315 1652 2352 maies-

891 2361 967 2392 tate,
981 2356 1058 2387 alius
1071 2357 1112 2387 de
1128 2357 1160 2387 vi
1172 2368 1179 2386 τ
1196 2367 1233 2388 ac
1249 2357 1373 2387 tandem
1387 2357 1444 2387 sub
1458 2355 1652 2398 imperatori-

889 2400 946 2430 bus
961 2400 1023 2429 duo
1039 2399 1186 2430 Cereales
1203 2399 1307 2430 additi
1329 2404 1412 2436 sunt,
1428 2399 1482 2440 qui
1502 2400 1542 2430 de
1560 2399 1652 2429 fidei-

890 2442 1051 2473 commisso
1069 2442 1123 2483 jus
1137 2442 1295 2478 dicebant,
1311 2450 1342 2473 et
1361 2442 1487 2473 ultimus
1497 2441 1650 2481 tutelaris,

890 2486 977 2526 cujus
993 2495 1103 2516 munus
1117 2485 1176 2516 fuit
1191 2495 1303 2527 cogere
1318 2490 1435 2516 tutores
1450 2490 1483 2516 et
1498 2484 1651 2516 satisdare

891 2539 956 2560 rem
969 2528 1083 2570 pupilli
1097 2529 1214 2560 salvam
1225 2529 1304 2566 fore,
1316 2533 1349 2560 et
1364 2528 1501 2559 delatam
1520 2527 1652 2559 tutelam

892 2582 1048 2613 accipere.

935 2615 986 2647 Ib.
1010 2614 1156 2656 Primus]
1191 2614 1266 2645 Non
1281 2614 1416 2656 aliquem
1432 2613 1567 2656 populus
1581 2613 1652 2654 dig-

893 2658 999 2689 nitatis
1010 2659 1141 2699 gradum
1155 2658 1237 2689 inter
1250 2663 1396 2699 praetores
1411 2658 1567 2699 ponebat;
1581 2658 1652 2693 sed,

893 2701 947 2743 qui
981 2701 1118 2732 omnium
1151 2701 1269 2742 primus
1306 2701 1345 2732 ab
1382 2711 1422 2732 eo
1455 2699 1649 2732 renuntiatus

893 2749 969 2782 erat,
991 2754 1055 2785 prae
1075 2744 1193 2776 caeteris
1207 2742 1327 2786 populo
1347 2743 1500 2785 placuisse
1519 2743 1651 2774 videba-

892 2792 952 2825 tur.
995 2787 1088 2823 Certe
1122 2786 1307 2824 Plutarchus
1331 2787 1365 2822 in
1395 2786 1557 2822 Ciceronis
1586 2785 1652 2818 vita
