1858 3095
724 176 773 212 IN
805 180 934 212 Plsox
944 181 1020 211 lau.

83 258 246 314 fugisse
277 264 408 299 noctu
436 256 702 313 crepidatum
733 255 1027 311 imperatorem
1061 252 1379 302 indicaverunt3
1411 250 1470 291 illi
1500 255 1645 291 autem

81 315 408 365 statuam,istius
422 314 846 370 persimilem‚(quam
859 318 970 352 stare
984 309 1258 351 celeberrimo
1273 309 1315 348 in
1330 308 1426 348 loco
1436 306 1643 357 voluerat,

83 384 135 411 ne
167 371 406 413 suavissimi
439 370 624 411 hominis
655 368 859 410 memoria
891 370 1139 417 moreretur)
1160 365 1403 414 deturbant,
1431 363 1643 418 affligunt,

82 428 391 477 comminuunt,
413 427 639 482 dissipant.
699 425 772 466 Sic
794 424 951 474 odium,
968 423 1084 479 quod
1107 423 1150 462 in
1170 421 1311 478 ipsum
1331 421 1577 471 attulerant,
1599 418 1644 460 id

82 483 126 524 in
146 485 238 539 ejus
261 483 494 540 imaginem
515 498 565 525 ac
587 482 863 524 simulacrum
886 480 1178 536 profuderunt.

722 700 1018 729 PERORA'UO.

88 802 313 845 Peroratio
338 805 563 858 conficitur
593 803 707 842 brevi·
727 802 1049 842 enumeratione
1069 812 1213 839 eornm
1235 798 1424 837 (innisum
1444 807 1545 848 φωρ
1575 808 1651 848 per

525 864 652 900 totam
675 860 905 899 orationem
928 870 1079 911 sparsa
1102 861 1220 896 svnt.

151 1037 275 1079 XVI.
305 1038 414 1085 Quae
445 1036 544 1078 cum
583 1036 643 1077 ita
683 1036 783 1087 sint,
817 1050 901 1076 non
933 1034 1101 1085 dubito,
1134 1029 1252 1089 quin,
1283 1032 1380 1074 cum
1418 1025 1526 1081 liaec,

1557 1044 1653 1086 qua!

92 1094 322 1144 excellunt,
342 1109 408 1134 me
438 1096 562 1133 nosse
583 1094 746 1142 videas,
769 1107 854 1132 uon
876 1092 1110 1141 existimes,
1130 1090 1315 1130 mediam
1343 1088 1457 1128 illam
1489 1095 1652 1141 partem

92 1156 138 1190 et
163 1151 332 1190 turbam
361 1149 618 1204 flagitiorum
648 1157 817 1190 tuorum
847 1148 951 1188 miiii
985 1162 1078 1188 esse
1111 1146 1362 1187 inauditam.

1423 1142 1542 1184 Nihil
1573 1150 1654 1193 est,

92 1205 209 1261 quod
230 1221 296 1248 me
320 1207 512 1256 hortere3
545 1205 652 1246 nihil
674 1213 754 1255 est,
772 1204 887 1260 quod
908 1204 1087 1254 invites;
1119 1202 1339 1244 admoueri
1357 1215 1422 1241 me
1441 1199 1544 1240 satis
1563 1206 1655 1250 est;

91 1262 342 1303 admonebit
383 1269 526 1303 autem
562 1276 687 1303 nemo
724 1263 845 1311 alius,
886 1260 969 1301 nisi
1009 1259 1253 1316 reipublicae
1294 1265 1489 1311 tempus;
1528 1255 1646 1311 quod
1700 1282 1708 1293 .

92 1319 197 1358 mihi
217 1319 390 1373 quidem
406 1316 542 1372 magis
555 1318 736 1365 videtur,
751 1317 882 1373 quam
907 1323 954 1357 tu
977 1330 1166 1371 unquam
1182 1314 1409 1356 arbitratus
1426 1327 1486 1362 es,
1503 1326 1657 1367 appro-

92 1374 314 1430 pinquare.
375 1373 544 1430 Ecquid
561 1374 694 1423 vides,
717 1373 873 1429 ecquid
894 1372 1042 1422 sentis,
1066 1373 1160 1427 lege
1177 1368 1409 1426 judiciari-22
1430 1368 1532 1418 lat-a,
1545 1384 1656 1424 quos

91 1432 276 1486 posthac
289 1431 460 1487 judices
493 1430 626 1471 simus
657 1429 842 1471 habituri
855 1430 871 1470 ¹?
903 1444 990 1470 non
1020 1429 1142 1484 aeque
1163 1429 1344 1482 legetur,
1365 1424 1564 1481 quisquis
1585 1439 1657 1465 vo-

92 1487 245 1537 luerit3
275 1502 370 1538 nec,
407 1486 603 1542 quisquis
645 1486 844 1537 noluerit,
883 1500 971 1526 non
1009 1486 1204 1541 legetur3
1235 1482 1342 1523 nulli
1373 1481 1658 1537 conjicientur

94 1542 139 1583 in
179 1543 300 1584 illum
340 1543 547 1594 ordinem,
580 1543 683 1583 nulli
724 1542 987 1583 eximentur:
1028 1556 1115 1582 non
1153 1539 1331 1581 ambitio
1367 1538 1421 1579 ad
1458 1537 1655 1593 gratiam,
1679 1538 1736 1578 10

94 1613 182 1640 non
213 1599 419 1655 iniquitas
451 1599 505 1640 ad
537 1598 866 1649 simulationem,
898 1598 1177 1653 conjicietur:
1202 1595 1373 1652 judices
1398 1594 1658 1649 judicabunt

96 1655 142 1705 ii,
173 1669 281 1711 quos
312 1656 380 1697 lex
422 1655 528 1710 ipsa,
561 1670 646 1696 non
677 1670 785 1711 quos
825 1654 1045 1695 hominum
1076 1653 1225 1700 libido,
1247 1650 1469 1706 delegerit.
1529 1650 1659 1697 Quod

96 1714 195 1752 cum
225 1712 286 1753 ita
315 1711 387 1763 sit,
417 1712 520 1752 mihi
552 1712 692 1763 crede,
724 1711 938 1752 neminem
978 1709 1165 1751 invitus*
1186 1708 1410 1749 invitabis:
1443 1721 1509 1747 res
1548 1706 1658 1762 ipsa,

98 1776 142 1809 et
181 1768 428 1824 reipublicae
460 1774 644 1824 tempus,
677 1775 750 1809 aut
789 1782 855 1808 me
887 1767 1026 1822 ipsum
1056 1765 1191 1822 (quod
1221 1764 1388 1815 nolim),
1419 1770 1494 1804 aut
1527 1763 1659 1805 alium

95 1824 358 1880 quempiam,
380 1831 455 1866 aut
485 1824 695 1875 invitabit,
728 1831 802 1865 aut
832 1823 1143 1864 dehortabitur.
1204 1821 1432 1877 Equidem,
1455 1826 1505 1882 ut
1532 1821 1657 1874 paulo
1680 1820 1740 1861 15

96 1879 197 1921 ante
233 1881 337 1932 dixi,
368 1895 453 1922 non
493 1882 642 1922 eadem
684 1880 894 1937 supplicia
935 1894 1029 1921 esse
1070 1879 1113 1919 in
1153 1877 1400 1919 hominibus
1440 1876 1659 1928 existimo,

97 1951 194 1992 quae
223 1937 406 1979 fortasse
443 1937 647 1993 plerique,
682 1937 996 1989 damnationes,
1028 1935 1317 1992 expulsiones,
1359 1948 1506 1974 neces:
1542 1932 1660 1974 deni-

143 2062 173 2091 3.
200 2059 285 2091 Nihil
299 2066 349 2095 est,
363 2059 437 2100 quad
461 2070 502 2090 me
525 2060 660 2101 hortere]

99 2102 222 2138 Cicew,
240 2103 314 2132 nihil
330 2113 408 2138 esse,
423 2101 505 2143 qudd
531 2102 605 2132 Piso
622 2113 690 2132 eum
707 2104 857 2140 hortetur,

99 2151 134 2175 ut
161 2145 220 2186 ipsi
257 2145 343 2176 litem
380 2145 536 2174 intendat:
563 2147 699 2175 nondum
737 2151 858 2186 tempus

100 2198 181 2224 esse,
210 2188 284 2228 quia
309 2187 437 2218 fortasse
469 2187 571 2218 Caesar
600 2187 736 2218 offensus
765 2193 858 2224 esset,

101 2231 156 2272 qui
174 2236 246 2261 tunc
267 2230 450 2272 gravissimis
468 2230 554 2260 bellis
570 2231 601 2260 in
619 2230 722 2261 Gallia
738 2231 860 2261 detine-

102 2274 204 2304 batur.

145 2319 177 2348 7.
202 2315 278 2357 Lege
289 2315 484 2356 judiciarid.]
529 2315 645 2356 Legem
666 2314 863 2355 judiciariam

103 2365 176 2389 ante
192 2359 312 2400 aliquot
326 2359 556 2399 annos,quibus
570 2358 758 2397 temporibus
772 2369 863 2389 accu-

103 2407 188 2431 satus
211 2407 259 2432 est
273 2401 386 2432 Verres
411 2401 430 2431 ῖι
445 2401 607 2436 Cicerone,
633 2400 701 2430 tulit
716 2400 862 2431 Aurelius

104 2443 199 2474 Cotta
214 2449 335 2484 praetor,
347 2444 409 2484 qua
420 2443 644 2474 communicata
660 2443 862 2484 suntjudicia

104 2487 240 2524 senatui,
255 2492 287 2516 et
306 2487 461 2527 equitibus
482 2486 576 2516 Rom.
592 2491 624 2516 et
639 2486 766 2517 tribunis
788 2497 862 2517 aera-

104 2528 178 2565 riis3
203 2539 302 2560 rursus
325 2530 441 2560 deinde
458 2528 639 2569 Pompeius,
657 2528 686 2559 in
702 2529 862 2560 consulatu

106 2572 257 2608 secundo,
273 2583 334 2612 quo
358 2573 424 2602 haec
440 2572 537 2601 oratio
554 2571 636 2601 dicta
654 2577 710 2607 est,
728 2572 862 2612 promul-

108 2613 203 2652 gavit,
219 2619 252 2644 ut
273 2613 463 2654 amplissimo
479 2624 515 2643 ex
531 2624 637 2649 censu,
651 2624 687 2644 ex
703 2615 864 2652 centuriis,

107 2654 198 2684 aliter
211 2655 302 2696 quam
317 2657 412 2686 antea
426 2656 642 2696 lectijiidiees.
657 2657 745 2697 aeque
762 2665 866 2687 tamen

108 2707 146 2726 ex
162 2697 221 2728 illis
235 2698 328 2729 tribus
344 2699 515 2735 ordinibus,
532 2699 779 2739 resjudicarent.

152 2742 183 2769 8.
210 2738 275 2770 Non
289 2741 366 2780 aequc‘
378 2740 514 2782 legetur]
540 2741 710 2782 Pompeius
723 2742 868 2783 legiliuic

109 2783 258 2823 superiori
274 2783 407 2819 addidit,
423 2790 456 2814 ut
471 2785 608 2826 quinque
625 2790 656 2814 et
670 2786 870 2826 septuaginta

102 2823 294 2866 judicarent,
313 2831 345 2856 et
367 2836 405 2857 ex
421 2836 512 2858 censu
539 2827 725 2866 legerentur,
742 2827 821 2859 adeo
838 2833 872 2858 ut

707 2061 857 2091 Ostendit
899 2071 991 2090 nemo
1009 2065 1114 2100 posset
1129 2071 1162 2090 se
1181 2059 1313 2090 eximere
1334 2057 1352 2087 ῖι
1369 2056 1506 2098 judicio,
1525 2067 1584 2088 nec
1606 2068 1663 2099 per

902 2103 1029 2144 gratiam
1046 2109 1098 2132 aut
1116 2103 1256 2132 fraudem
1273 2113 1304 2131 se
1320 2100 1494 2130 immittere.

952 2148 999 2174 11.
1023 2145 1070 2174 Ad
1084 2146 1292 2175 simulationem
1306 2143 1502 2183 conjicietur]
1549 2143 1663 2175 Trans-

904 2187 998 2217 latum
1013 2188 1051 2217 ab
1068 2198 1105 2218 eo
1122 2198 1204 2217 more
1220 2198 1282 2228 quo
1298 2187 1368 2216 lecti
1386 2196 1439 2226 per
1455 2186 1595 2226 gratiam,
1609 2193 1664 2217 aut

905 2230 1066 2271 probitatis
1076 2227 1664 2269 siniulationeimjudicesconjicieban-

906 2279 953 2302 tur
983 2273 1013 2302 in
1044 2283 1215 2308 nume-rum,
1245 2273 1276 2302 id
1293 2289 1300 2292 -
1315 2278 1374 2306 est,
1404 2271 1664 2310 decuriabantur;

907 2315 1001 2356 quare
1027 2315 1125 2345 aberit
1148 2315 1166 2344 εὶ
1190 2314 1318 2355 judiciis
1345 2314 1444 2344 omnis
1473 2314 1568 2350 fraus,
1591 2323 1662 2355 quae

907 2360 1012 2399 specie
1034 2357 1196 2397 probitatis
1211 2364 1243 2388 ct
1259 2357 1387 2399 justitiae
1403 2356 1663 2390 committebatur.

952 2403 1003 2431 13.
1026 2400 1142 2430 Invitus
1155 2400 1316 2440 invitabis]
1342 2399 1378 2429 Id
1391 2399 1562 2439 dicit‚quia
1578 2399 1664 2435 Piso,

906 2454 1095 2485 quamquam
1115 2444 1240 2479 invitus,
1258 2443 1438 2474 Ciceronem
1460 2441 1609 2473 invitabat
1632 2449 1667 2472 ut

908 2487 936 2517 ei
953 2486 1036 2516 litem
1051 2486 1238 2518 intenderet.
1257 2486 1357 2526 [mlii
1369 2485 1449 2514 haud
1458 2485 1548 2524 paulo
1559 2485 1666 2515 rectius

906 2528 1019 2560 edidere
1032 2528 1189 2569 invitum]

954 2574 1002 2602 14.
1028 2571 1110 2606 Quod
1125 2571 1239 2611 nolimu]
1286 2570 1397 2601 Cicero
1408 2580 1469 2600 non
1482 2569 1547 2599 vult
1563 2570 1665 2599 inten-

909 2616 983 2645 dere
1012 2614 1113 2645 Pisoni
1151 2614 1248 2649 litem,
1278 2624 1318 2643 ne
1345 2612 1459 2644 Caesari
1488 2611 1665 2652 displiceat,

911 2657 983 2698 quia
1000 2666 1085 2686 socer
1100 2655 1165 2696 ejus
1182 2663 1248 2686 erat
1264 2656 1347 2686 Piso.

957 2701 1006 2729 17.
1042 2698 1112 2733 Quae
1121 2699 1250 2740 sortasse
1272 2697 1425 2738 plerique]
1479 2696 1668 2727 Subauditur

911 2743 1083 2773 existimant.
1143 2741 1370 2772 Damnationes
1407 2740 1668 2781 expulsionesqne

913 2785 1017 2816 rever-:1
1039 2796 1101 2815 non
1125 2790 1196 2814 sunt
1217 2783 1382 2826 supplicia,
1398 2782 1472 2825 quia
1487 2783 1557 2814 viris
1582 2782 1672 2815 bonis

915 2833 1043 2869 possunt
1059 2827 1211 2859 accidere.

1642 179 1727 223 295

1662 488 1720 529 55
