1790 3090
597 143 690 179 PRO
713 142 833 177 LEGE
854 142 1069 179 MANILIA.

61 227 192 280 atque
227 222 342 265 avidi
363 221 503 264 laudis
526 220 683 274 fuistis,
714 222 896 265 delenda
924 228 991 265 est
1029 222 1152 266 vobis
1193 221 1302 265 illaa
1315 223 1499 304 macucla,
1532 224 1624 266 Mi-

60 280 292 322 thridatico
327 281 440 322 bello
474 279 691 343 superiore
730 279 982 336 bsuscepta,
1013 296 1111 344 quae
1133 280 1304 351 penitus
1323 281 1416 343 jam
1435 280 1622 324 cinsedit

60 343 189 401 atque
210 336 462 378 inveteravit
499 351 543 376 111
559 336 726 398 populi
762 336 947 378 Romani
969 352 1168 379 nomine:
1201 337 1317 394 quod
1349 353 1400 387 is,
1432 338 1508 408 qui
1532 353 1618 381 uno

14 397 41 436 5
61 394 144 446 die,
177 394 270 435 tota
302 393 422 445 Asia,
454 399 521 435 tot
556 392 600 433 in
635 393 897 445 civitatibus,
930 408 1014 435 uno
1045 394 1196 435 nuntio
1236 400 1364 450 atque
1404 409 1489 434 una
1528 395 1624 437 lite-

59 466 198 493 rarum
229 450 559 521 significatione,
581 450 696 491 cives
720 449 902 491 Roman.
925 451 1143 491 necandos
1165 451 1531 513 trucidandosque
1549 452 1624 494 de-

58 508 238 559 notavit,
269 522 355 548 uon
395 506 522 548 modo
560 506 702 547 adhuc
738 521 912 561 poenam
946 507 1110 547 nullam
1148 522 1227 548 suo
1262 507 1438 563 dignam
1459 508 1622 550 scelere

57 565 295 624 dsuscepit,
328 564 404 606 sed
439 565 492 605 ab
513 563 586 606 illo
609 570 802 619 tempore
823 563 1088 619 annumjam
1119 563 1294 605 tertium
1310 571 1353 605 et
1367 565 1621 608 vicesimum

56 629 231 678 regnat3
263 628 306 662 et
326 621 386 662 ita
421 628 585 677 regnat,
616 628 664 661 ut
695 635 740 661 se
780 634 867 660 non
902 619 1044 661 Ponto
1076 634 1217 676 neque
1240 620 1531 685 Cappadociae
1558 622 1622 664 la-

0 680 38 720 .Ο
58 679 188 720 tebris
207 679 422 720 occultare
444 678 572 729 velit3
603 677 680 719 sed
697 691 912 733 emergere
934 692 958 717 e
981 677 1120 733 patrio
1146 692 1295 740 regno,
1316 687 1446 733 atque
1463 694 1508 719 ln
1526 694 1620 721 ves-

55 736 131 777 tris
152 735 451 791 vectigalibus,
473 736 557 776 hoc
580 741 659 784 est,
689 749 735 775 ln
759 734 876 774 Asiae
897 734 1010 785 luce,
1051 735 1222 776 ve1sa1i.
1282 733 1458 775 Etenim
1477 735 1622 798 adhuc

53 792 116 834 ita
132 807 155 833 v
159 793 261 834 estri
278 807 376 834 cum
389 792 463 833 illo
480 807 579 848 iege
596 792 917 855 contenderunt
915 790 1224 861 imperatores,
1244 797 1293 832 ut
1306 791 1360 832 ab
1374 790 1476 832 illoe
1488 791 1621 848 insig-

54 849 126 890 nia
145 849 348 900 victoriae,
381 864 466 890 non
487 849 728 900 victoriam,
766 843 1070 911 reportarint.
1096 848 1393 911 Triumphavit
1413 847 1461 890 L.
1481 847 1619 912 Sylla,

53 906 329 969 triumphavit
369 907 414 947 L.
446 906 629 947 Murena
667 906 720 946 de
759 904 1027 957 Mithridate,
1067 905 1152 947 duo
1193 904 1414 946 fortissimi
1452 919 1544 957 vlrl,
1576 912 1620 947 et

8 962 208 1004 5summi
248 963 547 1019 imperatores:
580 962 739 1004 sedita
757 961 1090 1017 triumpharunt,
1121 968 1168 1002 ut
1197 962 1269 1004 ille
1309 962 1458 1018 pulsus
1493 977 1621 1026 supe-

50 1027 254 1075 ratusque
275 1026 484 1076 regnaret.
544 1019 849 1060 Veiumtamen
868 1018 952 1059 illis
988 1018 1319 1075 imperatoribus
1341 1019 1435 1060 laus
1457 1026 1524 1060 est
1543 1020 1619 1060 tri-

50 1076 237 1128 buenda,
270 1077 386 1132 quod
425 1075 654 1131 fege1u11t3
686 1075 809 1116 venia
829 1075 985 1126 danda,
1018 1076 1136 1131 quod
1166 1076 1458 1131 reliquerunt3
1489 1090 1616 1132 prop-

50 1135 167 1174 terea
188 1132 301 1189 quod
325 1133 378 1173 ab
402 1146 452 1173 eo
481 1133 595 1173 bello
624 1107 814 1194 Syllam
804 1146 849 1171 m
883 1131 1051 1172 Italiam
1078 1131 1359 1194 Respublica,
1391 1131 1619 1174 Murenam

52 1189 182 1245 Sylla,
207 1189 435 1230 revocavit.
497 1187 773 1229 Mithridates
793 1193 939 1229 autem
960 1202 1086 1229 omne
1104 1187 1315 1251 reliquum
1331 1194 1516 1250 tempuS,
1532 1203 1620 1230 non

0 1247 32 1288 Ο
51 1247 104 1287 ad
126 1246 385 1287 oblivionem
401 1245 555 1286 veteris
578 1245 693 1297 belli,
722 1245 797 1286 sed
815 1245 870 1285 ad
892 1244 1259 1312 comparationem
1275 1259 1388 1293 now,
1407 1246 1616 1287 contulit·

49 1303 139 1366 qui,
159 1301 443 1359 posteaquam
483 1301 692 1343 maximas
723 1300 983 1343 aedificasset
1012 1301 1324 1365 gornassetque
1346 1302 1522 1353 classes,
1546 1317 1618 1343 ex-

49 1360 294 1429 ercitusque
308 1374 484 1415 pelmao
487 1374 580 1410 nos,
591 1359 936 1422 quibuscumque
954 1373 1006 1399 ex
1021 1358 1224 1415 gentibus
1237 1358 1464 1415 potuisset,
1477 1359 1617 1400 hcom-

48 1416 259 1473 parasset,
290 1423 334 1459 et
359 1431 405 1458 se
428 1415 707 1473 Bosporanis,
735 1415 949 1457 ¹finitimis
981 1431 1084 1467 suis,
1116 1415 1277 1458 bellum
1310 1415 1464 1457 inferre
1484 1416 1616 1457 simu-

0 148 44 191 32

1211 1584 1228 1609 ‘³
1243 1587 1370 1647 declit.
1429 1588 1612 1629 edecora.

1310 1651 1318 1666 ¹
1333 1645 1489 1686 vicinis
1506 1647 1611 1686 suis.

855 1591 870 1609 ⁰
882 1587 1148 1628 adlicerescit.

965 1643 984 1666 ¹¹
999 1646 1242 1697 collegisset.

532 1585 550 1610 ¹³
562 1592 794 1628 conto-aeta.

48 1596 63 1613 ⁸
75 1590 214 1642 ignom
221 1590 327 1629 inice
347 1588 471 1629 labes.

584 1651 600 1675 ἕ
614 1645 904 1685 instrum-sset.

47 1645 122 1687 ‘de
141 1660 185 1687 eo
198 1647 311 1699 quod
328 1649 522 1698 egerunt.

849 1801 1084 1833 ficentissimum
1106 1801 1195 1833 duxit
1216 1801 1380 1835 Lucullus:
1404 1802 1505 1844 qualis
1521 1801 1615 1835 antea

849 1845 953 1876 nullus
969 1846 1080 1876 Romae
1096 1845 1180 1876 visus
1196 1851 1271 1875 erat.

896 1891 949 1920 18.
985 1889 1097 1929 Syllam
1126 1889 1158 1918 in
1186 1887 1334 1929 Italiam]
1381 1887 1463 1919 Cum
1500 1886 1612 1919 iterum

848 1929 961 1962 Rornae
986 1931 1156 1962 seditiones
1184 1931 1201 1960 a
1224 1931 1338 1968 Cinna,
1362 1930 1517 1967 Carbone,
1541 1932 1613 1961 Ser-

849 1974 939 2010 torio,
957 1979 989 2004 et
1000 1974 1103 2004 Mario
1118 1974 1336 2009 excitarentur,
1349 1974 1499 2014 multique
1517 1973 1534 2004 ὲ
1549 1973 1611 2014 pri-

850 2018 984 2048 moribus
1021 2017 1199 2058 reipublicae
1235 2017 1473 2056 trucidarentur,
1511 2016 1611 2058 Sylla,

90 1806 123 1837 3.
147 1803 228 1834 Bello
252 1802 422 1843 superiora]
466 1801 551 1832 Illud
573 1801 689 1832 bellum
711 1809 805 1842 supe-

46 1848 107 1879 rius
132 1848 334 1878 instauratum
361 1852 408 1876 est
422 1845 439 1876 a
457 1845 574 1882 Quinto
595 1845 748 1885 Pompeio
775 1850 807 1874 et

47 1891 145 1923 Lucio
170 1889 258 1931 Sylla
287 1889 376 1920 Coss.
403 1898 476 1919 nam
504 1888 593 1918 initio
630 1888 711 1918 illius
735 1887 808 1918 belli

49 1935 90 1970 Q.
116 1933 250 1974 Oppius,
273 1932 336 1963 sive
359 1931 522 1972 proconsul
546 1931 611 1961 sive
635 1936 804 1971 propraetor

47 1977 150 2012 suerit,
162 1976 194 2006 in
210 1986 319 2005 manus
336 1975 528 2005 Mithridatis
546 1974 640 2009 venit,
657 1974 675 2003 a
689 1985 751 2014 quo
772 1974 804 2003 in

46 2020 170 2051 vincula
186 2018 344 2059 conjectus
361 2024 416 2048 est.
462 2017 611 2058 Ejusdem
626 2016 716 2056 jussu
731 2017 804 2046 Ma·

46 2063 114 2093 nius
130 2062 269 2097 Atinius,
281 2061 366 2092 asino
382 2061 532 2096 insidens,
551 2060 735 2100 Pergamum
751 2061 805 2089 de-

48 2107 161 2136 ductus
176 2110 235 2139 est,
251 2105 304 2134 ubi
319 2104 350 2133 in
367 2115 400 2133 os
417 2114 524 2133 aurum
539 2102 740 2143 liquefactum
757 2103 805 2132 in-

46 2149 137 2179 fundi
151 2159 206 2188 per
218 2158 366 2177 summam
383 2146 601 2177 crudelitatem
613 2145 718 2186 jussit.

89 2194 120 2223 4.
150 2191 213 2221 Uno
226 2191 282 2229 die,
299 2189 357 2220 &a
361 2189 375 2230 ]
421 2189 625 2220 Mithridate·
641 2189 680 2218 ad
698 2198 805 2218 omnes

45 2235 165 2265 urbium
182 2233 266 2264 Asiae
280 2233 441 2274 prafectos
453 2233 558 2263 literas
576 2231 677 2280 dedit,
694 2232 805 2272 quibus

45 2278 230 2319 imperabat,
252 2281 287 2306 ut
308 2275 465 2315 trigesimo
490 2277 529 2305 ab
552 2274 689 2315 acceptis
710 2274 805 2304 literis

47 2322 109 2357 die,
125 2331 232 2350 omnes
257 2325 320 2349 tum
346 2318 483 2348 Romani
507 2323 571 2348 tum
594 2317 752 2347 Italicum
768 2316 806 2347 li-

45 2364 127 2394 beris
151 2370 182 2393 et
196 2362 340 2392 uxoribus
361 2361 597 2396 trucidarentur,
613 2365 707 2400 atque
722 2361 806 2390 inse-

46 2407 129 2448 pulti
137 2406 209 2436 feris
221 2405 484 2445 relinquerentur.
505 2404 607 2434 Tanta
618 2403 678 2432 fuit
686 2408 802 2443 strages

46 2451 144 2485 edita,
156 2454 261 2480 utuno
271 2447 323 2477 die
334 2452 460 2477 centum
471 2445 697 2488 quinquaginta
709 2446 804 2476 millia

46 2493 211 2524 interfecta
234 2491 303 2520 sint.
350 2489 401 2519 De
422 2490 458 2520 iis
485 2489 556 2520 vide
573 2488 778 2529 Appianum
770 2499 803 2518 m

44 2537 122 2567 libro
137 2535 190 2576 qui
201 2532 432 2564 Mithridaticus
442 2532 626 2568 inscribitur,
637 2536 670 2562 et
682 2532 805 2562 Plutar-

48 2579 163 2610 chum
154 2589 187 2608 in
201 2577 265 2607 vita
278 2575 385 2617 Syllae.

92 2625 122 2653 8.
145 2622 264 2651 Avmum
277 2618 372 2658 jam]
418 2617 531 2647 Totum
545 2617 661 2647 bellum
679 2616 806 2647 Mithri-

48 2666 186 2696 daticum
218 2673 274 2704 per
301 2671 397 2692 annos
420 2662 462 2690 40
486 2666 606 2701 gestum
630 2665 688 2696 est,
712 2665 746 2690 ut
768 2671 805 2691 ex

47 2709 152 2745 Floro,
168 2707 221 2738 lib.
239 2707 269 2738 3.
286 2709 384 2746 patet.

95 2753 144 2782 12.
168 2750 250 2790 Insig
252 2750 302 2779 nia
323 2746 476 2786 victoriae]
520 2746 605 2777 Per·
597 2746 729 2787 insignia
742 2747 805 2777 vic.

46 2795 145 2833 toriae,
173 2792 361 2834 triumphum
387 2789 545 2830 intelligit,
568 2795 665 2831 quem
687 2790 804 2831 magni-

848 2060 932 2090 facta
948 2071 1027 2100 pace
1039 2071 1108 2090 cum
1123 2060 1322 2097 Mithridate,
1335 2059 1470 2090 Romam
1487 2061 1527 2090 ad
1545 2070 1611 2090 ino-

848 2107 896 2132 tus
932 2103 1001 2133 illos
1035 2103 1285 2143 comprimendos
1322 2103 1495 2139 revertitur,
1521 2105 1610 2141 jussu

849 2144 986 2183 senatus,
1010 2145 1119 2176 relicto
1151 2145 1299 2181 Murena,
1323 2150 1357 2175 ut.
1378 2145 1499 2186 reliqua
1522 2145 1607 2176 Asiae

848 2189 976 2229 negotia
991 2194 1204 2229 componeret.
1236 2189 1300 2219 Sed
1313 2189 1402 2229 pacis
1415 2188 1609 2219 conditiones

850 2233 901 2262 vix
915 2232 968 2263 ille
982 2232 1083 2262 tenuit
1096 2242 1105 2269 3
1127 2242 1213 2268 narn,
1228 2232 1340 2262 ductus
1361 2231 1505 2272 triumphi
1521 2232 1609 2272 cupi—

850 2275 960 2311 ditate,
983 2275 1086 2305 statim
1117 2274 1202 2305 leves
1234 2279 1341 2305 contra
1363 2274 1609 2311 Mithridaticos,

850 2318 966 2348 deinde
1006 2318 1160 2358 graviores
1204 2317 1423 2358 expeditiones
1459 2317 1607 2358 suscepit.

850 2359 938 2401 Sylla
947 2360 1031 2397 verti,
1039 2361 1201 2390 arbitratus
1211 2359 1372 2399 indignum
1383 2370 1451 2390 esse
1462 2359 1609 2390 Romana

848 2403 911 2433 fide
925 2414 988 2433 non
999 2409 1078 2433 stare
1090 2402 1175 2443 pacis
1188 2403 1431 2438 conditionibus,
1441 2402 1609 2434 Murenam

848 2446 887 2476 ab
902 2445 981 2476 Asia
996 2447 1162 2477 revocavit.
1387 2480 1392 2484 Ι

890 2490 944 2521 92.
989 2489 1219 2528 Quibuscumque
1252 2498 1284 2518 ex
1307 2487 1467 2529 gentibus]
1528 2487 1607 2517 Tam

848 2531 1006 2572 ingentem
1031 2532 1198 2562 exercitum
1214 2541 1250 2560 ex
1274 2531 1415 2561 omnibus
1430 2529 1606 2560 nationibus

849 2574 1050 2605 Mithridates
1085 2574 1276 2614 comparavit
1303 2579 1337 2604 ut
1367 2572 1505 2604 Romani
1538 2573 1607 2613 peti

849 2628 882 2647 se
905 2618 1143 2655 arbitrarentur3
1166 2621 1360 2658 persuaserat
1377 2614 1439 2646 'sibi
1458 2615 1607 2646 videlicet

849 2671 902 2691 rex
915 2661 979 2698 ille,
996 2660 1014 2690 ὲ
1030 2671 1063 2691 se
1076 2660 1237 2691 Romanos
1252 2659 1352 2700 frangi
1368 2669 1472 2700 posse,
1488 2659 1514 2689 si
1529 2669 1605 2690 con-

849 2708 896 2734 tra
917 2715 970 2735 eos
983 2704 1081 2735 varios
1097 2714 1135 2734 ex
1150 2702 1240 2734 variis
1256 2702 1394 2744 partibus
1419 2703 1524 2733 hostes
1539 2713 1606 2734 sus-

848 2747 970 2779 citaret.

891 2792 944 2824 23.
966 2789 1164 2831 Bosporanis]
1209 2789 1387 2831 Bosporani
1401 2789 1511 2832 populi
1533 2793 1606 2831 §tint
