1790 3090
111 161 196 204 286

111 239 427 282 25200n0edat
467 238 621 277 laurea
661 235 795 276 laudi.

109 522 370 570 301auream
421 517 703 561 concessisse.

835 159 886 191 IN
910 159 1126 192 PISONEM.

877 234 1030 287 Immb,
1070 233 1326 286 mehercule,
1374 232 1513 276 habeo
1550 235 1628 276 tibi
1673 250 1765 293 gra-

186 295 316 347 tiam3
355 295 557 335 haererein
598 291 724 342 enim,
770 291 852 333 nisi
896 299 943 333 tu
982 306 1050 332 me
1091 289 1364 346 expedisses3
1415 306 1527 343 nam,
1567 291 1664 333 cum
1702 301 1763 344 tu,

184 352 361 393 timidus
392 365 443 391 ac
473 356 673 399 tremens,
719 347 804 388 tuis
844 348 935 404 ipse
980 347 1261 389 furacissimis
1297 347 1494 389 manibus
1530 348 1765 390 detractam

184 424 208 449 e
246 406 433 450 cruentis
472 405 662 446 fascibus
703 406 891 445 lauream
930 406 984 445 ad
1019 411 1185 460 portam
1225 403 1495 461 Esquilinam
1535 405 1758 460 abjecisti3

184 463 404 515 indic-sisti,
454 476 542 503 non
587 460 717 502 modo
767 461 1054 516 amplissimae,
1101 461 1176 501 sed
1223 460 1353 502 etiam
1402 461 1604 513 minimae,
1649 463 1763 503 laudi

786 518 930 573 Atque
976 517 1062 558 ist-21
1111 516 1275 558 ratione
1326 519 1410 559 hoc
1452 526 1597 559 tamen
1638 518 1762 560 intel-

183 577 274 633 ligi,
321 576 540 626 scelerate,
582 574 660 625 vis,
702 575 960 629 Pompeium
996 573 1216 615 inimicum
1247 573 1350 614 mihi
1390 574 1474 616 isto
1510 589 1634 616 versu
1665 590 1759 616 esse

181 635 364 684 factum3
402 639 462 684 ut,
494 631 529 672 si
552 646 698 672 versus
720 631 824 671 mihi
842 631 1049 681 nocuerit,
1082 631 1135 671 ab
1159 645 1225 682 eo,
1254 645 1383 687 quem
1403 630 1439 671 is
1461 645 1606 672 versus
1626 630 1760 672 offen-

181 691 307 741 derit,
328 689 521 730 videatur
540 688 644 728 mihi
663 687 899 744 bpernicies
922 703 1015 728 esse
1037 687 1234 743 quaesita.

1295 686 1476 735 Omitto,
1498 687 1605 728 nihil
1628 687 1759 729 istum

180 761 350 788 versum
389 744 643 802 pertinuisse
683 744 737 785 ad
772 743 908 784 illum:
953 758 1040 784 non
1071 744 1223 784 cfuisse
1254 759 1411 795 meum,
1453 759 1595 800 quem,
1628 759 1758 800 quan-

106 811 162 851 35
181 803 271 845 tum
290 803 541 860 potuissem,
573 801 719 842 multis
749 800 860 856 saepe
881 800 1146 842 orationibus
1180 801 1438 857 scriptisque
1476 800 1762 853 decorassem,

1324 857 1331 864 ‘
1386 857 1400 871 Χ

178 861 296 901 hunc
322 873 407 900 uno
430 859 586 899 violare
613 872 751 899 versu.

813 857 899 898 Sed
932 858 987 898 sit
1022 857 1238 910 offensus3
1271 872 1422 913 primo,
1453 872 1613 898 non-ne
1645 872 1760 899 com-

179 916 379 972 pensabit
413 929 510 956 eum
545 928 629 954 uno
660 912 869 954 versiculo
898 919 963 954 tot
993 928 1088 954 mea
1118 914 1334 955 volumina
1353 914 1529 955 laudum
1560 915 1760 955 suarum?

179 972 311 1020 Quod
346 972 381 1012 si
413 977 479 1012 est
508 970 791 1020 dcommotus,
827 969 902 1009 ead
936 970 1259 1024 perniciem-ne,
1296 985 1383 1011 non
1419 970 1560 1011 dicam
1591 970 1759 1012 amicis-

179 1028 291 1080 simi,
332 1043 419 1069 non
457 1027 517 1068 ita
546 1027 598 1067 de
636 1025 716 1067 susi
747 1025 872 1066 laude
911 1025 1064 1076 meriti,
1098 1040 1186 1067 non
1216 1026 1277 1066 ita
1313 1026 1366 1066 de
1399 1027 1633 1088 republica,
1670 1041 1757 1068 non

104 1094 159 1134 40
180 1085 431 1136 consularis,
477 1098 565 1125 non
611 1082 836 1132 senatoris,
878 1097 965 1122 non
1007 1081 1128 1133 civis,
1171 1096 1259 1123 non
1302 1082 1450 1134 liber1;
1495 1097 1539 1123 1n
1567 1083 1755 1124 hominis

178 1149 309 1199 caput
341 1142 411 1182 ille
450 1147 537 1181 tam
573 1139 755 1181 crudelis
787 1145 959 1194 propter
997 1152 1165 1179 versum
1197 1137 1380 1179 fuisset?

1458 1138 1521 1180 Tu
1553 1139 1672 1195 quid,
1707 1148 1754 1181 tu

178 1199 294 1255 apud
327 1213 450 1255 quos,
481 1204 528 1238 tu
560 1197 612 1237 de
651 1211 738 1252 quo
774 1195 908 1246 dicas,
947 1195 1182 1252 intelligis?
1244 1195 1556 1251 Complecteris
1584 1196 1756 1251 amplis-

177 1256 310 1297 simos
356 1255 467 1296 viros
507 1254 561 1295 ad
601 1259 723 1293 tuum
763 1259 806 1294 et
847 1252 1022 1293 Gabinii
1064 1253 1232 1303 scelus3
1278 1267 1417 1308 neque
1462 1252 1506 1293 id
1552 1253 1749 1295 occulte:

176 1327 275 1354 nam
297 1312 424 1368 paulo
447 1309 545 1352 ante
565 1309 727 1360 dixisti,
761 1324 827 1350 me
849 1324 948 1349 cum
968 1309 1021 1349 iis
1043 1309 1289 1365 confligere,
1321 1323 1429 1364 quos
1458 1309 1751 1364 despicerem3

104 1378 158 1420 45
177 1383 262 1410 non
284 1369 495 1425 attingere
517 1382 605 1419 eos,
636 1366 711 1422 qui
733 1365 828 1423 plus
851 1372 1040 1422 possent,
1072 1366 1228 1422 quibus
1250 1366 1380 1406 iratus
1399 1380 1493 1406 esse
1525 1366 1724 1407 deberem
1740 1398 1752 1418 ,

178 1440 359 1483 quorum
394 1424 568 1482 quidem
605 1423 721 1479 (quis
750 1423 863 1464 enim
895 1437 981 1464 non
1011 1422 1227 1479 intelligit,
1259 1436 1366 1478 quos
1399 1422 1519 1463 dicas
1532 1422 1568 1474 2²)
1608 1437 1755 1479 quam-

177 1485 306 1540 quum
342 1497 430 1525 non
469 1488 535 1523 est
582 1495 666 1524 una
706 1494 836 1523 causa.
881 1479 1085 1532 omnium,
1137 1487 1281 1522 tamen
1318 1485 1385 1521 est
1423 1479 1612 1522 omnium
1649 1479 1755 1522 mihi

234 1673 444 1714 *victorie-e
463 1674 658 1725 insignia
671 1673 825 1713 cedant
845 1674 1100 1725 eloqzcentice
1115 1673 1250 1713 laudi.
1312 1671 1631 1726 binfortmzium
1650 1684 1756 1711 com-

172 1735 392 1783 paratum.
454 1731 752 1770 cmevolzcisse.

826 1728 842 1751 ‘³
851 1732 1001 1769 iratus.

1078 1734 1186 1770 etam
1198 1730 1573 1783 cruclelisfccisset‚
1596 1733 1647 1769 ut
1661 1743 1756 1781 per-

177 1789 293 1827 deret
324 1792 501 1840 propter
521 1801 705 1835 versum,
739 1801 827 1827 mm
849 1788 988 1827 dicam
1010 1788 1329 1836 amicissmum,
1361 1801 1450 1827 mm
1471 1787 1535 1827 ita
1555 1787 1756 1827 meritum

177 1845 226 1885 cle
247 1845 411 1898 Repub.
435 1846 506 1894 ᾇτ’.
528 1845 602 1885 secl
620 1846 841 1885 hominene.

221 2086 273 2115 26.
298 2082 470 2122 Haerermm]
524 2081 651 2112 Fatetur
667 2081 775 2112 Cicero
797 2092 828 2111 se
846 2090 938 2122 repe-

177 2126 236 2157 rire
252 2129 310 2157 hoc
325 2127 358 2156 in
375 2127 509 2156 carmine
526 2125 716 2155 difficultatis
732 2125 863 2166 aliquid,
879 2125 936 2155 nisi

179 2181 248 2200 eum
264 2171 302 2200 ab
319 2169 356 2200 c&
372 2168 533 2199 liberasset
550 2168 635 2201 Piso.

222 2216 274 2244 27.
299 2213 340 2242 Ac
355 2212 501 2252 tremens]
533 2211 678 2241 Timebat
691 2211 778 2247 Piso,
793 2222 832 2241 ne
849 2222 939 2252 repe-

178 2258 342 2286 tundarum
368 2259 562 2286 accusaretur
584 2260 710 2295 propter
734 2254 815 2284 furta
838 2265 892 2284 sua
909 2260 941 2285 et

176 2300 300 2339 rapinas
316 2300 348 2329 in
364 2297 532 2339 provincia.

222 2345 274 2374 98.
299 2342 446 2372 Lauream
461 2340 614 2380 aly'ecisti]
650 2339 728 2371 Cum
740 2339 874 2369 Rumam
891 2339 938 2369 in-

178 2386 366 2426 grederetur,
396 2385 435 2414 ad
466 2390 586 2424 portam
613 2383 806 2423 Esquilinam
837 2382 938 2412 fasces

178 2439 248 2458 suos
265 2429 416 2458 laureatos
431 2427 555 2466 abjecit,
569 2437 608 2456 ne
625 2425 858 2466 provincialium
869 2435 938 2455 san-

177 2471 269 2512 guine
286 2470 434 2502 cruentati
447 2471 635 2500 viderentur.

220 2516 274 2546 30.
320 2514 465 2543 Lam-eam
500 2512 685 2552 concessisse]
744 2510 801 2540 Ait
833 2510 938 2541 reversi

176 2557 312 2588 lauream
339 2557 453 2596 linguae
485 2555 601 2596 [laudi]
632 2554 833 2594 concessisse,
867 2552 938 2584 esim

176 2601 281 2630 timuit
296 2599 456 2639 injudicio
473 2599 619 2630 accusari.

220 2644 273 2674 35.
313 2643 498 2672 Orationibus
527 2640 722 2680 decurrissent]
769 2639 936 2670 Neminem

175 2685 368 2727 frequentius
390 2685 542 2725 Pompeio
561 2684 669 2714 laudat
686 2683 808 2722 Cicero,
835 2688 870 2713 ut
892 2683 937 2713 vi-

176 2731 250 2760 dere
266 2735 312 2759 cst
327 2730 358 2759 in
375 2727 462 2758 Orat.
479 2738 534 2768 pru
550 2727 635 2768 Lege
652 2726 765 2757 Manil.

219 2774 270 2803 37.
298 2772 350 2802 Tot
370 2781 431 2801 mea
461 2770 635 2810 volumina]
696 2768 869 2810 Saepissime
896 2770 937 2800 de

177 2816 329 2857 Pompeio
351 2814 485 2857 loquitur
515 2815 547 2846 in
576 2813 765 2846 orationibus
795 2812 855 2844 suis
884 2813 936 2846 Ci-

981 2091 1063 2117 cerO,
1090 2088 1183 2121 quem
1200 2080 1315 2122 ubique
1334 2078 1539 2121 triumphasse
1558 2089 1748 2111 commemo-

982 2130 1038 2155 rat.
1080 2123 1174 2154 Porri)
1187 2124 1344 2154 volumina
1355 2124 1374 2154 ῖι
1390 2123 1546 2154 volvendo
1561 2123 1645 2154 dicta
1657 2129 1746 2154 sunt:

982 2178 1086 2208 neque
1100 2167 1179 2198 enim
1197 2167 1333 2207 pluribus
1349 2167 1470 2208 paginis
1485 2172 1518 2197 et
1535 2167 1747 2207 quaternioni-

983 2211 1040 2241 bus
1067 2210 1140 2240 olim
1166 2210 1235 2240 libri
1259 2210 1546 2251 compingebantur,
1574 2210 1628 2240 sed
1656 2210 1746 2251 spirae

983 2254 1079 2284 instar
1094 2253 1368 2285 convolvebantur.

1025 2299 1077 2328 4⁶2.
1104 2297 1299 2336 Complecteris
1319 2297 1502 2336 amplissimos
1523 2294 1620 2334 viros]
1675 2293 1745 2324 Ad-

976 2339 1108 2380 jungere
1124 2340 1200 2369 dicit
1215 2339 1400 2380 Pompeium
1416 2346 1448 2370 et
1459 2340 1624 2374 Caesarem,
1648 2343 1682 2367 ut
1699 2338 1744 2367 vi-

985 2387 1116 2413 deantur
1130 2382 1212 2412 illius
1228 2388 1260 2413 et
1275 2382 1402 2413 Gabinii
1417 2382 1543 2413 sceleris
1565 2380 1742 2421 participes.

1026 2428 1078 2456 44.
1104 2426 1180 2460 Quos
1191 2426 1385 2466 despicerem]
1431 2425 1505 2455 Piso
1518 2424 1677 2464 objecerat
1690 2423 1744 2454 Ci-

982 2469 1098 2505 ceroni,
1119 2480 1188 2499 euin
1205 2469 1334 2509 aggredi
1356 2479 1389 2499 se
1413 2473 1446 2498 et
1461 2467 1641 2502 Gabinium,
1666 2476 1744 2507 quos

981 2512 1133 2542 suadebat
1147 2512 1164 2541 e
1181 2512 1242 2542 suis
1258 2512 1425 2552 provinciis
1447 2521 1515 2541 esse
1538 2510 1754 2545 revocandos„

980 2554 1053 2595 quia
1069 2565 1122 2584 eos
1136 2564 1198 2584 non
1214 2555 1382 2591 metuebat,
1392 2553 1500 2595 utpote}
1516 2552 1637 2583 debiles
1652 2557 1684 2582 et
1696 2552 1745 2582 in-

981 2599 1083 2627 firmos
1098 2598 1214 2627 hostes.

1023 2642 1076 2672 45.
1102 2640 1163 2674 Qut
1173 2639 1240 2679 plzis
1253 2639 1388 2680 possent]
1434 2638 1637 2679 Significabat
1648 2638 1743 2669 Pom-

981 2684 1087 2724 peium
1115 2689 1147 2713 et
1176 2683 1340 2718 Caesarem,
1371 2692 1500 2722 quorum
1527 2681 1618 2722 longe
1645 2681 1743 2722 major

980 2732 1046 2757 erat
1060 2726 1224 2757 auctoritas
1237 2732 1269 2756 et
1283 2726 1424 2766 potentia
1438 2724 1470 2754 in
1485 2724 1656 2765 republicii.

1023 2772 1076 2802 47.
1100 2769 1166 2800 Non
1189 2775 1229 2799 est
1251 2780 1314 2798 una
1337 2778 1425 2798 causa
1447 2768 1603 2809 omnium]
1649 2767 1743 2798 Pom-

981 2813 1045 2856 peii
1060 2823 1184 2846 causam
1199 2812 1238 2845 ab
1254 2812 1383 2846 aliorum
1399 2811 1494 2847 causa
1508 2810 1680 2853 distinguit.
