1790 3090
47 157 106 199 22
599 163 651 195 IN
676 162 927 205 camimum,
951 163 1211 198 D1v1NA'r10.

188 235 314 280 XVI.
344 239 649 292 Quamobrem,
667 241 703 281 si
720 242 812 296 jure
835 257 929 284 eum
951 257 1102 298 posses
1119 255 1336 291 accusare,
1360 245 1516 288 tamen,
1539 239 1636 283 cum
1658 240 1697 282 is

130 291 211 334 tibi
232 297 420 350 parentis
441 304 636 337 anumero
669 297 836 349 fuisset,
857 299 900 340 id
921 298 990 355 pie
1014 299 1154 340 facere
1174 313 1259 340 non
1280 312 1457 354 posses:
1481 296 1578 338 cum
1593 296 1694 339 vero

132 364 274 407 neque
311 352 509 408 injuriam
531 354 764 407 acceperis,
798 363 841 395 et
860 355 1062 411 bpraetori
1102 362 1176 397 tuo
1209 355 1447 411 periculum
1468 368 1600 404 crees,
1632 354 1696 415 fa-

133 408 263 448 tearis
280 423 458 450 necesse
473 416 552 460 est,
567 416 609 450 te
623 409 684 449 illi
701 409 907 465 injustum
924 412 1186 467 impiumque
1196 413 1356 453 bellum
1371 411 1522 451 inferre
1537 424 1697 472 conari.

59 460 84 504 B
137 463 311 505 Etenim
329 466 414 506 ista
434 473 651 521 quaestura
671 466 725 506 ad
747 481 841 508 eam
865 482 953 508 rem
973 468 1100 516 valet,
1134 474 1182 507 ut
1203 468 1507 508 elaborandum
1536 466 1618 507 t1b1
1653 480 1698 506 m

138 521 301 563 ratione
342 522 561 563 reddenda
597 522 666 573 sit,
700 525 977 579 quamobrem
999 538 1109 573 eum,
1143 524 1212 564 eui
1244 530 1432 579 quaestor
1452 523 1607 585 fueris,
1628 537 1700 563 ac-

139 592 264 618 cuses
284 595 292 619 :
325 593 426 630 non,
442 585 490 619 ut
512 579 567 619 ob
591 594 684 620 eam
706 580 844 636 ipsam
866 595 1040 621 causam
1062 580 1365 635 postulandum
1386 580 1455 631 sit,
1473 587 1520 621 ut
1534 580 1609 620 tibi
1625 593 1702 634 po-

137 633 353 676 tissimum
374 635 594 677 accusatio
616 636 752 678 detur.
814 637 965 694 Neque
987 635 1073 678 feri¹
1096 651 1283 693 unquam
1315 637 1432 677 venit
1451 636 1495 676 in
1524 642 1703 677 conten-

138 689 304 732 tionem
327 692 379 733 de
402 693 662 743 accusando,
678 694 751 749 qui
769 703 958 750 quaestor
979 693 1140 744 fuisset,
1157 693 1259 749 quin
1281 693 1584 748 repudiaretur.
1618 692 1702 733 Ita-

68 744 121 786 10
142 761 226 801 que
248 763 389 804 neque
412 749 458 789 L.
479 748 654 790 Philoni
676 750 720 790 iu
743 751 792 792 C.
816 750 1042 791 Servilium
1064 749 1248 790 nominis
1269 749 1488 790 deferendi
1510 755 1702 804 potestas

143 810 211 844 est
230 804 344 852 data,
364 820 502 861 neque
544 806 608 846 M.
645 807 820 848 Aurelio
844 807 1004 848 Scauro
1039 807 1082 847 in
1118 807 1164 848 L.
1184 807 1402 857 Flaccum,
1443 820 1581 868 neque
1622 805 1704 846 Cn.

143 858 354 915 Pompeio
394 862 438 902 in
473 862 522 903 T.
539 863 799 914 Albucium3
831 879 1011 920 quorum
1044 878 1168 904 nemo
1201 869 1372 919 propter
1403 862 1705 924 indignitatem

142 917 391 971 repudiatus
409 926 488 967 est,
521 919 597 960 sed
617 934 669 960 ne
701 920 834 962 libido
869 921 1079 962 violandae
1100 919 1430 961 necessitudinis
1451 925 1706 961 auctoritate

136 971 334 1026 judicum
368 976 731 1030 comprobaretur.
792 978 937 1033 Atque
977 977 1045 1017 ille
1084 977 1165 1017 Cn.
1189 976 1419 1031 Pompeius
1455 976 1517 1016 ita
1538 990 1636 1017 cum
1654 974 1705 1015 C.

71 1030 124 1071 15
143 1027 258 1070 Julio
282 1032 521 1083 contendit,
552 1039 599 1073 ut
619 1040 666 1073 tu
687 1048 872 1075 mecum.
932 1034 1133 1081 Quaestor
1149 1033 1262 1074 enim
1284 1032 1457 1073 Albucii
1480 1032 1634 1082 fuerat,
1659 1037 1708 1072 ut

143 1091 192 1126 tu
201 1084 362 1128 Verris.
400 1088 540 1129 Julius
557 1088 642 1130 hoc
659 1105 807 1130 secum
821 1090 1090 1131 auctoritatis
1108 1091 1163 1130 ad
1185 1090 1474 1131 accusandum
1488 1088 1708 1150 afferebat,

145 1140 277 1196 quod,
300 1149 348 1183 ut
366 1143 450 1184 hoc
471 1151 662 1199 tempore
680 1160 759 1186 nos
782 1147 835 1186 ab
856 1146 1027 1196 Siculis,
1051 1146 1114 1187 sic
1134 1152 1226 1186 tum
1247 1145 1315 1186 ille
1337 1145 1390 1186 ab
1413 1144 1559 1185 Sardis
1579 1158 1707 1207 roga-

143 1203 215 1238 tus
233 1199 287 1239 ad
310 1213 485 1240 causam
507 1210 765 1243 accesserat.
827 1202 1005 1258 Semper
1034 1202 1128 1243 haec
1160 1216 1291 1243 causa
1310 1200 1535 1257 plurimum
1550 1201 1707 1241 valuit:

145 1268 313 1310 semper
328 1255 422 1297 haec
441 1257 549 1298 ratio
572 1258 807 1299 accusandi
822 1259 902 1300 fuit
921 1258 1239 1310 honestissima,
1269 1272 1343 1314 pro
1361 1257 1505 1309 sociis,
1535 1272 1622 1321 pro·
1644 1272 1710 1320 sa-

69 1310 236 1358 201ute
257 1311 504 1367 provinciae,
536 1329 612 1369 pro
635 1322 873 1356 exterarum
912 1316 1135 1356 nationum
1176 1315 1430 1365 commodis,
1463 1314 1709 1355 inimlcltias

147 1368 383 1423 suscipere,
423 1370 477 1410 ad
516 1371 756 1424 periculum
797 1373 1016 1422 accedere,
1051 1387 1236 1428 operam,
1274 1371 1480 1423 studium,
1521 1371 1711 1412 laborem

147 1423 432 1481 interponere.
494 1426 682 1479 Etenim,
705 1429 740 1470 si
769 1429 1002 1484 probabilis
1024 1437 1090 1470 est
1116 1443 1263 1470 eorum
1285 1443 1417 1470 causa
1442 1427 1516 1484 qui
1537 1427 1712 1490 injurias

150 1495 250 1522 suas
269 1482 468 1538 persequi
488 1484 651 1532 volunt,
680 1485 770 1540 qua
785 1486 827 1526 in
846 1501 888 1526 re
906 1486 1043 1526 dolori
1064 1500 1155 1535 suo,
1173 1500 1259 1525 non
1269 1485 1453 1540 Reipub.
1471 1484 1712 1546 commodis

149 1538 363 1580 serviunt:
396 1539 556 1594 quanto
574 1540 647 1580 illa
673 1556 804 1582 causa
831 1541 1064 1591 honestior,
1086 1557 1183 1597 quae
1211 1555 1297 1582 non
1318 1539 1457 1582 solum
1477 1541 1712 1596 probabili-s

74 1599 130 1640 25
148 1594 297 1645 videri,
319 1595 395 1636 sed
426 1596 554 1636 etiam
577 1604 696 1652 grata
715 1613 808 1639 esse
831 1598 973 1648 debet,
992 1598 1109 1638 nulla
1124 1597 1322 1653 privatim
1343 1597 1524 1653 accept&⁴
1543 1596 1711 1660 injuria,

150 1651 366 1692 sociorum
388 1660 518 1708 atque
552 1653 786 1695 amicorum
820 1655 968 1711 populi
1004 1654 1186 1695 Romani
1219 1654 1367 1695 dolore
1397 1661 1527 1710 atque
1547 1653 1714 1716 injurus

151 1709 438 1749 commoveri?
500 1709 660 1765 Nuper,
683 1710 780 1751 cum
793 1711 837 1752 in
855 1712 905 1753 P.
924 1711 1158 1752 Gabinium
1177 1711 1240 1752 vir
1257 1711 1515 1752 fortissimus
1530 1717 1574 1751 et
1592 1725 1714 1751 inno-

153 1764 427 1806 centissimus
465 1766 512 1807 L.
534 1766 637 1808 Piso
660 1775 674 1790 ⁰
690 1768 950 1809 delationem
986 1767 1169 1809 nominis
1206 1769 1454 1823 postularet,
1486 1774 1530 1808 et
1565 1765 1715 1808 eontra

153 1820 208 1868 Q.
229 1820 430 1862 Caecilius
449 1829 627 1877 peteret,
644 1823 767 1880 isque
789 1840 834 1865 se
857 1832 1021 1866 veteres
1039 1824 1286 1865 inimicitias
1301 1825 1468 1880 jamdiu
1490 1832 1715 1880 susceptas

77 1881 135 1923 30
153 1878 354 1933 persequi
376 1878 562 1930 diceret3
594 1879 691 1921 cum
723 1882 955 1922 auctoritas
976 1888 1019 1922 et
1036 1881 1223 1937 dignitas
1240 1881 1415 1922 Pisonis
1432 1881 1603 1921 valebat
1624 1881 1716 1936 plu-

154 1933 318 1984 rimum,
342 1941 431 1976 tum
465 1935 538 1976 illa
559 1943 649 1978 erat
669 1952 800 1979 causa
827 1937 1086 1994 justissima,
1118 1936 1234 1993 quod
1256 1952 1352 1978 eum
1373 1937 1454 1978 sibi
1472 1937 1622 1978 Achaei
1641 1951 1715 1993 pa-

154 1997 325 2032 tronum
345 1991 617 2047 adoptarant.

192 2072 314 2111 ²l000.
377 2070 574 2113 ὓαςοίιεεθ
594 2079 716 2114 tuum
737 2079 978 2128 prcetorem.
1049 2081 1064 2097 ⁰
1065 2079 1229 2127 peteret
1245 2076 1561 2115 accusationem
1580 2075 1686 2126 ejus.

156 2159 281 2195 bantur,
306 2165 386 2190 sorte
411 2160 618 2201 eligebantur.
664 2163 758 2195 Unde
782 2163 917 2194 necessi-
1005 2166 1056 2193 14.
1082 2163 1155 2193 Cum
1171 2163 1325 2206 C.Juli0.]
1368 2164 1487 2195 Julium
1508 2163 1591 2194 hunc
1613 2163 1719 2204 lepore

157 2202 233 2232 tudo
249 2201 302 2232 illa
317 2202 405 2233 sortis
417 2204 486 2239 fuit,
502 2215 563 2234 non
578 2207 746 2246 sanguinis.
961 2211 994 2235 ct
1019 2207 1139 2237 facetiis
1166 2207 1358 2244 excelluisse,
1382 2207 1435 2237 lib.
1452 2211 1481 2237 1.
1503 2208 1544 2237 de
1560 2205 1651 2237 Offic.
1664 2206 1718 2236 ait.

201 2246 232 2276 4.
255 2244 403 2284 Injustum
418 2248 590 2287 impiumque
602 2250 734 2290 belluim]
780 2248 918 2289 Attingit
960 2248 1129 2280 Accusavit
1145 2260 1200 2290 pro
1217 2250 1321 2280 Sardis
1335 2250 1521 2280 Albucium:

157 2286 208 2316 hic
229 2292 367 2319 veterum
384 2289 477 2319 Rom.
495 2292 764 2328 consuetudinem,
780 2292 834 2332 qui
852 2292 916 2321 bel-
1005 2294 1057 2322 93.
1081 2292 1184 2322 Dolori
1198 2303 1248 2323 suo
1262 2293 1416 2333 serviunt-J
1463 2293 1612 2325 Dolorem
1628 2306 1717 2326 suum

156 2329 221 2358 lum
246 2331 363 2360 nullum
390 2331 575 2367 inferebant,
591 2334 666 2373 quin
688 2335 772 2375 prius
789 2334 807 2363 εἰ
822 2334 918 2364 secia·
963 2334 1114 2374 mitigant,
1131 2336 1204 2375 qnia
1230 2336 1320 2365 liomo
1345 2336 1475 2366 affectus
1498 2336 1609 2378 injuria
1623 2338 1717 2370 facile

158 2372 232 2402 lium
246 2373 379 2414 collegio
390 2373 509 2414 justum
525 2375 715 2406 declaratum
739 2381 830 2407 esset.
962 2377 1094 2407 hominis
1112 2377 1226 2408 inimici
1241 2377 1397 2418 supplicio
1409 2378 1530 2410 lenitur.

204 2417 234 2445 9.
258 2415 361 2455 Itaque
388 2417 500 2458 nequa]
550 2417 702 2460 Exempla
731 2423 918 2460 quaestorum
1005 2422 1057 2450 97.
1082 2420 1158 2450 Pub.
1176 2420 1359 2463 Gabinium]
1407 2420 1469 2458 Qui
1484 2422 1640 2454 Achaiam
1661 2424 1718 2454 ad-

159 2457 260 2494 affert,
277 2458 331 2498 qui
355 2470 424 2490 suos
441 2465 588 2500 praetores
611 2472 673 2492 non
689 2461 830 2503 permissi
846 2467 918 2491 sunt
961 2462 1154 2493 ministravit.
1634 2468 1638 2471 '

158 2510 315 2531 accusare.
1005 2508 1057 2536 98.
1084 2506 1122 2538 L.
1141 2506 1235 2547 Pisa]
1282 2506 1318 2537 L.
1346 2507 1420 2537 Piso
1443 2517 1552 2538 causas
1581 2508 1658 2548 egit,
1684 2513 1717 2539 et

205 2545 256 2573 10.
279 2543 371 2574 Lucio
397 2543 544 2586 Philoni]
590 2546 704 2576 Lucius
718 2545 809 2577 Philo
833 2557 917 2587 quae-
963 2548 1101 2578 tribunus
1126 2549 1226 2588 plebis
1245 2549 1347 2590 legem
1369 2549 1440 2580 tulit
1458 2551 1499 2580 de
1523 2551 1715 2591 repetundis.

158 2589 221 2615 sior
236 2586 305 2622 fuit,
321 2587 397 2616 alter
409 2594 531 2628 praetor.
962 2591 1030 2621 Cic.
1046 2593 1086 2621 de
1103 2592 1185 2622 Clar.
1202 2592 1326 2622 Orator.

204 2631 256 2659 12.
289 2629 450 2670 Pompeia]
510 2631 620 2661 Strabo
651 2631 704 2662 ille
746 2632 915 2674 Pompeius
1004 2636 1056 2665 ⁴29.
1082 2635 1117 2669 Q.
1137 2634 1294 2675 Caecilius.]
1339 2634 1415 2666 Non
1432 2635 1468 2672 is,
1480 2637 1534 2677 qui
1546 2636 1652 2668 Verris
1664 2648 1716 2668 ac-

158 2670 302 2712 Pompeii
316 2672 426 2712 Magni
442 2683 553 2714 parens
566 2673 637 2706 fuit.
959 2678 1150 2709 cusationem
1169 2678 1314 2718 postulat.

201 2714 251 2744 lb.
278 2714 308 2744 T.
326 2716 510 2757 Alburnum]
557 2716 722 2754 Albucius,
749 2724 818 2759 post
840 2729 917 2759 prce·
1003 2722 1055 2751 31.
1077 2720 1201 2761 Adaei]
1226 2721 1289 2758 Qui
1312 2722 1556 2764 repetundarum
1582 2722 1714 2754 Gabini-

155 2759 264 2830 turis-igi,
276 2757 430 2832 {zdiiriiae
459 2759 601 2801 praesuit:
626 2761 666 2792 (le
682 2772 745 2802 quo
760 2761 792 2792 in
809 2762 915 2794 Pison.
961 2774 1011 2794 um
1029 2763 1228 2796 accusabant.

160 2805 191 2830 et
216 2810 224 2831 ι
251 2823 258 2832 ,
345 2802 404 2835 sc.
