1858 3095
888 145 989 177 VITA
998 165 1008 177 .
1662 153 1738 194 xm

151 220 390 282 magnaque
410 219 450 261 vi
465 217 669 261 orationis
691 218 733 260 in
754 218 974 263 studiosos
995 223 1198 278 potentia>
1216 236 1465 279 paucorum,
1480 230 1522 265 et
1540 225 1736 282 Pompeii

149 275 333 327 inwdos,
356 277 546 318 invectus
569 283 647 318 est.
1044 278 1049 282 ”

575 379 742 407 ANNUS
779 380 926 407 unsis
962 381 1193 409 coxorrffi
1226 368 1324 410 688.

183 457 294 498 Coss.
318 457 367 496 L.
391 455 427 496 A
434 458 566 497 zar-elio
590 457 727 505 Comi,
752 457 799 497 L.
823 457 995 498 illanlio
1023 459 1256 512 Torquato,
1278 465 1379 500 ante
1403 460 1624 500 Christum
1644 459 1711 500 64.

529 514 745 554 Ciceroni-s·
760 515 1117 566 quadragesimus
1137 516 1363 556 sccundus.

209 586 307 628 Hoc
326 601 437 628 anno
459 588 581 643 plura
601 587 824 644 contigere
842 586 1051 643 prodigia,
1075 602 1170 643 quae
1197 588 1391 629 versibus
1423 587 1651 643 descripsit
1672 587 1746 628 Ci-

153 657 265 685 cero.
325 643 391 684 Ex
426 643 620 685 Praetura
654 644 699 684 in
732 643 997 700 provinciam
1033 643 1147 684 abire
1182 643 1346 695 noluit;
1377 644 1479 700 quia
1510 644 1554 684 in
1588 658 1746 685 annum

152 707 403 755 sequentem
425 700 477 741 de
500 700 742 741 Consulatu
762 700 949 756 petendo
967 700 1201 755 cogitabat.
1263 700 1509 742 Cornelium
1523 700 1576 742 de
1592 701 1746 756 majes-

152 762 240 797 tate
261 757 374 812 apud
393 756 447 804 Q.
471 757 644 797 Gallum
680 756 913 798 Praetorem
949 756 1176 812 quatriduo
1212 756 1428 798 defendit:
1471 757 1548 797 sed
1580 757 1746 798 illarum

153 813 392 854 orationum
413 813 603 870 reliquiae
623 813 822 869 quaedam
841 812 1009 854 tantum
1024 819 1196 854 exstant
1217 814 1332 870 apud
1354 813 1606 856 Asconium.

582 917 750 945 ANNUS
786 917 934 945 uanis
971 916 1202 945 con'rAE
1236 904 1333 946 689.

218 978 332 1019 Coss.
355 978 404 1018 L.
427 979 462 1019 J
464 979 549 1019 ulio
572 979 760 1028 Caesare,
787 977 833 1019 C.
856 979 1027 1019 Marcio
1049 980 1223 1031 Figulo,
1247 983 1348 1019 ante
1374 976 1595 1019 Christum
1617 976 1683 1017 63.

562 1036 781 1077 Ciceronis
800 1036 1158 1088 quadragesimus
1178 1038 1343 1076 tertius.

202 1105 312 1147 Cum
325 1120 483 1148 annum
497 1107 874 1163 quadragesimum
887 1106 1074 1159 tertium,
1086 1107 1157 1163 qui
1172 1106 1410 1149 consularis
1425 1111 1505 1157 est,
1516 1105 1669 1147 Cicero
1688 1110 1752 1146 at·

157 1161 341 1218 tigisset,
364 1165 638 1204 consulatum
657 1163 835 1219 petivit:
868 1163 912 1203 in
933 1178 1018 1218 quo
1036 1164 1222 1218 petendo
1240 1163 1338 1204 cum
1353 1177 1428 1204 sex
1446 1162 1752 1217 competitores

155 1218 349 1270 haberet,
369 1220 455 1260 una
483 1234 588 1261 voce
616 1219 764 1275 populi
795 1219 981 1259 Romani
1004 1220 1165 1275 primus
1188 1219 1352 1261 Consul
1383 1219 1650 1260 renuntiatus
1673 1224 1753 1259 est.

157 1274 268 1315 Cum
289 1282 434 1316 autem
452 1275 496 1315 in
517 1276 609 1316 dies
632 1275 809 1316 licentia
830 1275 1014 1316 ambitus
1037 1283 1262 1331 augeretur
1288 1282 1462 1332 propter
1491 1274 1755 1331 praecipuam

158 1330 359 1371 Catilinae
381 1339 424 1371 et
445 1330 625 1372 Antonii
646 1331 886 1381 audaciam,
909 1339 1135 1372 censuerat
1156 1332 1342 1372 Senatus
1365 1338 1412 1371 ut
1429 1330 1483 1371 ad
1505 1332 1645 1386 legem
1666 1345 1755 1370 am·-

156 1386 269 1428 bitus
290 1401 420 1443 poena
447 1387 614 1442 gravior
645 1387 888 1427 adderetur.
949 1387 1032 1428 Cui
1053 1387 1111 1428 rei
1134 1387 1230 1428 cum
1252 1390 1307 1435 Q.
1330 1386 1504 1427 Mucius
1527 1386 1753 1427 Orestinus

156 1443 369 1484 Tribunus
414 1443 554 1499 plebis
601 1442 931 1492 intercessisset,
972 1443 1156 1500 graviter
1196 1443 1358 1484 Senatu
1402 1442 1757 1484 intercessionem

157 1499 335 1552 ferente,
357 1499 510 1541 Cicero
527 1499 724 1551 surrexit,
746 1506 876 1556 atque
889 1500 934 1539 in
955 1500 1189 1542 coitionem
1206 1499 1406 1541 Catilinae
1427 1505 1471 1540 et
1491 1498 1671 1540 Antonii
1691 1498 1756 1539 in-

157 1564 308 1598 vectus
339 1563 419 1607 est,
450 1556 598 1597 habita
632 1556 826 1598 oratione
860 1556 905 1596 in
941 1556 1046 1613 toga
1080 1556 1279 1607 candida,
1303 1555 1388 1611 qua
1422 1556 1652 1596 utebantur
1682 1555 1757 1611 qui

158 1612 436 1669 magistratus
467 1613 684 1668 petebant.
757 1612 856 1654 Hoc
891 1613 1044 1655 eodem
1075 1628 1186 1654 anno
1219 1613 1273 1661 Q.
1306 1613 1479 1653 Gallum
1510 1612 1562 1652 de
1594 1612 1758 1652 ambitu

159 1669 365 1722 defendit,
387 1668 516 1726 quod,
537 1669 740 1711 Praeturae
762 1668 1034 1722 candidatus,
1052 1670 1339 1727 gladiatorum
1359 1683 1514 1709 munus
1535 1668 1742 1710 dedisset.

585 1771 758 1800 ANNUS
794 1772 943 1800 unms
979 1772 1215 1800 conTAE
1248 1758 1346 1800 690.

276 1833 390 1874 Coss.
413 1832 479 1873 M.
500 1832 647 1874 Tullio
673 1831 888 1881 Cicerone,
914 1833 961 1874 C.
981 1832 1185 1880 Antonio,
1209 1836 1310 1872 ante
1333 1831 1556 1872 Christum
1575 1830 1641 1871 62.

546 1890 764 1931 Ciceronis
786 1891 1147 1943 quadragesimus
1166 1893 1365 1941 quartus.

218 1960 329 2003 Cum
345 1961 446 2003 Kal.
462 1961 676 2003 Januariis
695 1962 748 2003 de.
770 1977 886 2004 more
897 1961 1182 2003 Consulatum
1200 1959 1354 2000 Cicero
1375 1958 1554 2008 iniisset,
1570 1959 1679 2001 vidit
1694 1960 1759 2000 ni-

159 2018 219 2060 hil
236 2033 330 2060 esse
343 2019 587 2075 mali,quod
600 2034 687 2060 non
700 2019 802 2060 boni
816 2024 1070 2069 metuerent,
1085 2024 1130 2058 et
1141 2016 1323 2072 improbi
1341 2023 1655 2071 exspectarent.
1692 2016 1757 2057 Eo

161 2075 275 2116 enim
291 2082 482 2130 tempore
498 2076 632 2116 multa
648 2075 770 2116 multi
788 2075 1093 2124 moliebantur3
1124 2088 1175 2114 ac
1192 2073 1234 2112 in
1252 2071 1400 2128 primis
1413 2072 1589 2112 Tribuni
1607 2073 1758 2127 plebis,

161 2131 353 2172 Antonio
369 2131 481 2179 freti,
501 2132 834 2187 proscriptorum
852 2131 877 2171 -ἓῑ
895 2131 1017 2186 Sylla
1032 2130 1206 2180 liberos,
1224 2129 1297 2184 qui
1318 2128 1526 2184 petitione
1547 2128 1758 2170 honorum

161 2187 312 2244 privati
330 2194 465 2238 erant,
482 2187 533 2228 ad
551 2187 826 2243 magistratus
847 2187 1136 2227 adducebant.
1197 2184 1351 2225 Rullus
1366 2184 1508 2240 legem
1523 2184 1688 2226 ferebat
1703 2186 1758 2226 de

161 2243 276 2301 agris
291 2258 364 2300 per
381 2243 549 2284 Italiam
565 2243 828 2285 dividendis:
850 2242 1064 2284 Labienus
1078 2248 1227 2284 contra
1242 2241 1466 2282 Rabirium
1478 2241 1647 2282 tabulas
1663 2256 1760 2298 pro-

159 2301 373 2358 ponebat:
404 2301 612 2341 tumultus
632 2300 677 2341 in
692 2301 859 2341 theatro
882 2306 1032 2341 contra
1053 2298 1271 2339 Othonem
1289 2303 1332 2338 et
1351 2297 1520 2352 equites
1542 2297 1759 2339 excitaba-

162 2365 245 2409 tur,
266 2357 424 2413 quibus
443 2356 531 2397 lata
547 2357 642 2413 lege
664 2357 730 2398 fas
749 2363 852 2408 erat,
874 2362 922 2397 ut
945 2355 989 2396 in
1006 2353 1331 2411 quatuordecim
1351 2353 1554 2409 gradibus
1576 2354 1617 2395 in
1640 2354 1758 2396 thea-

161 2421 228 2455 tro
249 2414 466 2455 sederent:
499 2413 686 2454 Catilina
706 2414 758 2455 de
776 2411 1006 2454 evertenda
1025 2412 1195 2468 Repub.
1216 2410 1451 2464 cogitabat.
1511 2410 1569 2451 At
1585 2411 1652 2451 his
1670 2426 1757 2453 om-

162 2470 291 2512 nibus
313 2477 404 2512 tum
425 2469 532 2510 mira
547 2469 679 2511 animi
692 2469 956 2520 fortitudine,
969 2475 1061 2509 tum
1077 2466 1318 2509 admirabili
1335 2466 1594 2522 eloquentia,
1605 2467 1757 2509 Cicero

165 2527 363 2569 occurrit.
423 2526 535 2567 Nam
556 2526 794 2568 Antonium
828 2525 1036 2582 patientia
1068 2532 1111 2565 et
1145 2523 1354 2579 obsequio
1385 2523 1610 2579 mitigavit,
1631 2524 1757 2580 eique

166 2583 484 2632 Macedoniam,
506 2598 633 2638 quam
657 2583 833 2624 sortitus
855 2589 957 2632 erat,
979 2581 1243 2637 provinciam
1272 2580 1440 2628 detulit,
1461 2580 1628 2634 sibique
1657 2580 1758 2621 Gal-

163 2640 262 2681 liam
280 2639 527 2695 assumpsit,
544 2654 640 2696 quae
654 2639 845 2681 Antonio
864 2638 1112 2680 obvenerat:
1145 2636 1478 2693 proscriptorum
1494 2636 1650 2677 liberos
1668 2637 1757 2680 suis

165 2696 416 2748 inimicitiis,
430 2695 549 2737 nulla
563 2695 746 2738 Senatus
763 2694 875 2737 mala
888 2693 1025 2751 grati-<⁶1
1041 2694 1368 2750 magistratuum
1383 2692 1544 2734 honore
1560 2692 1758 2748 privavit,

165 2767 235 2806 ne,
255 2752 291 2795 si
313 2760 602 2810 capesserent,
616 2752 743 2810 Reip.
759 2758 897 2796 status
915 2751 969 2794 ab
983 2751 1046 2794 eis
1066 2751 1395 2795 convelleretur:
1427 2748 1555 2792 Rullo
1572 2749 1758 2805 obstitit,
