1790 3090
37 149 123 192 408

736 151 999 189 PHILIPPICA
1022 152 1070 185 II.

751 377 1052 408 REFUTATIO.

183 478 293 519 Tria
305 475 577 531 potissimam
599 476 822 521 Antonius
843 481 1049 532 objecerat
1071 478 1291 528 Cio-esrom,-
1325 479 1363 520 1.
1387 480 1570 522 violatas
1590 481 1694 523 ami-

114 536 233 576 «vitice
261 536 398 588 leges,·
430 536 470 575 2.
491 538 765 577 consulatum
784 538 1016 578 crudeliter
1035 542 1233 590 gestum
1266 538 1305 579 3.
1327 542 1542 580 auctorem
1549 538 1697 593 fuisse

114 594 348 635 multorum
366 594 607 635 eriminum.

668 594 784 636 Haec
805 596 891 635 tria
911 594 1078 649 refutat
1100 595 1258 637 Cicero.

736 737 898 767 PRIMA
933 737 1028 767 PAR
1041 739 1076 768 S.

668 825 737 867 De
755 827 913 868 violata
934 827 1135 869 amicitia,

175 936 235 979 ΙΙ.
267 937 349 978 Cui
380 935 631 994 priusquam
661 936 714 979 de
746 939 911 980 caeteris
940 940 1067 981 iebus
1098 940 1354 996 respondeo,
1399 938 1453 981 de
1483 938 1690 992 amicitia,

117 1009 282 1058 quam
269 1011 295 1035 ·ι
315 1009 383 1035 me
403 994 606 1035 violatam
627 1008 721 1036 esse
744 995 992 1037 criminatus
1017 1002 1097 1049 est,
1121 998 1257 1052 (quod
1289 1010 1370 1052 ego
1392 996 1692 1053 gravissimum

117 1051 280 1093 crimen
305 1050 478 1114 judico)
513 1065 651 1108 pauca
695 1051 852 1095 dicam.

116 1109 305 1165 quando,
336 1123 503 1150 venlsse
537 1114 713 1164 questus
745 1115 826 1151 est.

931 1052 1092 1094 Contra
1131 1059 1242 1094 arem
1272 1030 1417 1111 suanae
1423 1067 1507 1105 me,
1547 1054 1694 1095 nescio

885 1109 956 1150 An
987 1124 1067 1166 ego
1099 1124 1186 1151 non
1215 1108 1404 1151 venirem
1434 1115 1584 1151 contra
1614 1111 1690 1151 ali-

72 1173 99 1214 5
118 1179 245 1207 enum
280 1180 356 1222 pro
388 1164 585 1206 familiari
616 1171 659 1207 et
689 1165 933 1207 necessario
961 1167 1083 1208 meo?
1113 1181 1200 1208 non
1219 1165 1409 1209 venirem
1429 1173 1577 1208 contra
1588 1181 1692 1231 gra-

115 1222 235 1274 tiam,
266 1237 353 1264 non
373 1221 542 1263 virtutis

573 1221 689 1278 bspe,
712 1223 788 1264 sed
809 1223 948 1265 aetatis
969 1224 1088 1276 flore,
1110 1224 1366 1266 collectam?
1396 1237 1483 1266 non
1501 1223 1691 1266 venirem

116 1286 267 1321 contra
309 1278 522 1343 injuriam,
563 1294 692 1336 quam
730 1280 812 1321 iste
852 1281 1146 1323 intercessoris
1185 1280 1438 1337 nequissimi
1479 1280 1691 1323 beneficio

113 1335 316 1389 obtinuit,
365 1350 451 1377 non
486 1336 582 1392 jure
620 1336 849 1392 praetorio?

112 1399 206 1435 tum
247 1409 273 1434 a
309 1399 352 1434 te
387 1399 509 1449 puto7
547 1399 596 1435 ut
638 1399 681 1434 te
725 1393 873 1435 infimo
911 1394 1051 1436 ordini
1082 1395 1404 1437 commendares

43 1458 96 1499 10
114 1464 190 1492 nes
235 1458 279 1492 te
319 1450 644 1500 recordarentur
683 1450 871 1492 libertini

111 1513 237 1564 potes
287 1506 341 1555 Q.
392 1505 531 1559 Fadii,
581 1507 770 1548 libertini
811 1507 1011 1558 hominis,

111 1563 382 1622 disciplinam
442 1578 581 1621 meam
639 1564 878 1607 tradideras

165 1741 254 1780 ame
272 1751 450 1779 causam
466 1737 560 1791 ejus
580 1739 867 1793 oppugndsse.

148 1912 180 1942 4.
203 1909 253 1940 An
266 1919 317 1951 ego
329 1920 387 1941 non
401 1909 550 1951 venirem]
596 1908 725 1947 Venire,
747 1910 875 1941 verbum

105 1953 325 1994 estjudiciale.

88 1999 92 2003 ’
147 1996 197 2027 Ib.
224 1996 333 2027 Contra
348 1996 475 2026 alienum
492 2006 546 2036 pro
555 1994 738 2038 familiari.]
794 1994 873 2031 Quis

100 2039 156 2070 ille
181 2039 274 2069 suerit
295 2039 454 2070 Ciceronis
476 2039 648 2074 familiaris,
670 2049 728 2069 nec
744 2038 872 2074 indicat,

100 2092 160 2113 nec
184 2082 341 2122 cognitum
369 2088 427 2115 est.
474 2082 551 2119 Quis
575 2086 678 2112 autem
701 2081 795 2112 fuerit
817 2081 872 2111 ali-

100 2136 176 2158 enus
199 2126 264 2162 ille,
286 2125 344 2155 nisi
370 2125 411 2162 Q.
439 2125 553 2155 Fadius
576 2124 754 2161 Bambalio,
777 2125 869 2154 homo

97 2168 270 2204 libertinus,
304 2168 392 2208 cujus
430 2168 524 2199 filiam
556 2166 712 2198 Antonius
744 2178 870 2198 uxorem

97 2212 206 2242 duxit?
252 2211 314 2242 Pro
329 2211 471 2242 familiari
493 2211 546 2241 illo
567 2222 633 2246 suo,
657 2210 770 2242 Cicero
785 2211 872 2240 venit

97 2255 266 2285 advocatus
280 2255 313 2285 in
319 2254 475 2295 judicium
490 2259 598 2286 contra
613 2253 866 2290 Bambalionem‚
858 2263 865 2269 ·

95 2308 159 2337 quo
203 2298 298 2328 iratus
330 2297 487 2328 Antonius
532 2297 678 2328 violatam
723 2296 867 2327 amicitiae

93 2340 189 2370 fidem
205 2339 349 2372 Ciceroni
363 2340 488 2381 objecit.

87 2389 89 2391 ’
138 2384 170 2414 5.
195 2383 306 2414 Contra
320 2384 481 2424 gratiam]
541 2383 579 2413 Id
596 2387 655 2419 est,
677 2387 783 2414 contra
799 2382 867 2414 An-

93 2426 224 2462 tonium,
246 2427 404 2457 hominem
418 2427 596 2468 gratiosum,
620 2426 674 2468 qui
687 2427 793 2457 favore
808 2437 864 2457 suo

91 2468 224 2499 multum
239 2474 371 2510 poterat.

136 2515 168 2543 6.
212 2512 267 2542 Sed
288 2513 381 2542 aetatis
391 2512 470 2552 flore
491 2510 663 2552 collectam]
709 2510 820 2541 Statim
845 2511 864 2542 ἂ

85 2555 252 2596 juventute
267 2554 323 2585 sua
345 2555 474 2596 gratiam
497 2555 660 2585 multorum
681 2553 783 2584 fuerat
807 2564 860 2584 au—

88 2606 220 2639 cupatus
248 2597 416 2634 Antonius,
452 2608 515 2627 non
549 2603 612 2627 tam
644 2596 756 2628 virtute
794 2596 860 2634 sua,

87 2642 182 2683 quam
198 2641 341 2677 libidine,
364 2641 426 2681 qua
441 2645 505 2670 tum
521 2639 643 2670 infamis
658 2640 729 2670 suit.

130 2687 162 2714 7.
187 2684 269 2724 Iste.]
317 2683 412 2714 Socer
427 2683 557 2713 Antonii
572 2682 748 2713 Bambalio.

129 2727 405 2758 Ib.1ntercessms
429 2727 618 2768 nequissimi]
664 2725 788 2767 Aliquis
803 2725 857 2757 tri-

83 2771 185 2801 bunus
202 2770 301 2810 plebis
315 2774 474 2811 corruptus
490 2769 549 2800 fuit
568 2770 607 2799 ab
630 2767 781 2805 Antonio,
805 2770 856 2801 vel

82 2812 301 2851 Bambalione,
329 2819 364 2845 ut
392 2813 601 2846 intercederet
629 2816 736 2845 contra
761 2812 854 2845 Cice-

928 1335 1016 1379 Sed
1054 1338 1139 1380 hoc
1177 1337 1340 1380 idciico
1379 1351 1692 1380 commemora-

1471 1410 1570 1437 cum
1601 1409 1692 1437 om-

916 1465 1134 1507 geneium,
1181 1458 1225 1494 et
1269 1452 1428 1494 liberos
1462 1458 1584 1515 tuos,
1614 1467 1691 1493 ne-

1070 1509 1219 1552 fuisse.
1299 1511 1360 1550 At
1404 1507 1517 1550 enim
1558 1515 1602 1550 te
1645 1509 1690 1550 in

936 1569 1055 1620 (nam
1114 1566 1176 1609 ita
1234 1565 1435 1620 dixisti).
1516 1565 1690 1608 domum

946 1737 1186 1794 hammone,
1217 1737 1284 1781 vel
1305 1739 1630 1794 eoespeetatione.

918 1909 1000 1941 ronis
1024 1909 1220 1946 familiarem,
1242 1918 1283 1940 ne
1306 1919 1376 1941 reus
1398 1918 1523 1941 causam
1551 1907 1669 1942 diceret
1678 1921 1688 1950 3

918 1954 1002 1995 quod
1021 1953 1176 1994 prohiberi
1189 1963 1251 1982 non
1267 1953 1380 1993 potuit.

961 1998 992 2027 8.
1036 1995 1111 2026 Jzaere
1132 1995 1296 2036 proetorz'o.]
1341 1995 1399 2026 Jus
1425 1994 1601 2035 praetorium
1628 2001 1687 2034 est,

916 2039 1001 2079 quod
1038 2044 1184 2080 praetores
1228 2038 1471 2074 introduxerunt,
1505 2037 1689 2078 adjuvandi,

915 2082 964 2112 vel
995 2082 1174 2123 supplendi,
1200 2081 1249 2111 vel
1283 2081 1457 2121 corrigendi
1478 2080 1557 2121 juris
1584 2082 1683 2113 civilis

914 2124 1012 2166 gratiav
1028 2132 1154 2166 propter
1170 2125 1333 2156 utilitatem
1348 2124 1528 2166 publicam:
1551 2126 1636 2166 quod
1652 2131 1685 2156 et

912 2169 1107 2199 honorarium
1133 2168 1257 2204 dicitur,
1281 2169 1320 2198 ad
1346 2168 1495 2198 honorem
1520 2171 1684 2208 praetorum

913 2210 956 2241 sic
983 2212 1186 2247 nominatum,
1210 2210 1230 2241 l.
1247 2213 1276 2242 7.
1295 2211 1335 2241 de
1350 2211 1432 2242 Just.
1448 2209 1554 2241 etJm·.

955 2256 985 2284 9.
1012 2254 1113 2295 [nfimo
1128 2255 1234 2285 ordini.
1238 2254 1253 2294 ]
1299 2253 1462 2285 Plebeium
1479 2253 1618 2284 ordinem
1633 2253 1682 2284 in-

909 2297 1031 2339 telligit,
1052 2298 1101 2329 vel
1116 2298 1224 2329 saltem
1247 2298 1279 2327 in
1299 2297 1425 2338 plebeio
1441 2295 1548 2327 ordine
1562 2296 1682 2327 liberti-

909 2350 976 2376 nos,
1000 2341 1054 2382 qui
1069 2352 1171 2382 neque
1194 2340 1313 2371 aditum
1337 2340 1376 2370 ad
1392 2339 1597 2380 magistratus,
1620 2350 1679 2370 nec

910 2383 949 2413 ad
970 2385 1086 2415 curiam
1109 2385 1279 2416 habebant.
1320 2383 1467 2414 Libertini
1486 2381 1576 2422 porro
1593 2383 1680 2413 dice-

909 2426 1032 2463 bantur,
1060 2427 1114 2469 qui
1140 2439 1178 2458 ex
1202 2427 1290 2468 justa
1316 2426 1463 2458 servitute
1498 2426 1679 2456 manumissi

909 2474 991 2505 sunt,
1015 2471 1068 2501 lib.
1085 2472 1116 2502 5.
1134 2470 1177 2501 D.
1195 2472 1235 2500 de
1251 2474 1331 2500 statu
1343 2471 1426 2501 hom.
1442 2479 1628 2510 quamquam
1646 2473 1678 2499 et

907 2511 1041 2543 libertini
1058 2514 1151 2544 etiam
1167 2513 1243 2544 dicti
1258 2517 1340 2549 sunt,
1370 2522 1431 2542 non
1443 2513 1495 2552 qui
1512 2511 1677 2542 manumit-

904 2556 1058 2591 tebantur,
1080 2557 1134 2586 sed
1161 2556 1289 2596 ingenui
1314 2566 1352 2584 ex
1373 2554 1417 2585 eis
1440 2555 1606 2596 procreati,
1639 2559 1675 2585 ut

903 2597 1007 2628 scribit
1022 2599 1210 2629 Suetonius
1202 2609 1235 2628 m
1252 2597 1396 2629 Claudio.

948 2644 999 2672 11.
1043 2640 1081 2671 In
1123 2643 1308 2682 disciplinam
1350 2651 1441 2670 meam
1485 2641 1673 2690 tradideras]

903 2683 1034 2724 Sumpta
1065 2684 1142 2715 virili
1166 2685 1250 2724 toga,
1277 2683 1490 2714 adolescentes
1523 2685 1563 2714 ad
1592 2684 1671 2715 viros

900 2737 1007 2768 graves
1030 2727 1208 2758 deducendi
1231 2738 1296 2758 mos
1318 2726 1387 2763 fuit,
1411 2731 1446 2756 ut
1468 2727 1507 2758 ab
1524 2727 1568 2757 eis
1584 2727 1672 2759 insti-

900 2775 1057 2803 tuerentur
1073 2771 1112 2804 ad
1127 2771 1289 2803 honestam
1303 2770 1432 2804 vivendi
1445 2771 1605 2805 rationem.
