1858 3095
743 195 833 227 PRO
852 195 1059 229 RABIRIO.

1698 196 1749 234 73

108 277 251 313 vestro
273 273 459 315 clamore
479 271 776 334 perturbatum
789 270 837 312 iri
851 271 1137 311 arbitraretur.
1170 270 1343 319 Quanto
1353 269 1444 324 jam
1460 269 1591 309 levior
1608 276 1673 310 est
1697 268 1747 308 10

109 329 390 371 acclamatio!
421 342 527 384 quin
548 328 780 369 continetis
800 341 965 377 vocem,
983 326 1168 368 indicem
1189 325 1382 367 stultitiae
1402 333 1567 375 vestran,
1589 333 1673 366 tes-

108 390 197 426 tem
219 384 482 442 paucitatis?
514 383 727 434 Libenter,
748 384 936 440 inquam,
953 384 1192 434 confiterer,
1212 384 1247 425 si
1270 380 1366 423 vere
1388 395 1574 443 possein,
1598 390 1671 421 aut

108 441 239 484 etiam
255 443 291 484 si
312 441 413 483 mihi
430 447 545 482 esset
566 440 793 497 integrum,
812 440 862 482 C.
880 439 1040 481 Rabirii
1058 455 1184 481 manu
1209 440 1255 480 L.
1273 438 1551 479 Saturninum
1575 452 1668 477 esse

108 498 323 548 occisum;
354 497 450 539 etid
461 497 967 553 facinuspulcherrimum
985 511 1076 538 esse
1088 497 1327 538 arbitrarer:
1360 495 1452 542 sed,
1467 493 1670 550 quoniam

106 554 151 596 id
164 554 304 596 facere
320 568 406 595 non
422 568 614 609 possum,
632 554 871 595 confitebor
885 552 943 604 id,
959 553 1074 608 quod
1090 554 1144 594 ad
1158 553 1328 594 laudem
1342 550 1479 591 minsis
1496 551 1667 600 valebit,
1693 549 1741 589 15

105 610 161 652 ad
181 610 341 652 crimen
361 625 447 652 non
470 610 624 651 minus.
659 610 893 657 Confiteor,
915 609 1198 650 interficiendi
1219 607 1437 649 Saturnini
1453 607 1601 654 causa,
1617 606 1669 648 C.

107 665 328 708 Rabirium
345 681 462 708 arma
483 667 664 722 cepisse.
695 666 812 714 Quid
829 673 908 716 est,
925 665 1134 706 Labiene?
1157 680 1284 721 quain
1303 664 1327 704 ἓι
1347 679 1413 704 me
1431 664 1668 719 graviorem

103 722 435 774 confessionem,
449 731 524 765 aut
539 723 656 779 quod
674 723 716 762 in
730 723 846 763 hunc
859 723 996 777 majus
1010 722 1185 772 crimen,
1200 723 1449 776 exspectas?
1472 720 1554 761 nisi
1572 720 1668 761 vero

102 778 310 821 interesse
325 780 490 836 aliquid
511 788 639 835 putas
662 779 770 820 inter
791 793 889 820 eum
902 777 977 847 <lui
995 778 1212 819 hominem
1229 777 1404 827 occidit,
1421 784 1463 818 et
1480 792 1577 818 eum
1592 777 1666 834 qui

102 849 203 877 cum
224 836 323 886 telo,
346 836 574 878 occidendi
596 835 783 876 hominis
803 850 949 885 causa,
971 834 1066 876 fuit.
1113 834 1159 875 Si
1182 834 1365 876 interfici
1388 833 1666 875 Saturninum
1685 832 1739 872 20

99 891 221 934 nefas
243 893 338 944 fuit,
359 907 477 934 arma
499 899 669 948 sumpta
700 907 794 933 esse
814 899 965 933 contra
987 891 1262 932 Saturninum
1284 891 1377 932 sine
1395 892 1556 932 scelere
1577 906 1663 932 non

97 957 301 1004 possunt:
334 949 371 991 si
387 964 503 991 arma
513 949 606 1005 jure
623 956 795 1005 sumpta
810 948 1027 1000 concedis,
1045 948 1318 990 interfectum
1324 949 1420 1004 jure
1434 948 1663 1000 concedas,

99 1018 277 1048 necesse
298 1013 380 1049 est.

469 1122 669 1162 Paucula
691 1121 892 1173 quaedam
918 1121 1057 1162 deesse
1076 1122 1293 1162 ridentur.

158 1241 213 1284 V.
246 1242 317 1284 Fit
344 1243 388 1285 S.
412 1243 461 1285 C.
490 1251 538 1284 ut
564 1244 614 1285 C.
643 1243 824 1291 Marius,
854 1244 898 1284 L.
922 1244 1132 1295 Valerius,
1166 1243 1379 1295 consules,
1408 1244 1663 1286 adhiberent

98 1298 294 1340 tribunos
313 1300 451 1356 plebis
478 1307 521 1341 et
549 1307 766 1355 praetores,
789 1307 921 1356 ³quos
950 1301 1011 1341 eis
1031 1301 1268 1351 videretur;
1301 1315 1560 1356 operamque
1581 1302 1660 1342 da-

99 1362 207 1404 rent,
227 1362 277 1396 ut
296 1356 518 1411 imperium
540 1356 685 1412 populi
707 1356 833 1397 Rom.
855 1357 1146 1412 majestasque
1165 1364 1511 1398 conservaretur:
1543 1358 1661 1398 adhi-

98 1411 206 1452 bent
239 1426 387 1453 omnes
414 1412 611 1453 tribunos
643 1412 782 1468 plebis
817 1420 970 1467 praeter
1004 1412 1292 1462 Saturninum,
1324 1419 1527 1469 praetores
1558 1429 1662 1469 prae-

97 1474 163 1509 ter
179 1467 407 1510 Glauciam
423 1486 431 1510 ε
463 1469 537 1524 qui
549 1468 860 1524 rempublicam
878 1469 1040 1510 salvam
1057 1484 1152 1510 esse
1169 1470 1341 1519 vellent,
1358 1485 1475 1510 arma
1491 1485 1658 1525 capere,

99 1531 144 1566 et
161 1539 208 1566 se
228 1526 367 1581 sequi,
379 1525 549 1582 jubent.
581 1525 741 1566 Parent
757 1540 923 1566 omnes:
957 1541 1009 1567 ex
1031 1526 1224 1567 aedificiis
1238 1527 1660 1583 armamentariisque

96 1581 283 1636 publicis
316 1596 431 1623 arma
462 1582 620 1638 populo
655 1581 867 1631 Romano,
902 1582 951 1623 C.
974 1582 1116 1623 Mario
1146 1584 1323 1624 consule
1360 1583 1659 1635 distribuente,

85 1637 266 1693 dantur.
298 1637 504 1694 Hicjam,
526 1646 573 1680 ut
593 1638 789 1680 omittam
810 1645 976 1689 caetera,
1001 1639 1053 1680 de
1078 1649 1118 1680 te
1138 1639 1249 1695 ipso,
1272 1639 1471 1690 Labiene,
1494 1655 1658 1696 quaero:

96 1692 195 1736 cum
211 1694 465 1736 Saturninus
480 1694 744 1751 Capitolium
761 1702 925 1736 teneret
946 1703 1148 1747 armatus,
1166 1703 1281 1737 esset
1297 1698 1380 1737 una
1398 1696 1448 1737 C.
1463 1696 1659 1749 Glaucia,

97 1749 148 1791 C.
172 1751 385 1801 Saufeius,
406 1751 536 1794 etiam
553 1752 626 1793 ille
648 1766 700 1793 ex
721 1752 1004 1809 compedibus
1033 1762 1162 1809 atque
1179 1753 1397 1809 ergastulo
1420 1751 1659 1805 Gracchus,
1683 1757 1733 1797 10

95 1807 285 1863 (addam,
305 1809 511 1866 quoniam
530 1809 592 1850 ita
608 1808 688 1859 vis,
710 1808 889 1851 beodem
907 1809 960 1857 Q.
983 1810 1221 1851 Labienum
1242 1817 1442 1866 patruum
1461 1815 1602 1863 tuum)
1615 1812 1659 1852 in

1679 1476 1705 1514 0]

392 1942 519 1989 aquos·
527 1936 718 1989 plac-eret
735 1937 828 1977 sibi.
1157 1935 1238 1976 bad
1257 1938 1341 1978 llos.

140 2059 193 2088 12.
215 2057 361 2096 Libenter,
382 2059 528 2101 inquam]
573 2060 809 2092 Acclamatione
824 2066 856 2092 et

97 2100 378 2133 admurmuratione
397 2102 521 2141 sedata,
542 2103 657 2144 repetit
678 2113 764 2134 suam
785 2114 855 2144 pro-

99 2143 297 2184 positionem.

141 2188 194 2217 15.
237 2187 286 2217 Aa
318 2188 431 2218 laudem
465 2187 561 2217 mimis
595 2187 726 2228 valebit]
772 2186 856 2217 Nam

97 2229 198 2260 minor
213 2229 333 2261 Rabirii
347 2230 425 2266 laus,
448 2235 506 2266 est,
526 2230 611 2271 qudd
631 2241 716 2260 arma
737 2231 856 2271 ceperit

99 2271 255 2303 Saturnini
274 2273 441 2304 occidendi
463 2273 569 2309 causa,
584 2273 676 2315 quam
700 2273 810 2304 suisset
830 2274 855 2304 si

98 2325 169 2345 eum
185 2316 361 2347 occidisset.

139 2360 195 2390 22.
231 2359 374 2390 Comedus
395 2369 501 2390 neeesse
516 2360 583 2400 est.]
630 2359 855 2390 Desiderantur

95 2401 149 2434 hic
169 2402 272 2433 omnia
295 2413 364 2443 quae
395 2403 437 2433 de
458 2403 611 2434 seditione
634 2402 802 2437 Saturnini,
825 2408 857 2432 et

99 2444 233 2476 tumultu
247 2447 356 2487 populi
373 2446 414 2476 ad
429 2456 498 2476 eam
514 2445 756 2487 reprimendam,
773 2445 857 2476 dicta

100 2492 181 2517 sunt.

83 2566 89 2570 .
141 2533 174 2562 1.
195 2528 248 2560 Fit
268 2529 356 2572 S.c.]
402 2531 553 2572 Loquitur
582 2531 623 2562 de
642 2530 858 2562 senatus-con-
884 2561 887 2563 ,

101 2571 193 2609 tulto,
216 2584 278 2614 quo
302 2574 414 2615 probat
435 2584 520 2604 arma
536 2574 606 2615 jure
631 2580 756 2614 sumpta
778 2584 858 2604 esse.

85 2614 185 2648 .qu<1
226 2621 330 2648 nutem
371 2616 687 2648 senatus-consultum
716 2616 786 2652 fuit,
823 2622 859 2646 ut

100 2657 242 2690 consules
251 2659 404 2697 viderent,
427 2671 467 2691 ne
482 2660 558 2702 quid
571 2659 749 2690 detrimenti
763 2670 857 2700 cape-

99 2699 229 2735 remea
252 2702 303 2733 ub.
888 2728 890 2731 .

142 2745 177 2774 2.
211 2712 352 2777 zpribunos
376 2745 493 2787 plebia]
539 2745 660 2778 Decem
681 2750 747 2776 tum
773 2749 863 2776 erant

100 2786 216 2819 tribuni
230 2787 342 2827 pleb'u.
392 2820 397 2824 ,

145 2832 177 2861 5.
214 2829 401 2872 Glmoeimm]
443 2829 580 2863 Glaucia
600 2830 794 2873 turpissimus
817 2830 864 2861 vir

897 2061 959 2091 fuit
981 2065 1014 2090 et
1041 2059 1223 2096 levissimus,
1249 2062 1289 2091 de
1316 2072 1378 2102 quo
1403 2061 1524 2101 Cicero,
1548 2062 1602 2093 lib.
1626 2065 1658 2094 3.

898 2103 950 2133 De
967 2103 1112 2140 Oratore,
1126 2103 1283 2144 loquitur3
1307 2110 1340 2134 ct
1354 2114 1446 2144 quem
1464 2110 1527 2135 tum
1544 2111 1659 2146 praeto-

899 2156 962 2176 rem
977 2145 1072 2176 fuisse
1085 2145 1203 2181 Livius,
1215 2147 1268 2176 lib.
1286 2148 1337 2176 69.
1353 2147 1454 2178 refert.

943 2190 973 2220 6.
1004 2188 1268 2227 Armamentariis]
1316 2188 1596 2220 Aruiamentarium
1612 2190 1659 2221 lo-

899 2241 953 2262 cus
969 2236 1028 2267 est,
1042 2231 1096 2261 ubi
1111 2231 1215 2261 omnia
1228 2242 1378 2262 armorum
1394 2243 1508 2273 genera
1521 2243 1531 2271 ;
1561 2243 1658 2264 arma-

899 2274 977 2304 rium
993 2275 1076 2309 vero,
1093 2275 1144 2304 ubi
1162 2274 1229 2304 libri
1244 2281 1443 2314 reponuntur.

942 2319 973 2349 8.
1007 2316 1053 2347 De
1074 2322 1111 2352 te,
1129 2316 1281 2358 Labiene]
1327 2318 1476 2348 Ostendit
1494 2319 1658 2350 Rabirium

900 2369 984 2389 arma
1007 2360 1152 2391 debuisse
1182 2371 1314 2396 sumere,
1344 2372 1406 2390 non
1437 2362 1521 2392 dorni
1549 2362 1657 2398 latere,

899 2413 962 2432 non
983 2413 1053 2433 cum
1080 2402 1245 2433 Saturnino
1269 2403 1458 2443 Capitolium
1483 2415 1656 2445 occupare:

900 2455 983 2480 nam,
1013 2446 1079 2475 foro
1107 2445 1224 2486 pulsus,
1255 2446 1330 2476 illud
1359 2447 1539 2478 Saturninus
1565 2458 1658 2479 occu·

923 2488 999 2518 arat.

899 2499 920 2529 p
950 2532 998 2561 10.
1023 2530 1057 2561 C.
1073 2531 1236 2573 Saufeius]
1271 2531 1304 2562 Is
1317 2542 1384 2564 esse
1398 2533 1521 2564 videtur
1537 2534 1658 2565 Saufei-

903 2584 952 2611 us»,
977 2585 1069 2615 quem
1093 2574 1129 2604 C.
1147 2574 1305 2605 Saffinium
1329 2576 1468 2617 appellat
1481 2576 1660 2617 Appianus,

901 2617 954 2647 lib.
972 2621 1003 2649 1.
1020 2617 1075 2653 qui
1088 2622 1153 2647 tum
1169 2628 1279 2648 censor
1292 2618 1361 2649 fuit.

944 2659 994 2691 Ib.
1020 2659 1205 2701 Ergastulo.]
1243 2660 1438 2701 Ergastulurn
1455 2662 1539 2691 locus
1554 2666 1613 2698 est,
1627 2662 1661 2692 in

903 2712 965 2743 quo
977 2702 1072 2734 vincti
1081 2704 1246 2744 nequiores
1257 2705 1338 2734 servi
1349 2715 1426 2744 opus
1437 2704 1565 2734 faciunt.

947 2745 998 2776 lb.
1057 2746 1233 2787 Gracchus]
1291 2746 1436 2788 Equitius
1469 2747 1597 2787 quidam
1627 2758 1663 2781 fle

905 2787 1040 2819 Gracchi
1079 2789 1178 2820 filium
1216 2789 1315 2825 finxit,
1355 2794 1392 2819 ut
1423 2789 1482 2819 sibi
1510 2789 1663 2831 populum

905 2830 1126 2869 demereretur,
1153 2832 1239 2872 apud
1273 2841 1367 2873 quem
1402 2831 1529 2864 valebat
1570 2832 1668 2874 pluri·
