1790 3090
114 169 198 216 272
829 171 880 204 IN
902 171 1121 205 PISONEM.

191 248 309 289 id-ne
331 262 412 305 ego
434 254 640 304 optarem,
671 254 720 289 ut
737 248 938 290 inimicus
957 263 1077 290 meus
1100 247 1166 299 ea,
1198 247 1285 303 qua
1306 248 1432 289 nemo
1454 262 1657 306 unquam,
1686 252 1755 309 ig-

190 305 378 346 nominia
416 304 656 346 notaretur?
686 311 734 346 ut
765 312 937 347 senatus
969 305 1019 356 is,
1051 304 1124 360 qui
1155 304 1200 344 in
1234 319 1328 346 eam
1353 306 1445 360 jam
1476 306 1754 363 benignitatis

190 361 545 402 consuetudinem
576 361 705 412 venit,
739 368 786 403 ut
819 377 907 414 eos,
944 362 1015 417 qui
1044 359 1154 402 bene
1186 362 1492 417 rempublicam
1528 364 1751 418 gesserint,

115 417 172 459 20
190 417 310 458 novis
331 418 565 458 honoribus
588 417 759 468 afficiat,
791 424 836 459 et
856 432 1029 459 numero
1051 417 1226 466 dierum,
1260 424 1304 459 et
1331 432 1484 473 genere
1505 420 1752 471 verborum3

188 474 313 528 hujus
336 473 461 514 unius
482 473 614 514 literis
631 474 929 515 nuntiantibus
944 488 1030 514 non
1051 473 1265 514 crederet?
1287 474 1602 529 postulantibus
1623 477 1755 517 dene-

188 531 330 584 garet?
362 529 442 570 His
466 544 546 586 ego
568 530 694 571 rebus
714 545 879 585 pascor,
911 530 978 570 his
1000 530 1204 580 delector,
1226 530 1292 570 his
1314 531 1525 585 perfruor:
1560 531 1676 589 quod
1698 533 1753 574 de

185 586 307 626 vobis
328 585 399 627 hic
421 587 525 627 ordo
548 586 744 642 opinatur
762 601 848 627 non
870 585 992 627 secus
1010 601 1060 627 ac
1076 587 1129 626 de
1146 586 1372 627 teterrimis
1389 586 1606 638 hostibus;
1637 587 1754 644 quod

184 656 260 682 vos
282 642 447 697 equites
468 642 593 683 Rom.
619 642 735 698 quod
757 643 900 684 caeteri
921 643 1106 692 ordines,
1137 642 1256 697 quod
1280 649 1437 684 cuncta
1457 643 1607 685 civitas
1639 644 1752 695 odit3

111 700 167 740 25
186 697 303 754 quod
323 713 447 739 nemo
465 699 619 751 bonus,
638 714 762 740 nemo
780 699 964 755 denique
986 699 1092 740 civis
1107 706 1186 750 est,
1212 698 1286 754 qui
1301 698 1428 739 modo
1446 714 1490 740 se
1508 700 1644 741 civem
1658 715 1752 742 esse

185 754 438 806 meminerit,
480 755 553 811 qui
594 770 669 796 vos
702 771 787 796 non
819 755 956 797 oculis
991 755 1144 811 fugiat,
1180 755 1350 796 auribus
1385 763 1572 811 respuat,
1610 756 1752 797 animo

184 811 463 866 adspernetur
475 812 769 853 recordatione
787 812 972 868 denique
989 812 1080 868 ipsa
1097 811 1344 853 consulatus
1365 812 1495 852 vestri
1512 813 1753 868 perhorres-

184 873 269 908 cat.
329 868 436 908 Haec
457 882 538 923 ego
562 883 730 924 semper
750 869 803 909 de
824 870 947 910 vobis
968 868 1165 924 expetivi,
1197 868 1291 909 haec
1313 868 1470 923 optavi,
1491 869 1586 910 haec
1605 883 1752 925 preca-

185 928 254 962 tus
272 937 385 974 sum3
421 925 543 978 plura
563 924 691 965 etiam
713 924 973 974 acciderunt,
1005 924 1135 979 quam
1154 924 1332 975 vellem3
1372 939 1486 976 nam,
1516 932 1565 966 ut
1585 925 1751 966 amitte-

111 980 167 1020 30
186 979 287 1019 retis
309 979 557 1030 exercitum,
587 994 806 1035 nunquam
828 981 1106 1034 (mehercule)
1127 981 1286 1035 optavi.
1346 980 1460 1021 Illud
1481 982 1611 1023 etiam
1637 982 1753 1023 acci-

184 1034 249 1075 dit
267 1041 419 1089 praeter
440 1042 633 1092 optatum
656 1050 811 1086 meum,
834 1036 910 1077 sed
930 1035 1056 1076 valde
1078 1050 1130 1076 ex
1147 1037 1383 1087 voluntate3
1415 1037 1520 1077 mihi
1537 1038 1651 1079 enim
1663 1052 1751 1079 non

183 1097 357 1131 venerat
391 1091 434 1132 in
463 1099 666 1143 mentem,
706 1092 890 1133 furorem
913 1099 956 1132 et
985 1091 1193 1132 insaniam
1215 1098 1362 1148 optare
1384 1092 1520 1142 vobis,
1556 1093 1600 1133 in
1621 1108 1751 1149 quam

182 1147 411 1188 incidistis.
471 1148 606 1204 Atqui
628 1148 709 1189 fuit
730 1149 986 1204 optandum:
1019 1162 1085 1189 me
1110 1154 1254 1189 tamen
1274 1148 1457 1203 fugerat,
1479 1149 1656 1190 deorum
1674 1150 1752 1191 im-

181 1204 422 1244 mortalium
452 1205 529 1245 has
558 1219 652 1245 esse
673 1204 717 1244 in
738 1205 892 1260 impios
913 1211 956 1246 et
975 1205 1292 1246 consceleratos
1313 1219 1464 1260 poenas
1490 1205 1750 1247 certissimas

106 1266 162 1306 35
182 1260 455 1301 constitutas.
516 1261 661 1302 Nolite
690 1261 804 1301 enim
829 1269 992 1317 putare,
1025 1260 1077 1302 P.
1097 1261 1147 1302 C.
1168 1265 1235 1313 (ut
1256 1261 1299 1301 in
1321 1261 1455 1302 scena
1474 1261 1650 1313 videtis)
1672 1262 1751 1303 ho·-

179 1317 315 1357 mines
327 1318 653 1368 consceleratos,
668 1317 853 1373 impulsu
869 1319 1061 1368 deorum,
1074 1317 1219 1358 terreri
1230 1316 1449 1358 Furiarum
1464 1317 1587 1359 taedis
1604 1319 1752 1359 arden-

179 1373 312 1414 tibus:
346 1388 424 1414 sua
456 1389 667 1430 quemque
698 1374 827 1425 fraus,
860 1389 983 1415 suum
1012 1374 1194 1422 facinus,
1226 1388 1351 1414 suum
1382 1374 1540 1424 scelus,
1568 1389 1645 1415 sua
1677 1389 1752 1416 au·

178 1430 317 1481 dacia,
339 1430 391 1470 de
408 1431 589 1471 sanitate
607 1446 658 1472 ac
671 1437 813 1471 mente
828 1431 1046 1481 deturbat3
1073 1431 1139 1470 hae
1154 1436 1252 1471 sunt
1268 1430 1496 1486 impiorum
1511 1430 1660 1481 Furiae,
1682 1431 1750 1471 hae

115 1537 118 1539 Α
177 1486 374 1538 flammae,
405 1487 472 1527 hae
505 1488 635 1528 faces.
695 1487 790 1543 Ego
821 1494 863 1528 te
895 1502 982 1528 non
1012 1486 1253 1535 vecordem,
1292 1501 1379 1527 non
1409 1486 1632 1538 furiosum,
1662 1501 1751 1528 nou

104 1548 159 1590 40
178 1549 319 1585 mente
340 1550 525 1600 captum,
558 1558 645 1584 non
665 1544 830 1600 tragico
858 1544 931 1584 illo
956 1543 1109 1585 Oreste
1138 1549 1215 1584 aut
1245 1543 1507 1584 Athamante
1542 1543 1751 1584 dementi-

177 1614 293 1641 orem
314 1607 477 1656 putem,
509 1600 582 1655 qui
611 1600 668 1641 sis
694 1615 821 1641 ausus
853 1600 1035 1655 primum
1065 1600 1204 1640 facere
1237 1603 1354 1654 (nam
1384 1599 1430 1639 id
1461 1605 1528 1640 est
1560 1599 1749 1656 bcaput),

177 1656 349 1708 deinde,
386 1657 513 1712 paulo
551 1656 664 1708 ante,
705 1657 937 1712 Torquato,
979 1656 1229 1713 gravissimo
1270 1661 1314 1696 et
1348 1655 1622 1696 sanctissimo
1658 1655 1748 1697 viro

176 1720 432 1768 <pi-emente,
465 1713 674 1764 confiteri,
706 1719 747 1754 te
779 1712 1043 1769 provinciam
1065 1711 1387 1762 Macedoniam,
1420 1711 1464 1751 in
1496 1726 1626 1767 quam
1655 1718 1749 1753 tan-

175 1775 268 1809 tum
289 1769 525 1810 exercitum
546 1768 900 1824 transportasses,
923 1769 1016 1810 sine
1038 1769 1128 1810 ullo
1146 1767 1281 1809 milite
1302 1767 1553 1823 reliquisse?
1614 1768 1747 1809 Mitto

101 1830 157 1871 45
177 1825 230 1866 de
252 1825 411 1866 amissa
432 1825 619 1866 maxim&
639 1832 757 1880 parte
780 1825 1016 1867 exercitus:
1051 1825 1112 1866 sit
1138 1825 1223 1866 hoc
1247 1823 1514 1865 infelicitatis
1544 1830 1653 1874 tuae3
1685 1824 1748 1865 di-

175 1881 374 1923 mittendi
390 1881 490 1922 vero
509 1882 721 1922 exercitus
739 1897 868 1937 quam
884 1888 1007 1936 potes
1025 1880 1170 1922 afferre
1185 1881 1382 1920 causam?
1413 1895 1542 1937 quam
1558 1886 1747 1936 potesta-

174 1945 261 1979 tem
282 1938 495 1979 habuisti?
526 1953 654 1992 quam
675 1938 841 1993 legem?
872 1938 990 1993 quod
1012 1936 1477 1978 senatus-consultum?
1517 1937 1634 1992 quod
1648 1936 1747 1993 jus?

175 1994 291 2050 quod
313 1994 579 2050 exemplum?
611 1994 726 2042 Quid
750 2001 816 2036 est
831 1993 944 2035 aliud
958 1994 1108 2043 furere,
1131 1992 1214 2032 nisi
1231 2006 1317 2032 non
1335 2006 1596 2047 cognoscere
1611 1992 1750 2033 homi-

174 2065 266 2102 nes,
287 2065 373 2091 non
394 2065 656 2106 cognoscere
676 2052 811 2106 leges,
833 2065 920 2091 non
941 2056 1151 2099 senatum,
1173 2062 1260 2088 non
1280 2047 1524 2089 civitatem?
1585 2048 1748 2090 Cruen-

100 2116 156 2155 50
176 2113 263 2148 tare
284 2122 439 2163 corpus
461 2122 583 2148 suum
606 2108 695 2148 leve
718 2114 803 2148 est:
834 2108 970 2162 major
989 2106 1083 2148 haec
1100 2111 1166 2146 est
1183 2104 1294 2153 vitae,
1316 2105 1455 2156 famae,
1476 2104 1627 2146 salutis
1644 2120 1746 2157 suae,

574 2220 871 2274 bprcec-ipumn
880 2251 888 2260 .

221 2365 273 2391 20.
309 2361 349 2391 Et
371 2372 489 2392 numero
515 2361 654 2402 dierum]
711 2361 844 2392 Indictae
868 2366 940 2392 sunt

177 2404 278 2445 primo
301 2405 543 2445 supplicationes
563 2405 602 2433 ad
623 2405 749 2434 deorum
767 2404 940 2444 pulvinaria

177 2458 233 2488 per
248 2458 341 2477 unum
359 2448 454 2482 diem,
479 2447 593 2477 deinde
613 2457 668 2486 per
683 2447 772 2482 duos,
796 2457 851 2487 per
866 2453 938 2481 tres,

176 2495 320 2530 quatuor,
345 2491 493 2530 quinque,
518 2495 549 2519 et
571 2489 673 2529 plures
690 2489 796 2524 etiam,
820 2489 895 2529 quin
908 2495 940 2518 et

177 2543 234 2573 per
246 2532 482 2572 quinquaginta.

221 2579 273 2605 21.
299 2575 400 2614 Hujus
414 2575 528 2614 unius]

220 2619 274 2648 40.
312 2617 433 2657 Oresta]
480 2616 608 2647 Orestes
635 2616 880 2655 Agamemnonis
907 2621 939 2646 et

177 2661 423 2702 Clytaeinnestrae
452 2659 531 2689 filius
559 2659 627 2689 suit.
672 2658 704 2689 Is
735 2664 861 2688 matrem
892 2659 938 2688 in·

177 2704 309 2739 terfecit,
333 2709 377 2741 et,
392 2703 423 2732 in
438 2713 562 2743 poenam
579 2701 713 2737 sceleris,
731 2701 828 2732 Furiis
841 2702 939 2742 agita-

177 2753 224 2776 ·tus
241 2751 297 2776 est.

220 2788 270 2819 Ib.
292 2788 497 2829 Athamanta]
532 2786 681 2818 Athamas
703 2797 754 2818 rex
773 2787 937 2818 Thebano-

576 2573 715 2604 Gabinii.

1131 2224 1345 2272 ‘urgente

982 2370 1047 2390 rum
1063 2360 1132 2398 fuit,
1156 2360 1209 2402 qui
1224 2361 1303 2391 duos
1323 2360 1402 2390 filios
1423 2360 1461 2391 ei(
1483 2359 1631 2400 Nephele
1652 2369 1745 2390 uxore

984 2404 1131 2444 suscepit,
1154 2414 1243 2444 quos,
1267 2402 1512 2434 accusationibus
1536 2412 1674 2432 novercae
1689 2413 1745 2443 op-

983 2457 1116 2485 pressos,
1142 2446 1226 2477 abire
1250 2446 1409 2486 compulit.
1454 2445 1537 2475 Hinc
1564 2445 1642 2474 irata
1660 2445 1745 2475 Juno

984 2489 1091 2518 Furias
1108 2489 1140 2518 in
1155 2489 1378 2518 Athamantem
1392 2487 1528 2517 immisit.

1026 2534 1079 2561 41.
1097 2530 1365 2573 Primamsacereq
1412 2529 1516 2559 Primo
1535 2529 1611 2559 Piso*
1624 2529 1745 2559 dimisit

983 2574 1162 2609 exercitum,
1196 2579 1227 2603 et
1257 2574 1322 2604 sine
1346 2572 1408 2603 ullo
1431 2572 1528 2603 milite
1552 2571 1744 2612 provinciam

982 2626 1067 2645 suam
1084 2616 1307 2646 Macedoniam
1321 2614 1455 2655 reliquit.

1024 2660 1078 2689 49.
1105 2658 1292 2698 Cruenzare]
1339 2657 1498 2693 Ostendit,
1523 2656 1605 2697 quod
1634 2666 1745 2688 cruen-

982 2706 1045 2730 tare
1071 2710 1183 2741 corpus
1211 2711 1299 2731 suum
1325 2700 1430 2730 furiosi
1457 2699 1583 2740 quidem
1606 2699 1744 2730 *hominis

982 2744 1035 2782 sit,
1057 2743 1112 2773 sed
1131 2743 1236 2773 furiosi
1250 2743 1346 2784 magis
1361 2744 1393 2775 in
1409 2753 1495 2774 suam
1515 2742 1628 2773 famam
1649 2741 1743 2783 quam

981 2786 1012 2818 in
1024 2796 1134 2827 corpus
1150 2785 1266 2817 saevire.
