1858 3095
724 166 817 200 PRO
842 165 1002 200 COELIO.
1637 157 1726 208 225

83 258 181 288 eum
200 243 389 286 videram
408 239 563 284 frustra
581 240 839 298 litigantem.
898 238 995 279 Tibi
1013 244 1172 291 autem,
1190 234 1339 287 Balbe,
1358 235 1648 292 respondebo,

85 301 266 359 primum
289 299 494 358 precario,
511 297 682 349 silicet,
699 297 735 338 si
757 297 821 338 fas
838 302 919 348 est,
936 295 1111 337 defendi
1133 294 1158 337 a
1179 309 1246 337 me
1265 307 1378 345 eum,
1395 292 1469 349 qui
1486 294 1650 336 nullum

88 358 332 400 convivium
350 354 577 406 erenuerit,
600 355 671 411 qui
699 360 919 410 unguenta
953 352 1196 408 sumpserit,
1226 351 1298 407 qui
1332 348 1462 391 Baias
1482 349 1651 391 viderit.

90 415 306 478 Equidem
329 413 487 454 multos
509 419 551 452 et
573 411 660 452 vidi
682 411 725 450 in
748 410 832 451 hac
853 409 1040 458 civitate,
1064 417 1107 450 et
1138 408 1294 457 audivi,
1316 421 1402 447 non
1429 404 1558 447 modo
1580 406 1653 462 qui

90 470 345 528 primoribus
361 468 490 509 labris
512 468 764 523 gustassent
783 482 918 523 genus
942 467 1026 507 hoc
1049 466 1162 516 vitae,
1179 472 1222 506 et
1243 463 1459 513 extremis,
1480 470 1527 503 ut
1549 462 1654 503 dici-
1673 466 1727 508 60

91 535 172 576 tur,
192 526 339 583 digitis
370 525 631 581 attigissent,
653 524 728 565 sed
751 525 822 579 qui
845 530 981 564 totam
1003 520 1339 563 adolescentiam
1361 519 1655 574 voluptatibus

93 583 373 631 dedidissent,
398 581 621 623 emersisse
638 580 888 636 aliquando,
906 588 948 620 et
964 593 1008 620 se
1031 579 1086 619 ad
1108 578 1274 632 frugem
1295 577 1466 626 bonam,
1484 582 1532 615 ut
1552 575 1657 616 dici-

92 648 172 687 tur,
202 638 430 694 recepisse,
451 652 686 694 gravesque
724 636 917 677 homines
949 642 1076 689 atque
1108 634 1291 674 illustres
1313 632 1458 672 fuisse.
1520 630 1659 672 Datur

93 695 222 746 enim,
244 710 455 737 concessu
483 695 688 744 omnium,
710 692 812 732 huic
834 691 988 746 aliquis
1010 690 1135 730 ludus
1157 688 1300 739 aetati3
1332 697 1375 729 et
1395 688 1491 744 ipsa
1510 695 1660 729 natura

93 751 317 807 profundit
349 749 651 792 adolescentiae
673 748 955 804 cupiditates:
988 762 1084 802 quae
1106 746 1139 786 si
1162 746 1222 786 ita
1242 751 1482 800 erumpunt,
1504 751 1553 785 ut
1571 744 1661 785 nul-
1680 749 1733 790 65

97 807 181 849 lius
217 808 347 848 vitam
378 806 680 857 ‘labefactenu
711 804 869 845 nullius
902 804 1076 844 domum
1106 808 1310 851 evertant,
1341 801 1491 842 faciles
1524 807 1569 842 et
1598 807 1662 842 to-

97 863 291 905 lerabiles
311 862 457 904 haberi
479 863 633 903 solent.
694 861 781 902 Sed
802 867 848 901 tu
870 860 974 901 mihi
1005 859 1222 909 videbare,
1246 872 1297 899 ex
1319 857 1537 899 communi
1558 857 1665 898 infa-

99 919 457 975 miajuventutis,
479 918 670 974 aliquam
702 917 908 958 invidiam
931 916 1071 957 Coelio
1099 916 1206 956 velle
1242 921 1258 945 g
1275 915 1485 959 conflare3
1518 914 1665 970 itaque

100 990 226 1018 omne
248 976 353 1017 illud
374 975 607 1025 silentium,
625 975 743 1030 quod
764 981 830 1015 est
851 973 1033 1014 orationi
1056 972 1263 1013 tributum
1279 979 1379 1022 tuae,
1397 971 1480 1012 fuit
1495 971 1549 1011 ob
1572 985 1665 1012 eam

100 1047 289 1085 causam,
311 1031 440 1088 qnod,
465 1046 549 1072 uno
582 1046 652 1072 reo
685 1030 926 1087 proposito,
948 1030 1000 1070 de
1030 1030 1262 1070 multorum
1296 1028 1412 1068 vitiis
1448 1027 1668 1083 cogitaba-
1685 1033 1740 1073 70

101 1104 213 1131 mus.
274 1089 416 1130 Facile
434 1095 500 1129 est
517 1102 718 1129 accusare
736 1087 970 1137 luxuriam3
1003 1086 1094 1126 dies
1106 1086 1198 1141 jam
1215 1099 1282 1125 me
1299 1083 1487 1135 deficiat,
1505 1084 1555 1134 si,
1573 1098 1669 1139 quae

104 1146 190 1188 dici
213 1145 256 1186 in
277 1160 371 1186 eam
388 1145 645 1185 sententiam
666 1150 861 1200 possunt,
879 1157 1007 1184 coner
1024 1156 1270 1197 expromere
1288 1158 1296 1182 :
1329 1141 1382 1181 de
1400 1139 1667 1196 corruptelis,

107 1203 160 1244 de
183 1201 417 1251 adulteriis,
439 1201 492 1241 de
519 1200 810 1256 protervitate,
843 1200 895 1240 de
930 1199 1187 1255 sumptibus,
1209 1198 1417 1238 immensa
1436 1198 1569 1238 oratio
1591 1203 1672 1238 est.

110 1258 172 1300 Ut
191 1258 269 1300 tibi
289 1272 405 1299 reum
425 1258 652 1308 neminem,
675 1257 751 1298 sed
771 1255 889 1307 vitia,
910 1270 1141 1311 proponas,
1163 1269 1229 1296 res
1259 1262 1404 1295 tamen
1425 1253 1516 1309 ipsa
1537 1260 1581 1295 et
1600 1267 1672 1295 co-

105 1314 229 1371 piose
250 1322 293 1355 et
322 1313 506 1370 graviter
533 1313 724 1354 accusari
755 1320 919 1368 potest.
979 1312 1065 1353 Sed
1088 1318 1239 1352 vestrae
1267 1311 1490 1366 sapientiae
1510 1311 1674 1366 est,ju-
1691 1316 1746 1356 75

109 1371 244 1423 dices,
266 1384 353 1412 non
374 1369 532 1411 abduci
553 1370 607 1411 ab
628 1383 698 1410 reo
714 1385 725 1419 ;
756 1383 852 1419 nec,
870 1382 977 1424 quos
995 1368 1170 1410 aculeos
1189 1367 1348 1408 habeat
1363 1367 1567 1408 severitas
1584 1381 1676 1423 gra-

109 1428 308 1483 vitasque
344 1433 499 1475 vestra,
531 1425 648 1478 (cum
680 1440 754 1467 eos
791 1431 1016 1466 accusator
1051 1425 1070 1448 ¹¹
1083 1423 1264 1466 erexerit
1295 1423 1340 1464 in
1371 1438 1474 1474 rem,
1495 1423 1540 1464 in
1560 1423 1677 1474 vitia,

109 1484 156 1525 in
190 1498 345 1534 mores,
382 1483 428 1523 in
459 1486 671 1538 tempora)
706 1481 901 1523 emittere
934 1481 977 1522 in
1008 1480 1241 1532 hominem,
1264 1487 1308 1522 et
1338 1479 1383 1520 in
1408 1494 1551 1532 reum3
1582 1479 1680 1521 cum

104 1540 141 1582 is
162 1555 250 1582 nou
270 1553 348 1581 suo
384 1538 575 1590 crimine,
594 1539 672 1580 sed
705 1538 938 1579 multorum
969 1537 1090 1588 vitio,
1112 1537 1169 1578 sit
1202 1537 1248 1577 in
1281 1536 1501 1592 quoddam
1531 1536 1678 1588 odium

110 1596 322 1653 injustum
343 1603 538 1637 vocatus.
601 1595 753 1650 Itaque
787 1593 1006 1635 severitati
1034 1601 1134 1645 tuae,
1156 1599 1204 1634 ut
1225 1600 1405 1649 oportet,
1426 1593 1487 1634 ita
1505 1607 1679 1650 respon-
1698 1597 1752 1640 80

111 1653 212 1694 dere
232 1666 320 1693 non
340 1652 505 1693 audeo:
537 1658 627 1693 erat
655 1651 769 1692 enim
789 1665 933 1691 meum
954 1650 1174 1706 deprecari
1195 1650 1484 1691 *vacationem
1510 1650 1680 1692 adoles-

111 1709 279 1758 centiae,
312 1708 569 1764 veniamque
604 1715 774 1764 petere:
806 1721 907 1759 non,
944 1706 1131 1762 inquam,
1162 1706 1324 1747 audeo:
1356 1706 1562 1763 perfugiis
1593 1721 1682 1749 non

112 1773 211 1807 utor
246 1764 412 1807 aetatis:
445 1779 655 1806 concessa
688 1764 885 1805 omnibus
911 1764 1011 1819 jura
1046 1763 1243 1804 dimitto:
1273 1762 1440 1804 tantum
1470 1770 1586 1819 peto,
1618 1770 1681 1814 ut,

110 1823 145 1863 si
167 1837 252 1878 qua
284 1829 352 1863 est
385 1821 547 1863 invidia
583 1821 824 1863 communis
852 1820 937 1861 hoe
970 1827 1164 1876 tempore
1196 1819 1291 1861 aeris
1326 1819 1467 1871 alieni,
1488 1821 1683 1875 petulan-

112 1878 199 1928 tiae,
219 1878 447 1920 libidinum
460 1878 702 1935 juventutis
717 1883 867 1934 (quam
888 1877 1010 1918 video
1029 1892 1122 1918 esse
1140 1877 1374 1933 magnam),
1391 1891 1444 1917 ne
1461 1877 1561 1918 huic
1579 1877 1682 1919 alie·
1700 1882 1754 1924 85

114 2037 355 2077 “vitaverih
414 2033 746 2076 fcontamz’nent.
793 2041 811 2066 s
821 2048 1000 2088 parare.
1048 2032 1285 2088 hdefioeerit-
1334 2032 1683 2075 immunitatem.

161 2205 214 2235 56.
259 2202 383 2234 Frustra
413 2203 605 2244 litigantem]
674 2201 764 2243 Saepe
789 2202 883 2233 causa
927 2202 1066 2232 verbium
1092 2208 1139 2233 est
1163 2203 1291 2233 ductum
1321 2202 1360 2232 ab
1383 2202 1420 2233 iis
1446 2203 1499 2243 qui
1514 2202 1618 2234 cibum
1634 2206 1688 2233 aut

119 2247 278 2279 ceciderat
294 2246 444 2276 Clodius:
469 2245 562 2276 immo
576 2246 697 2276 videtur
711 2245 822 2276 Cicero
839 2246 883 2276 la·
928 2252 1035 2286 potum
1051 2246 1184 2276 tenuiter
1201 2247 1379 2287 degustant,
1394 2246 1469 2276 nihil
1489 2246 1561 2277 inde
1577 2246 1609 2276 in
1624 2250 1686 2276 sto-

119 2295 221 2321 tenter
246 2289 385 2320 indicare
413 2289 676 2330 praevaricationis
708 2289 803 2319 fuisse
833 2299 883 2318 su·
929 2289 1336 2320 maeliumiransmittentes.

123 2341 278 2374 spectum.
973 2330 1022 2362 ΙΙ).
1048 2331 1190 2362 Eatremis
1204 2331 1333 2373 digitis]
1390 2331 1591 2362 Proverbium
1601 2330 1687 2371 ejus-

166 2376 218 2405 57.
243 2374 377 2404 Primum
406 2374 562 2415 precaria]
609 2373 797 2414 Respondet
813 2372 880 2420 jam
923 2374 995 2404 dein
1011 2374 1246 2415 significationis
1262 2385 1331 2405 cuin
1348 2376 1514 2415 superiore.

123 2417 225 2448 Balbo
241 2417 328 2448 alteri
344 2419 527 2452 accusatori.
542 2418 592 2447 cui
610 2428 679 2449 cum
708 2415 789 2446 bona
812 2426 880 2456 ejus

123 2460 215 2492 venia
232 2471 266 2490 se
282 2471 496 2501 responsurum
512 2460 600 2490 dicit.

167 2505 221 2535 58.
247 2502 405 2544 Unguenta
419 2503 597 2544 sumpserim]
623 2503 791 2544 Unguenta
808 2502 884 2532 odo·

125 2555 171 2576 res
187 2553 270 2583 sunt,
285 2546 399 2586 quibus
425 2546 566 2576 deliciosi
591 2545 731 2576 homines
756 2545 885 2575 uteban-

124 2593 194 2619 tur:
217 2588 248 2618 id
266 2595 370 2619 autem
386 2591 535 2629 arguebat
548 2589 577 2618 in
595 2588 696 2619 Coelio
716 2587 841 2618 Balbus.

170 2629 219 2661 lb.
243 2630 334 2662 Baias
361 2631 493 2670 vidam]
548 2631 636 2661 Baiae
662 2641 750 2672 aquae
774 2630 886 2661 calidae

127 2673 244 2702 suntin
265 2673 452 2714 Campania,
475 2674 622 2704 Puteolos
646 2674 725 2704 inter
740 2679 772 2704 et
788 2674 887 2703 Mise-

129 2725 214 2750 num,
237 2720 299 2745 tarn
326 2724 508 2758 opportunae
540 2717 749 2758 voluptatibus
779 2725 888 2756 corpo-

129 2758 179 2794 ris,
197 2757 291 2797 quarn
307 2759 418 2789 morbis
431 2759 640 2800 depellendis.

173 2804 225 2832 60.
250 2800 429 2833 I'rimwibus
457 2803 545 2834 labris
571 2801 762 2844 gustassent]
814 2801 890 2832 Pro-

969 2418 1021 2448 69.
1048 2417 1138 2447 Omne
1156 2418 1233 2447 illud
1247 2417 1421 2458 silentium]
1468 2418 1604 2450 Auditus
1619 2417 1687 2459 qui-

925 2460 998 2490 dem
1028 2466 1075 2490 cst
1098 2460 1218 2491 Balbus
1250 2461 1381 2500 attente,
1406 2471 1468 2491 non
1493 2461 1569 2502 quia
1593 2471 1687 2491 unum

927 2502 1060 2534 Coelium
1077 2504 1256 2539 accusabat,
1272 2504 1327 2533 sed
1345 2503 1419 2544 quia
1443 2504 1607 2534 universim
1622 2513 1689 2533 cor-

928 2550 1036 2586 ruptos
1058 2545 1232 2586 juventutis
1259 2557 1358 2577 mores
1384 2547 1524 2576 oratione
1551 2546 1606 2575 sua
1633 2546 1690 2576 de-

930 2589 1093 2619 scribebat.
1149 2589 1231 2619 Hinc
1264 2595 1368 2619 autem
1402 2589 1478 2619 nibil
1500 2589 1531 2618 in
1555 2587 1690 2618 Coeliurn

931 2631 1096 2668 efficiebat,
1109 2632 1183 2673 quia
1198 2631 1275 2662 nihil
1288 2642 1394 2662 eorum
1410 2631 1441 2660 in
1457 2641 1494 2660 eo
1511 2631 1606 2660 fuisse
1618 2641 1691 2671 pro-

932 2674 1035 2704 habat.

974 2717 1027 2746 ⁷3.
1052 2714 1098 2748 De
1119 2716 1330 2757 protervitate]
1377 2715 1527 2752 Budaeus,
1542 2717 1622 2747 hunc
1645 2717 1691 2746 lo-

933 2769 1003 2790 cum
1019 2760 1189 2800 explicans,
1206 2760 1258 2795 ait,
1275 2763 1449 2800 protervum
1466 2769 1539 2790 eum
1554 2759 1690 2801 dici>qui

935 2801 993 2834 sibi
1008 2802 1089 2834 circa
1105 2803 1251 2834 libidines
1267 2807 1438 2843 temperare
1454 2812 1517 2833 non
1533 2807 1648 2843 potest.
