1858 3095
711 212 803 244 PRO
828 212 1036 245 RABIRIO.

95 286 168 338 vii,
201 287 386 338 Metelli,
417 286 536 339 Julii‚
571 287 729 338 Cassii,
765 287 970 341 Catones,
1007 288 1234 345 Pompeii;
1266 289 1363 330 cum
1401 287 1444 330 L.
1483 289 1649 345 Philip-

95 358 192 406 pus,
232 344 277 386 I..
311 345 485 400 Scipi03
516 343 612 385 cum
656 344 719 386 M.
763 345 964 400 Lepidus,
1001 345 1097 387 cum
1136 346 1191 387 D.
1224 347 1412 397 Brutus;
1444 345 1543 386 cuni
1577 346 1648 387 hie

95 415 187 456 ipse
222 401 271 443 P.
305 400 526 451 Servilius,
556 415 639 456 quo
670 407 718 442 tu
748 401 1018 457 imperatore,
1049 402 1252 454 Labiene,
1280 402 1521 452 cmeruisti3
1553 402 1648 443 cnm
1669 407 1722 446 33

95 456 167 499 hie
188 459 243 506 Q.
263 458 458 507 Catulus,
490 457 719 498 admodum
749 465 841 498 tum
872 459 1154 510 adolescens3
1186 460 1284 500 cum
1309 460 1380 500 hic
1409 459 1459 500 C.
1490 458 1650 508 Curio;

97 513 191 554 cum
223 513 408 569 denique
439 528 587 554 omnes
619 513 844 555 clarissimi
867 515 943 555 viri
967 531 1063 557 cuin
1086 516 1336 556 consulibus
1365 521 1525 565 essent,
1548 514 1652 570 quid

98 570 270 611 taudem
292 569 342 610 C.
363 569 586 611 Rabirium
606 570 746 611 faeere
768 573 970 612 convenit
985 574 1000 613 ’ἒ
1032 571 1171 612 utrum
1194 572 1406 613 inclusum
1429 578 1558 627 atque
1579 571 1653 611 ab·

97 626 235 667 ditum
258 625 387 667 latere
410 627 453 666 in
475 627 662 677 occulto,
684 635 814 683 atque
837 627 1052 683 ignaviam
1073 642 1194 668 suam
1215 628 1486 669 tenebrarum
1508 642 1558 667 ao
1579 642 1654 681 pa-

98 682 251 724 rietum
281 683 492 724 custodiis
523 683 696 738 tegere?
727 698 782 723 an
809 683 852 723 in
875 684 1140 740 Capitolium
1161 699 1355 739 pergere,
1375 692 1504 739 atque
1526 683 1585 723 ibi
1608 698 1652 724 se
1671 686 1727 726 40

99 751 195 778 cum
218 746 293 780 tuo
315 746 482 794 patruo,
504 747 547 780 et
569 739 734 780 caeteris
756 739 810 780 ad
831 747 1012 781 mortem
1033 747 1206 796 propter
1227 741 1324 781 vitae
1347 740 1654 796 turpitudinem

98 795 462 850 confugientibus,
506 796 798 851 congregare?
831 810 885 836 an
927 811 1026 837 cum
1068 796 1225 848 Mario,
1268 797 1445 847 Scauro,
1482 796 1654 846 Catulo,

100 850 297 902 Metello,
319 851 531 902 Scaevolfi,
554 866 651 892 cum
672 852 796 892 bonis
818 851 1003 907 denique
1026 852 1242 903 omnibus,
1264 853 1393 904 coire,
1414 868 1500 894 non
1525 852 1654 894 modo

101 907 425 959 salutis‚verum
446 909 575 950 etiam
598 908 791 964 periculi,
812 910 1067 950 societatem
1086 910 1096 949 ἶ
1142 909 1206 949 Tn
1229 909 1428 965 denique,
1452 909 1654 958 Labiene,

99 963 205 1019 quid
227 964 390 1006 faceres
412 966 486 1005 tali
518 965 561 1005 in
582 979 625 1006 re
648 980 699 1006 ac
720 966 945 1018 tempore?
976 966 1074 1006 cum
1105 966 1285 1021 ignaviae
1314 966 1421 1007 ratio
1455 973 1495 1007 te
1526 966 1570 1006 in
1593 967 1658 1006 fu-
1675 968 1729 1007 45

101 1034 199 1076 gam
230 1028 359 1078 atque
390 1021 434 1062 in
464 1022 650 1062 latebras
681 1021 934 1077 impelleret,
955 1022 1205 1078 improbitas
1228 1030 1271 1064 et
1291 1022 1406 1064 furor
1429 1022 1548 1062 Lucii
1582 1021 1659 1063 Sa-

99 1076 260 1118 turnini
280 1077 325 1119 in
345 1077 611 1134 Capitolium
630 1077 892 1119 darcesseret
912 1080 1112 1120 consules
1136 1079 1190 1119 ad
1219 1079 1365 1135 patriae
1397 1080 1576 1120 salutem
1607 1093 1659 1120 ac

101 1133 342 1175 libertatem
371 1142 604 1184 vocarent3
636 1149 766 1189 quam
797 1135 972 1176 tandem
1003 1135 1316 1182 auctoritatem,
1335 1150 1461 1190 quam
1496 1150 1657 1185 vocem,

103 1190 226 1245 cujus
243 1198 408 1232 sectam
425 1190 562 1246 sequi,
580 1192 702 1245 cujus
721 1190 900 1246 imperio
918 1207 1077 1247 parere,
1092 1192 1364 1247 potissimum
1382 1193 1511 1232 velles
1529 1192 1544 1232 2
1577 1191 1660 1232 Pa-

102 1253 237 1296 truus,
259 1246 413 1303 inquit,
434 1262 555 1288 meus
581 1261 679 1287 cum
711 1246 942 1289 Saturnino
965 1248 1059 1289 fuit.
1121 1248 1237 1296 Quid
1254 1248 1270 1289 '3
1302 1255 1421 1303 pater
1451 1247 1658 1304 quicum?
1679 1249 1735 1288 50

104 1303 241 1357 quid‘?
272 1303 500 1358 propinqui
525 1303 670 1353 vestri,
703 1303 869 1358 equites
903 1304 1120 1345 Romani?
1153 1304 1290 1359 quid?
1324 1305 1462 1345 omnis
1489 1305 1664 1360 praefec-

103 1365 213 1409 tura,
254 1373 389 1414 regio,
429 1359 629 1400 vicinitas
669 1361 840 1400 vestra?

880 1360 984 1415 quid
1001 1361 1016 1399 ’ἒ
1055 1375 1156 1416 ager
1198 1360 1384 1401 Picenus
1424 1361 1662 1411 universus,

104 1416 245 1457 utrum
262 1414 542 1457 tribunicium
562 1415 762 1465 furorem,
785 1430 840 1456 an
860 1417 1132 1457 consularem
1154 1416 1467 1468 auctoritatem,
1490 1425 1663 1458 secutus

105 1470 202 1512 est?

103 1539 117 1558 ³·
162 1528 240 1570 VI.
271 1529 488 1584 Equidem
502 1529 587 1570 hoc
604 1529 782 1578 affirmo,
796 1529 913 1585 quod
930 1536 976 1571 tu
990 1544 1104 1571 nunc
1120 1530 1173 1571 de
1189 1536 1262 1571 tuo
1275 1536 1428 1586 patruo
1440 1530 1667 1586 praedicas,

106 1585 323 1626 neminem
345 1600 537 1641 unquam
557 1586 700 1627 adhuc
722 1586 775 1626 de
797 1600 892 1627 sese
913 1601 1009 1628 esse
1027 1587 1288 1628 consessum.

1349 1586 1489 1628 Nemo
1507 1594 1587 1638 est,
1604 1587 1667 1627 in-

107 1656 236 1697 quam
265 1642 465 1684 inventus
501 1649 588 1684 tam
619 1642 887 1699 profligatus,
907 1649 996 1685 tam
1020 1644 1226 1700 perditus,
1245 1651 1335 1686 tam
1363 1643 1416 1685 ab
1438 1643 1553 1685 omni
1579 1657 1667 1685 non

488 1738 503 1756 ⁰
514 1734 721 1774 militasti.

153 1813 208 1843 33.
231 1811 369 1852 Metam]
416 1812 458 1848 Q.
481 1812 632 1842 Metellus
659 1811 771 1852 Nepos
795 1822 870 1844 con-

111 1854 157 1884 sul
196 1865 277 1885 anno
315 1855 390 1891 655,
420 1855 479 1886 suit
508 1866 579 1886 cum
615 1855 654 1886 T.
686 1854 804 1885 Didio:
830 1856 870 1885 ob

111 1897 294 1938 dissipatam
313 1909 377 1930 rem
398 1898 614 1934 domesticam,
630 1897 742 1940 Nepos
768 1898 870 1929 dictus

115 1947 207 2013 ‹ml-b.
236 1983 338 2025 Julii.]
385 1984 446 2015 Sex
486 1984 588 2015 Julius
626 1984 730 2015 Caesar
764 1986 870 2016 consul

113 2037 184 2099 {um
207 2025 366 2068 Philippo,
381 2032 414 2057 et
433 2027 471 2058 L.
486 2027 590 2058 Caesar
604 2038 673 2059 cuni
693 2029 732 2061 P.
749 2028 871 2059 Rutilio

144 2079 218 2107 upo.

161 2112 209 2143 lh.
237 2111 353 2153 Cassia]

117 2165 186 2186 cuin
204 2155 240 2184 L.
257 2155 372 2185 Gellio.

160 2197 209 2227 Ib.
235 2197 382 2238 Catanes]
429 2198 464 2228 L.
495 2197 622 2228 Porcius
655 2199 734 2229 Cato
764 2198 872 2230 consul

118 2250 188 2272 cuni
204 2240 262 2272 Cn.
280 2240 434 2281 Pompeio
449 2240 611 2271 Strabone.

161 2283 209 2313 Ib.
241 2283 400 2324 Pompeii]
458 2284 517 2315 Cn.
557 2283 666 2314 Strabo
705 2285 874 2326 Pompeius

119 2326 225 2357 consul
237 2326 294 2356 fuit
303 2337 372 2357 cuni
385 2326 496 2357 Porcio
509 2326 641 2364 Catone,
651 2328 693 2363 Q.
704 2328 875 2369 Pompeius

121 2369 225 2400 Rufus
237 2379 306 2400 cum
323 2369 360 2400 L.
377 2369 475 2411 Sylla.

141 2455 148 2466 1
164 2412 213 2444 lb.
231 2411 414 2454 Philippus]
460 2412 577 2443 Consul
593 2423 663 2444 eum
683 2412 775 2444 Sexto
791 2412 876 2443 Julio

122 2455 277 2529 ρξῗῖεὶ.
290 2498 416 2538 Scipio]
467 2498 583 2530 Consul
599 2510 669 2529 cum
690 2498 851 2529 Norbano.

165 2540 215 2572 Ib.
240 2541 282 2572 Μ.
319 2541 473 2582 Lepidus]
533 2542 673 2582 Lepidus
716 2552 785 2571 cum
831 2541 872 2576 Q.

123 2583 248 2633 Catulo,
268 2584 383 2615 Brutus
413 2596 484 2616 cuin
509 2584 639 2615 AEmilio
668 2584 792 2626 Lepido
822 2583 874 2614 Li-

122 2637 224 2702 uatiiii·
240 2669 277 2702 Ρ.
300 2670 467 2712 Servilius]
513 2669 672 2707 Servilius,
687 2670 741 2711 qui
762 2669 878 2700 Isauri-

123 2722 177 2742 cus
193 2713 302 2752 postea
314 2715 416 2745 dicius
430 2719 478 2746 est
491 2715 530 2744 ab
545 2713 652 2744 Isauro
669 2716 742 2743 urbe
758 2712 877 2743 Ciliciae

123 2755 227 2795 captfi,
241 2765 310 2786 cum
328 2757 434 2798 Appio
450 2756 584 2788 Pulchro
600 2756 706 2788 consul
722 2756 792 2788 suit.

167 2797 216 2829 Ib.
238 2798 440 2841 Imperatore]
500 2798 579 2831 Cum
616 2799 729 2830 bellum
759 2802 880 2840 gereret

122 2841 155 2873 in
180 2841 302 2880 Cilicia,
322 2842 348 2874 is
371 2843 487 2885 primus
512 2842 650 2877 omnium
674 2843 706 2876 iu
728 2840 880 2874 Isauriam

405 2112 441 2143 C.
474 2113 597 2144 Cassius
626 2113 727 2144 Varus
765 2113 871 2144 consul

1080 1732 1284 1775 *voven-et.

913 1813 1067 1854 ingressus
1081 1817 1147 1850 est,
1171 1818 1202 1842 et
1219 1812 1406 1853 triumphum
1422 1818 1454 1843 et
1469 1811 1598 1844 Isaurici
1614 1823 1669 1843 no-

915 1867 986 1887 men
1001 1857 1134 1897 adeptus
1151 1861 1206 1885 cst.

958 1901 1011 1930 36.
1036 1898 1071 1932 C.·
1087 1898 1202 1939 Curia]
1249 1898 1343 1929 Curio
1366 1904 1456 1939 pater
1479 1897 1544 1938 ejus
1559 1898 1668 1929 Curio-

914 1942 961 1972 nis
976 1942 1044 1978 fuit,
1060 1942 1126 1983 qui,
1149 1941 1230 1971 bello
1254 1941 1351 1980 civili,
1368 1952 1422 1982 pro
1446 1941 1567 1972 Caesare
1591 1952 1670 1982 pug-

915 1995 1003 2020 nans,
1020 1985 1111 2025 periit
1125 1985 1155 2014 in
1170 1984 1290 2014 Africa.

959 2029 1010 2059 45.
1035 2027 1078 2057 :lc
1102 2027 1251 2067 tempora]
1297 2026 1369 2063 Quo
1394 2027 1573 2057 Saturninus
1599 2037 1670 2057 cum

916 2071 978 2100 suis
994 2071 1149 2101 excitabat
1162 2070 1359 2100 seditionem.

959 2114 1011 2143 50.
1038 2114 1137 2147 Quid?
1164 2112 1274 2152 pater.]
1320 2113 1454 2143 Videtur
1477 2111 1529 2141 hic
1553 2111 1670 2151 signifi-

914 2165 985 2185 care
999 2155 1130 2185 Labieni
1147 2162 1265 2194 patrem
1278 2165 1340 2184 non
1353 2165 1423 2185 cum
1435 2153 1600 2192 seditiosis,
1615 2154 1670 2183 sed

916 2208 984 2228 cuni
999 2198 1184 2234 consulibus.
1202 2197 1306 2226 fuisse.

961 2241 1013 2270 51.
1037 2241 1135 2270 Omnis
1159 2239 1363 2280 praefectur-w]
1410 2238 1608 2269 Praefecturae
1639 2238 1670 2268 in

918 2283 1010 2314 Italia
1024 2295 1070 2314 ea:
1086 2285 1175 2313 urbes
1192 2283 1382 2316 dicebantur.
1398 2281 1429 2311 in
1445 2281 1555 2322 quibus
1570 2288 1603 2311 et
1618 2279 1670 2320 jus

920 2327 1083 2357 dicebatur
1095 2331 1127 2356 et
1139 2325 1285 2356 nundinae
1301 2325 1471 2365 agebantur
1485 2334 1493 2360 3
1515 2323 1545 2353 in
1560 2334 1612 2354 eas
1628 2325 1670 2353 le-

920 2369 1010 2410 gibus
1029 2369 1167 2410 praefecti
1183 2369 1347 2409 quotannis
1367 2367 1418 2409 jus
1434 2367 1546 2397 dicturi
1568 2366 1671 2396 initte-

920 2413 1043 2442 banlur.
1086 2411 1138 2442 Dc
1153 2410 1199 2441 his
1216 2410 1336 2442 Festus.

964 2456 1017 2485 52.
1040 2455 1120 2496 Ager
1149 2453 1300 2494 Picenus]
1346 2451 1432 2493 Ager
1462 2451 1595 2482 Picenus
1625 2458 1673 2482 est

916 2496 1018 2528 Italiae
1041 2499 1148 2538 quinta
1170 2497 1254 2537 regio
1284 2503 1364 2526 trans
1390 2495 1604 2535 Apenninum,
1633 2494 1671 2525 ab

918 2541 992 2582 ipsis
1014 2541 1168 2571 montibus
1193 2541 1231 2570 ad
1256 2550 1339 2570 mare
1358 2537 1553 2568 Adriaticum
1577 2547 1672 2578 usque

919 2590 1076 2615 extensus.
1121 2583 1204 2614 Vide
1222 2582 1415 2617 Strabonem,
1431 2581 1485 2612 lib.
1501 2580 1532 2610 5.
1566 2579 1672 2609 Hodie

920 2626 1064 2657 Marchia
1074 2625 1274 2657 Anconitana
1284 2625 1393 2656 dicitur
1405 2624 1444 2654 ab
1458 2621 1599 2658 Ancon—22,
1609 2632 1673 2652 eni-

922 2669 1007 2709 porio
1022 2669 1232 2700 celeberrimo.

964 2715 995 2744 1.
1012 2711 1056 2742 De
1062 2710 1335 2752 pacrnopraedicas.]
1357 2709 1459 2739 Nemo
1469 2706 1587 2747 est,qui
1599 2717 1675 2748 prae-

923 2754 1008 2784 dicet
1022 2766 1054 2786 se
1069 2767 1140 2787 curn
1154 2755 1318 2785 Saturnino
1333 2752 1426 2782 fuisse
1439 2766 1447 2788 ;
1473 2755 1505 2780 et
1519 2755 1623 2779 tamen
1638 2749 1676 2779 eir

923 2802 970 2827 est
980 2797 1175 2840 impudentia
1187 2797 1394 2834 Labienus‚ut
1403 2794 1434 2826 id
1450 2793 1490 2825 de
1501 2798 1609 2835 patruo
1622 2803 1676 2824 suo

918 2841 1027 2883 jactet.

1665 213 1720 253 75
