1858 3095
681 183 771 214 PRO
796 181 989 216 MiLoNE.
1611 175 1721 225 309:

56 256 155 298 cum
175 254 337 297 inesset
356 254 402 295 in
423 267 466 295 re
485 252 564 304 vis,
596 260 639 294 et
659 253 840 305 insidiae,
873 254 1034 295 crimen
1057 254 1221 310 judicio
1250 255 1477 306 reservar13
1508 256 1622 298 '‘rem

55 311 216 354 notavi.
278 309 404 360 Quod
426 310 461 351 si
484 325 558 365 per
578 310 784 352 furiosum
805 311 926 352 illum
949 311 1165 353 tribunum
1185 311 1370 363 senatui,
1390 313 1505 368 quod
1526 327 1622 354 sen-

55 368 207 420 tiebat,
238 369 441 424 perficere
463 367 672 419 licuisset,
707 383 861 410 novam
882 369 1153 423 questionem
1175 384 1290 411 nunc
1311 369 1473 412 nullam
1495 369 1622 411 habe·
1639 367 1692 408 35

56 440 218 476 remus;
250 425 511 466 decernebat
524 425 650 475 enim,
670 433 730 476 ut,
752 426 967 466 veteribus
989 426 1172 482 legibus,
1188 425 1485 468 tantummodo
1502 434 1622 468 extra

57 481 250 523 ordinem
267 489 536 538 quaereretur.
572 481 722 523 Divisa
744 483 959 524 sententia
975 491 1054 533 est,
1077 483 1319 539 postulante
1339 483 1488 525 nescio
1510 498 1620 546 quo;

56 538 160 579 nihil
181 538 295 580 enim
317 552 494 580 necesse
517 546 583 580 est
604 539 794 581 omnium
816 554 882 580 me
904 539 1069 595 flagitia
1096 539 1294 595 proferre.
1358 539 1430 581 Sic
1461 541 1623 596 reliqua

56 594 289 636 auctoritas
312 596 487 636 senatus
508 596 653 651 emptu
678 595 984 637 intercessione
1007 596 1178 636 sublata
1199 602 1277 636 est.

113 650 169 692 V.
190 653 250 692 At
262 651 376 693 enim
394 652 475 693 Cn.
494 652 740 708 Pompeius,
759 652 982 707 rogatione
997 651 1089 702 sust,
1105 658 1148 692 et
1161 652 1215 692 de
1232 666 1274 692 re
1289 657 1332 692 et
1345 651 1397 692 de
1411 651 1621 707 causitju-

56 707 230 750 dicavit:
265 708 363 749 tulit
385 709 496 750 enim
520 709 572 750 de
595 709 727 759 caede,
749 723 846 763 qua:
868 709 910 748 in
928 707 1073 763 Appia
1095 707 1166 748 via
1188 708 1303 749 facta
1323 715 1451 758 esset,
1471 708 1513 749 in
1532 709 1620 764 quii

56 764 108 806 P.
129 764 309 807 Clodius
332 766 503 808 occisus
525 765 618 806 fuit.
679 766 795 812 Quid
813 779 914 821 ergo
936 765 1058 806 tulit?
1089 764 1261 820 nempe,
1284 772 1331 806 ut
1351 773 1620 821 quaereretur.

56 821 173 870 Quid
226 824 319 864 orro
340 822 617 877 quaerendum
634 823 722 862 est'?
755 821 992 862 factum-ne
1007 821 1087 862 sit?
1119 828 1164 862 at
1184 830 1376 863 constat:
1401 821 1426 863 ῖι
1443 822 1554 878 quo?
1576 829 1621 864 at

55 885 187 934 patet.
240 878 333 929 idit,
344 878 472 919 etiam
486 878 530 919 in
544 878 815 920 confessione
829 878 1059 935 facti,juris
1069 885 1213 920 tamen
1223 878 1518 920 defensionem
1529 894 1620 920 sus-
1638 881 1664 920 5

54 933 139 991 cipi
154 949 301 991 posse;
323 934 440 991 quod
456 935 538 976 nisi
553 935 883 992 vidisset,posse
897 935 1062 977 absolvi
1078 951 1174 976 eum
1188 935 1262 992 qui
1276 936 1498 988 fateretur3
1522 935 1620 977 cum

55 991 218 1034 videret
235 1006 315 1034 nos
337 992 474 1044 fateri,
506 1007 647 1048 neque
669 993 799 1048 quaeri
821 1007 1012 1049 unquam
1036 992 1256 1046 jussisset,
1287 1008 1368 1034 nec
1389 993 1510 1034 vobis
1532 999 1621 1034 tam

56 1048 283 1093 salutarem
299 1049 410 1092 hanc
423 1049 466 1091 in
482 1049 722 1106 judicando
736 1049 915 1102 literam,
932 1049 1064 1107 quam
1079 1050 1197 1092 illam
1213 1050 1394 1103 tristem,
1415 1050 1620 1093 dedisset.

540 1265 840 1306 beondemnavz·
860 1267 941 1305 υἰηι
950 1266 1134 1318 filetum.

100 1492 155 1523 33.
175 1489 294 1522 Judicio
304 1491 472 1533 reservavi]
501 1478 607 1522 Sensit
617 1491 728 1523 Cicero
743 1502 812 1534 per·
857 1492 1071 1534 praejudicium
1097 1493 1294 1524 refutandum
1319 1493 1511 1534 aggreditur,
1534 1494 1620 1535 quod

57 1534 156 1565 tinere
172 1533 345 1576 adjudices
360 1534 515 1576 inquirere
530 1540 597 1566 uter
614 1536 671 1566 utri
687 1535 814 1567 fecisset
851 1536 1090 1577 jactabatur,ab
1102 1536 1295 1573 adversariis,
1307 1537 1464 1568 Milonem
1475 1537 1622 1572 videlicet

57 1577 199 1608 iusidias.

99 1622 153 1653 34.
178 1620 264 1656 Qubd
284 1622 311 1652 si
329 1631 383 1660 per
394 1620 581 1663 furiosum]
624 1621 704 1653 Cum
731 1620 817 1663 prius

57 1663 250 1695 decrevisset
271 1670 409 1701 senatus,
431 1669 467 1694 ut
481 1665 522 1695 de
539 1665 626 1696 caede
640 1665 747 1697 Clodii
764 1675 819 1695 ve-

59 1707 175 1738 teribus
194 1707 315 1748 legibus
337 1714 536 1749 quaereretur,
560 1709 748 1749 quamquam
764 1719 818 1739 ex-

59 1755 105 1780 tra
120 1750 272 1790 ordinem,
297 1757 414 1787 tamen,
440 1751 471 1781 id
489 1751 542 1781 ubi
557 1752 818 1793 promulgandum

59 1792 130 1829 fuit,
140 1793 313 1825 intercessit
327 1794 490 1826 Munatius
510 1794 657 1831 Plancus,
668 1802 763 1836 atque
775 1795 819 1825 ita

60 1843 186 1867 coactus
202 1842 250 1868 est
265 1842 404 1874 senatus,
418 1843 525 1868 contra
541 1839 676 1868 omnium
694 1844 818 1868 senten-

59 1879 146 1916 tiam,
169 1880 229 1911 hoc
250 1880 356 1911 facere
379 1881 540 1912 decretum
565 1882 606 1912 de
628 1882 710 1912 novit
733 1892 819 1922 quae-

60 1923 183 1953 stione:
208 1929 274 1953 erat
295 1924 417 1965 quippe
440 1934 478 1954 ea
501 1924 692 1955 tribunoruin
717 1925 818 1965 plebis

61 1965 240 2001 auctoritas,
262 1971 294 1996 at
313 1967 432 1997 nullum
456 1973 562 2007 posset
582 1968 755 1998 confirmari
771 1978 819 1998 se-

61 2007 355 2045 natus-consultum,
383 2011 468 2051 quod
496 2009 540 2040 illi
563 2021 627 2042 non
651 2010 821 2052 approbas-

63 2058 144 2084 seut.

106 2094 157 2125 lb.
180 2092 367 2135 Furiosum]
418 2095 560 2126 Furiosus
577 2096 688 2126 dicitur
703 2096 741 2134 is,
766 2095 819 2136 qui

64 2137 192 2168 nimium
208 2137 366 2178 popularis
378 2139 501 2168 senatui
512 2149 575 2169 non
590 2143 689 2180 paret,
703 2139 759 2170 sed
771 2149 819 2169 sc-

65 2180 216 2212 ditionem
229 2191 284 2221 per
300 2180 450 2222 populum
465 2181 587 2212 excitat.

107 2226 162 2256 36.
195 2222 289 2254 Extra
314 2224 469 2265 ordinem]
515 2224 567 2255 De
600 2224 694 2256 causa
725 2225 821 2266 quaeri

65 2272 153 2298 extra
181 2267 321 2297 ordinem
351 2267 475 2303 dicitnr,
504 2267 586 2303 curn,
612 2279 674 2298 non
701 2268 821 2298 servata

59 2309 140 2350 juris
152 2309 296 2347 formula,
307 2320 366 2341 nec
376 2310 486 2341 ordine
495 2310 674 2352 judiciam),
683 2311 714 2341 in
727 2310 821 2342 causa

70 2353 256 2395 proceditur.

111 2399 166 2429 37.
191 2396 296 2427 Divisa
308 2397 526 2438 sententiae-w]
573 2397 652 2428 Crini
669 2396 780 2439 aliquis
791 2397 823 2427 in

66 2439 203 2470 dicende
223 2440 379 2471 sententia
393 2441 481 2477 duas,
504 2440 649 2481 pluresve
671 2451 719 2472 res
742 2446 825 2471 esset

67 2482 258 2524 complexus,
283 2493 328 2513 eae
349 2484 375 2514 si
395 2493 459 2514 non
481 2494 588 2514 omnes
609 2485 822 2525 probarentur,

70 2525 216 2565 postulari
239 2526 364 2557 solitum
385 2526 444 2556 fuit
466 2526 485 2556 a.
502 2527 610 2567 quovis
627 2527 767 2563 sedente,
789 2532 824 2557 ut

71 2568 236 2608 divideret,
258 2568 290 2599 id
306 2574 364 2605 est,
379 2574 415 2600 ut
427 2569 468 2600 de
483 2569 610 2611 singulis
625 2570 716 2601 rebus
729 2570 823 2601 refer·

71 2619 165 2642 retur.

114 2652 165 2684 Ib.
186 2652 358 2686 Pmtulante
383 2657 474 2686 ‘nescio
501 2655 585 2696 qum]
644 2654 674 2686 Is
697 2655 756 2686 suit
783 2656 825 2692 Q.

71 2696 175 2726 Fufius
197 2703 332 2733 senator,
354 2699 407 2738 qni
430 2698 450 2728 a
465 2698 613 2728 Munatio
629 2699 746 2729 Planco
770 2709 825 2739 pe-

71 2739 165 2770 cunia
189 2745 350 2780 corruptus
375 2741 446 2780 suit,
471 2751 566 2782 quem
588 2753 650 2773 non
675 2742 826 2783 appellat,

71 2782 146 2824 quia
157 2787 280 2812 senator
291 2789 368 2815 erat.

858 1579 1015 1610 sententia
1027 1579 1088 1610 Cn.
1105 1579 1250 1621 Pompeii
1264 1580 1445 1610 damnatum
1460 1591 1539 1611 esse.

905 1622 956 1653 Ib.
972 1622 1137 1664 Rogatione
1151 1622 1231 1664 such]
1256 1621 1395 1663 Rogatio
1407 1623 1452 1653 sic
1464 1623 1551 1654 dicta
1561 1628 1621 1660 cst,

862 1665 947 1706 quod
973 1666 1106 1707 populus
1131 1665 1293 1697 Romanus
1317 1676 1373 1706 per
1395 1666 1622 1703 trinundinum,

863 1709 902 1739 ab
927 1708 988 1739 illis
1010 1709 1064 1750 qui
1086 1710 1217 1749 rogandi
1239 1713 1427 1750 potestatem
1450 1710 1622 1745 habebant,

863 1757 1033 1792 rogaretur,
1057 1751 1175 1788 Vellet,
1209 1753 1387 1793 juberetne‚
1422 1752 1518 1784 talem
1554 1753 1621 1784 fieri

861 1795 976 1835 legem,
998 1800 1160 1837 ratamque
1175 1796 1293 1826 haberi.

904 1838 954 1868 Ib.
979 1840 1027 1869 De
1038 1838 1096 1879 τα]
1128 1838 1194 1870 Res
1210 1838 1261 1870 hic
1275 1838 1403 1870 sumitur
1414 1849 1470 1880 pro
1484 1839 1622 1880 generali

863 1882 1034 1922 qnaestione
1050 1883 1156 1913 caedis.

905 1926 937 1955 4.
962 1925 1120 1966 Atpatet.]
1180 1925 1306 1967 Nempe
1332 1925 1350 1955 a
1366 1925 1487 1956 Milone
1502 1925 1620 1956 caedein

862 1968 975 2041 sactaikp
1001 1978 1069 1999 esse
1096 1974 1238 2010 apparet.
1285 1969 1324 1999 Id
1347 1969 1429 1999 enim
1453 1969 1535 1999 Milo
1557 1979 1621 2002 non

864 2022 946 2052 nega
972 2017 1013 2041 at.

905 2054 936 2085 5.
964 2054 1042 2083 Vidit
1069 2054 1182 2094 etiamn]
1243 2054 1361 2085 Probat
1386 2054 1497 2086 Cicero
1522 2065 1560 2086 ex
1588 2054 1621 2093 vi

863 2097 941 2137 legis
956 2096 975 2126 ῖι
990 2096 1144 2137 Pompeio
1166 2097 1249 2133 latre,
1275 2108 1346 2127 eum
1367 2108 1469 2128 causae
1492 2097 1621 2128 Milonis

862 2139 985 2176 savere;
1019 2140 1092 2179 quia
1122 2139 1236 2169 Miloni
1261 2140 1374 2171 faciam
1405 2141 1423 2170 a
1446 2151 1479 2171 se
1501 2142 1620 2171 caedem

864 2182 1025 2213 confitenti
1039 2182 1208 2224 Pompeius
1223 2183 1299 2213 fecit
1309 2188 1494 2224 potestatem
1506 2185 1552 2214 sni
1566 2185 1622 2215 de·

864 2225 1034 2262 sendendi3
1061 2235 1154 2266 quam
1177 2231 1364 2265 potestatem
1388 2237 1547 2267 nunquam
1565 2228 1621 2257 de-

865 2268 971 2304 disset,
1002 2267 1074 2298 cnm
1097 2269 1244 2298 fateretur
1266 2269 1347 2300 Milo
1373 2280 1418 2306 se,
1445 2275 1478 2301 et
1507 2270 1621 2302 Cicero

865 2322 934 2342 cum
951 2312 1032 2351 ipso,
1048 2310 1195 2342 Clodium
1211 2312 1374 2343 occidisse.

908 2357 939 2385 8.
961 2354 1124 2385 Salutarem
1143 2355 1216 2384 hanc
1237 2356 1272 2385 in
1285 2356 1452 2395 judicando
1481 2355 1625 2397 literam]

869 2397 1017 2428 Salutaris
1033 2397 1121 2428 litera
1137 2398 1195 2428 fuit
1208 2397 1249 2434 A,
1273 2409 1342 2440 quae
1357 2400 1575 2440 apponebatur
1589 2399 1623 2430 in'

869 2440 986 2480 tabula,
1003 2451 1095 2481 quam
1106 2441 1123 2470 ῑι
1139 2447 1268 2482 praetore
1283 2441 1621 2483 accipiebantjudices‚

867 2493 903 2514 ac
930 2483 961 2514 in
989 2494 1094 2514 urnam
1119 2483 1336 2525 projiciebant,
1360 2485 1385 2516 si
1409 2486 1621 2517 absolverent:

867 2528 951 2557 unde
965 2529 1105 2558 salutaris
1117 2528 1230 2558 dicitur
1248 2528 1267 2558 a
1282 2527 1448 2560 Cicerone.

911 2569 960 2603 Ib.
984 2569 1072 2600 Illam
1084 2571 1220 2612 tristem]
1266 2571 1370 2602 Litera
1385 2571 1423 2604 C.
1440 2571 1531 2602 tristis
1543 2571 1623 2602 dici-

870 2618 928 2648 tur,
944 2612 1017 2653 quia
1031 2613 1083 2643 illa
1097 2624 1224 2654 quoque
1236 2613 1266 2644 in
1283 2614 1554 2656 tabulAjudicibus
1567 2614 1623 2644 ‹la-

869 2656 970 2691 batur,
993 2665 1086 2696 quain
1101 2657 1132 2686 in
1148 2667 1254 2687 urnam
1268 2657 1486 2698 projiciebant,
1509 2657 1534 2687 si
1549 2666 1624 2687 con·

872 2700 1066 2730 riemnarent.
1112 2699 1178 2730 Has
1202 2705 1304 2730 autem
1329 2700 1432 2730 literas
1455 2699 1624 2741 Pompeius

864 2741 1023 2782 jndicibus
1051 2752 1112 2773 non
1139 2743 1288 2778 dedisset,
1311 2743 1371 2773 nisi
1394 2742 1546 2774 Milonem
1570 2743 1625 2774 ab·

873 2784 951 2815 solvi
966 2795 1055 2825 posse
1075 2785 1262 2826 judicassem
1288 2785 1380 2826 igitur
1403 2786 1574 2817 damnandi
1596 2791 1629 2817 et

115 2830 146 2856 1.
169 2826 209 2857 At
231 2827 306 2857 enim
323 2825 378 2858 Cn.
393 2826 572 2868 Pompeius]
618 2827 690 2858 Jam
704 2827 829 2859 tertium
874 2827 1056 2860 absolvendi
1071 2839 1143 2860 eum
1158 2827 1513 2869 potestatemjudicibus
1528 2829 1629 2861 dedit.

1213 2871 1289 2912 22
