<?xml version="1.0" encoding="UTF-8"?>
<!DOCTYPE html PUBLIC "-//W3C//DTD XHTML 1.0 Transitional//EN"
    "http://www.w3.org/TR/xhtml1/DTD/xhtml1-transitional.dtd">
<html xmlns="http://www.w3.org/1999/xhtml" xml:lang="en" lang="en">
 <head>
  <title>
</title>
<meta http-equiv="Content-Type" content="text/html;charset=utf-8" />
  <meta name='ocr-system' content='tesseract 3.04.00' />
  <meta name='ocr-capabilities' content='ocr_page ocr_carea ocr_par ocr_line ocrx_word'/>
</head>
<body>
  <div class='ocr_page' id='page_1' title='image "./selectaeoratione00ciceuoft_0168.png"; bbox 0 0 1790 3090; ppageno 0'>
   <div class='ocr_carea' id='block_1_1' title="bbox 69 128 1702 387">
    <p class='ocr_par' dir='ltr' id='par_1_1' title="bbox 69 128 1702 387">
     <span class='ocr_line' id='line_1_1' title="bbox 69 128 1143 188; baseline -0.006 -13"><span class='ocrx_word' id='word_1_1' title='bbox 69 133 153 188; x_wconf 69' lang='lat'><em>123</em></span> <span class='ocrx_word' id='word_1_2' title='bbox 723 128 777 172; x_wconf 62' lang='grc' dir='ltr'><em>ΙΝ</em></span> <span class='ocrx_word' id='word_1_3' title='bbox 800 129 1058 173; x_wconf 70' lang='lat' dir='ltr'>CATILINAM</span> <span class='ocrx_word' id='word_1_4' title='bbox 1077 128 1143 171; x_wconf 46' lang='grc' dir='ltr'><em>Νι</em></span> 
     </span>
     <span class='ocr_line' id='line_1_2' title="bbox 138 214 1702 275; baseline -0.004 -11"><span class='ocrx_word' id='word_1_5' title='bbox 138 217 347 264; x_wconf 70' lang='lat' dir='ltr'><em>orationis</em></span> <span class='ocrx_word' id='word_1_6' title='bbox 366 221 671 275; x_wconf 75' lang='lat' dir='ltr'><em>argumentum</em></span> <span class='ocrx_word' id='word_1_7' title='bbox 689 215 740 259; x_wconf 80' lang='lat' dir='ltr'><em>in</em></span> <span class='ocrx_word' id='word_1_8' title='bbox 759 216 928 259; x_wconf 83' lang='lat' dir='ltr'><em>duabus</em></span> <span class='ocrx_word' id='word_1_9' title='bbox 955 217 1045 258; x_wconf 81' lang='lat' dir='ltr'><em>illis</em></span> <span class='ocrx_word' id='word_1_10' title='bbox 1073 214 1339 259; x_wconf 71' lang='lat' dir='ltr'><em>eoecutiendis</em></span> <span class='ocrx_word' id='word_1_11' title='bbox 1363 216 1589 258; x_wconf 71' lang='lat' dir='ltr'><em>sententiis</em></span> <span class='ocrx_word' id='word_1_12' title='bbox 1606 226 1702 259; x_wconf 34' lang='lat' dir='ltr'><em>ver?</em></span> 
     </span>
     <span class='ocr_line' id='line_1_3' title="bbox 141 275 1697 333; baseline -0.003 -12"><span class='ocrx_word' id='word_1_13' title='bbox 141 283 266 321; x_wconf 78' lang='lat' dir='ltr'><em>satur</em></span> <span class='ocrx_word' id='word_1_14' title='bbox 279 297 292 320; x_wconf 94' lang='lat'><em>.·</em></span> <span class='ocrx_word' id='word_1_15' title='bbox 323 279 455 333; x_wconf 71' lang='lat' dir='ltr'><em>quare</em></span> <span class='ocrx_word' id='word_1_16' title='bbox 471 277 527 317; x_wconf 79' lang='lat' dir='ltr'><em>ad</em></span> <span class='ocrx_word' id='word_1_17' title='bbox 536 288 678 328; x_wconf 80' lang='lat' dir='ltr'><em>genus</em></span> <span class='ocrx_word' id='word_1_18' title='bbox 693 275 1015 316; x_wconf 77' lang='lat' dir='ltr'><em>deliberativum</em></span> <span class='ocrx_word' id='word_1_19' title='bbox 1029 275 1221 327; x_wconf 77' lang='lat' dir='ltr'><em>pertinet</em></span> <span class='ocrx_word' id='word_1_20' title='bbox 1235 275 1328 315; x_wconf 73' lang='lat' dir='ltr'><em>liceo</em></span> <span class='ocrx_word' id='word_1_21' title='bbox 1342 275 1480 314; x_wconf 84' lang='lat' dir='ltr'><em>oratio</em></span> <span class='ocrx_word' id='word_1_22' title='bbox 1495 290 1509 321; x_wconf 90' lang='lat'><em>‚·</em></span> <span class='ocrx_word' id='word_1_23' title='bbox 1540 276 1697 316; x_wconf 82' lang='lat' dir='ltr'><em>suadet-</em></span> 
     </span>
     <span class='ocr_line' id='line_1_4' title="bbox 140 330 1695 387; baseline -0.004 -9"><span class='ocrx_word' id='word_1_24' title='bbox 140 338 255 378; x_wconf 86' lang='lat' dir='ltr'><em>enim</em></span> <span class='ocrx_word' id='word_1_25' title='bbox 273 341 325 376; x_wconf 87' lang='lat' dir='ltr'><em>ut</em></span> <span class='ocrx_word' id='word_1_26' title='bbox 345 335 492 377; x_wconf 82' lang='lat' dir='ltr'><em>Silani</em></span> <span class='ocrx_word' id='word_1_27' title='bbox 506 333 650 387; x_wconf 66' lang='lat' dir='ltr'><em>potius</em></span> <span class='ocrx_word' id='word_1_28' title='bbox 669 330 795 386; x_wconf 71' lang='lat' dir='ltr'><em>quam</em></span> <span class='ocrx_word' id='word_1_29' title='bbox 819 331 1010 373; x_wconf 80' lang='lat' dir='ltr'><em>C‘aesaris</em></span> <span class='ocrx_word' id='word_1_30' title='bbox 1027 333 1286 373; x_wconf 77' lang='lat' dir='ltr'><em>sententiam</em></span> <span class='ocrx_word' id='word_1_31' title='bbox 1300 336 1450 386; x_wconf 77' lang='lat' dir='ltr'><em>patres</em></span> <span class='ocrx_word' id='word_1_32' title='bbox 1465 333 1695 385; x_wconf 78' lang='lat' dir='ltr'><em>conscripti</em></span> 
     </span>
    </p>
   </div>
   <div class='ocr_carea' id='block_1_2' title="bbox 141 397 1016 495">
    <p class='ocr_par' dir='ltr' id='par_1_2' title="bbox 141 397 1016 495">
     <span class='ocr_line' id='line_1_5' title="bbox 141 397 398 447; baseline -0.012 -12"><span class='ocrx_word' id='word_1_33' title='bbox 141 397 398 447; x_wconf 82' lang='lat' dir='ltr'><em>sequantur.</em></span> 
     </span>
     <span class='ocr_line' id='line_1_6' title="bbox 824 465 1016 495; baseline -0.005 -1"><span class='ocrx_word' id='word_1_34' title='bbox 824 465 1016 495; x_wconf 82' lang='lat' dir='ltr'><strong>PARTES</strong></span> 
     </span>
    </p>
   </div>
   <div class='ocr_carea' id='block_1_3' title="bbox 169 528 1663 591">
    <p class='ocr_par' dir='ltr' id='par_1_3' title="bbox 169 528 1663 591">
     <span class='ocr_line' id='line_1_7' title="bbox 169 528 1663 591; baseline -0.007 -11"><span class='ocrx_word' id='word_1_35' title='bbox 169 542 275 580; x_wconf 84' lang='lat' dir='ltr'><em>sunt</em></span> <span class='ocrx_word' id='word_1_36' title='bbox 301 541 510 591; x_wconf 64' lang='lat' dir='ltr'><em>‹lautum-,-</em></span> <span class='ocrx_word' id='word_1_37' title='bbox 544 534 802 583; x_wconf 50' lang='lat' dir='ltr'><em>Eam-cltum,</em></span> <span class='ocrx_word' id='word_1_38' title='bbox 824 532 1080 585; x_wconf 77' lang='lat' dir='ltr'><em>Propositio,</em></span> <span class='ocrx_word' id='word_1_39' title='bbox 1107 528 1346 583; x_wconf 84' lang='lat' dir='ltr'><em>Contentio,</em></span> <span class='ocrx_word' id='word_1_40' title='bbox 1368 537 1409 574; x_wconf 84' lang='lat' dir='ltr'><em>et</em></span> <span class='ocrx_word' id='word_1_41' title='bbox 1428 532 1663 574; x_wconf 78' lang='lat' dir='ltr'><em>Peroratio.</em></span> 
     </span>
    </p>
   </div>
   <div class='ocr_carea' id='block_1_4' title="bbox 141 657 1698 905">
    <p class='ocr_par' dir='ltr' id='par_1_4' title="bbox 141 657 1698 905">
     <span class='ocr_line' id='line_1_8' title="bbox 809 657 1027 687; baseline 0.005 -1"><span class='ocrx_word' id='word_1_42' title='bbox 809 657 1027 687; x_wconf 79' lang='lat' dir='ltr'><strong>TEMPUS.</strong></span> 
     </span>
     <span class='ocr_line' id='line_1_9' title="bbox 198 720 1698 776; baseline -0.003 -7"><span class='ocrx_word' id='word_1_43' title='bbox 198 728 368 769; x_wconf 85' lang='lat' dir='ltr'><em>Habita</em></span> <span class='ocrx_word' id='word_1_44' title='bbox 399 732 462 769; x_wconf 86' lang='lat' dir='ltr'><em>est</em></span> <span class='ocrx_word' id='word_1_45' title='bbox 494 727 586 767; x_wconf 75' lang='lat' dir='ltr'><em>hceG</em></span> <span class='ocrx_word' id='word_1_46' title='bbox 614 725 750 767; x_wconf 74' lang='lat' dir='ltr'><em>oratio</em></span> <span class='ocrx_word' id='word_1_47' title='bbox 775 720 914 765; x_wconf 83' lang='lat' dir='ltr'><em>Nonis</em></span> <span class='ocrx_word' id='word_1_48' title='bbox 933 720 1250 773; x_wconf 78' lang='lat' dir='ltr'><em>Decembribus,</em></span> <span class='ocrx_word' id='word_1_49' title='bbox 1271 726 1324 763; x_wconf 79' lang='lat' dir='ltr'><em>‘ut</em></span> <span class='ocrx_word' id='word_1_50' title='bbox 1357 721 1462 776; x_wconf 82' lang='lat' dir='ltr'><em>ipse,</em></span> <span class='ocrx_word' id='word_1_51' title='bbox 1488 721 1556 763; x_wconf 79' lang='lat' dir='ltr'><em>lib.</em></span> <span class='ocrx_word' id='word_1_52' title='bbox 1577 723 1619 763; x_wconf 82' lang='lat'><em>2.</em></span> <span class='ocrx_word' id='word_1_53' title='bbox 1639 723 1698 764; x_wconf 86' lang='lat' dir='ltr'><em>ad</em></span> 
     </span>
     <span class='ocr_line' id='line_1_10' title="bbox 141 784 530 835; baseline -0.008 -8"><span class='ocrx_word' id='word_1_54' title='bbox 141 785 349 835; x_wconf 75' lang='lat' dir='ltr'><em>Attiewm,</em></span> <span class='ocrx_word' id='word_1_55' title='bbox 370 784 530 826; x_wconf 76' lang='lat' dir='ltr'><em>scribit.</em></span> 
     </span>
     <span class='ocr_line' id='line_1_11' title="bbox 799 866 1665 905; baseline -0.003 -10"><span class='ocrx_word' id='word_1_56' title='bbox 799 866 1045 896; x_wconf 83' lang='lat' dir='ltr'>EVENTUS.</span> <span class='ocrx_word' id='word_1_57' title='bbox 1629 884 1665 905; x_wconf 54' lang='lat'><em>.-</em></span> 
     </span>
    </p>
   </div>
   <div class='ocr_carea' id='block_1_5' title="bbox 142 929 1692 1044">
    <p class='ocr_par' dir='ltr' id='par_1_5' title="bbox 142 929 1692 1044">
     <span class='ocr_line' id='line_1_12' title="bbox 194 929 1692 987; baseline -0.003 -11"><span class='ocrx_word' id='word_1_58' title='bbox 194 936 339 976; x_wconf 84' lang='lat' dir='ltr'><em>Morte</em></span> <span class='ocrx_word' id='word_1_59' title='bbox 362 935 514 987; x_wconf 77' lang='lat' dir='ltr'><em>puniti</em></span> <span class='ocrx_word' id='word_1_60' title='bbox 541 937 647 973; x_wconf 86' lang='lat' dir='ltr'><em>sunt</em></span> <span class='ocrx_word' id='word_1_61' title='bbox 676 933 725 973; x_wconf 86' lang='lat' dir='ltr'><em>in</em></span> <span class='ocrx_word' id='word_1_62' title='bbox 754 946 920 972; x_wconf 80' lang='lat' dir='ltr'><em>carcere</em></span> <span class='ocrx_word' id='word_1_63' title='bbox 952 930 1186 982; x_wconf 79' lang='lat' dir='ltr'><em>Lentulus,</em></span> <span class='ocrx_word' id='word_1_64' title='bbox 1211 929 1438 986; x_wconf 77' lang='lat' dir='ltr'><em>Cethegus,</em></span> <span class='ocrx_word' id='word_1_65' title='bbox 1469 931 1692 980; x_wconf 81' lang='lat' dir='ltr'><em>Statilius,</em></span> 
     </span>
     <span class='ocr_line' id='line_1_13' title="bbox 142 989 947 1044; baseline -0.01 -9"><span class='ocrx_word' id='word_1_66' title='bbox 142 993 370 1044; x_wconf 61' lang='lat' dir='ltr'><em>Gabinius,</em></span> <span class='ocrx_word' id='word_1_67' title='bbox 389 997 429 1033; x_wconf 91' lang='lat' dir='ltr'><em>et</em></span> <span class='ocrx_word' id='word_1_68' title='bbox 452 991 696 1044; x_wconf 59' lang='lat' dir='ltr'><em>stepanus,</em></span> <span class='ocrx_word' id='word_1_69' title='bbox 717 989 947 1041; x_wconf 78' lang='lat' dir='ltr'><em>conjurati.</em></span> 
     </span>
    </p>
   </div>
   <div class='ocr_carea' id='block_1_6' title="bbox 136 1157 1664 1178">
    <p class='ocr_par' dir='ltr' id='par_1_6' title="bbox 136 1157 1664 1178">
     <span class='ocr_line' id='line_1_14' title="bbox 136 1157 1664 1178; baseline 0 1912"><span class='ocrx_word' id='word_1_70' title='bbox 136 1157 1664 1178; x_wconf 95' lang='lat' dir='ltr'><em> </em></span> 
     </span>
    </p>
   </div>
   <div class='ocr_carea' id='block_1_7' title="bbox 780 1281 1045 1315">
    <p class='ocr_par' dir='ltr' id='par_1_7' title="bbox 780 1281 1045 1315">
     <span class='ocr_line' id='line_1_15' title="bbox 780 1281 1045 1315; baseline 0.004 -2"><span class='ocrx_word' id='word_1_71' title='bbox 780 1281 1045 1315; x_wconf 84' lang='lat' dir='ltr'><strong>EXORDIUM.</strong></span> 
     </span>
    </p>
   </div>
   <div class='ocr_carea' id='block_1_8' title="bbox 134 1361 1691 1478">
    <p class='ocr_par' dir='ltr' id='par_1_8' title="bbox 134 1361 1691 1478">
     <span class='ocr_line' id='line_1_16' title="bbox 192 1361 1691 1416; baseline -0.005 -7"><span class='ocrx_word' id='word_1_72' title='bbox 192 1369 269 1410; x_wconf 87' lang='lat' dir='ltr'><em>Sie</em></span> <span class='ocrx_word' id='word_1_73' title='bbox 295 1367 496 1407; x_wconf 77' lang='lat' dir='ltr'><em>hortatur</em></span> <span class='ocrx_word' id='word_1_74' title='bbox 515 1368 715 1405; x_wconf 83' lang='lat' dir='ltr'><em>senatum</em></span> <span class='ocrx_word' id='word_1_75' title='bbox 736 1361 882 1404; x_wconf 83' lang='lat' dir='ltr'><em>Cicero</em></span> <span class='ocrx_word' id='word_1_76' title='bbox 901 1363 952 1403; x_wconf 84' lang='lat' dir='ltr'><em>de</em></span> <span class='ocrx_word' id='word_1_77' title='bbox 970 1362 1297 1415; x_wconf 67' lang='lat' dir='ltr'><em>coniuratorum</em></span> <span class='ocrx_word' id='word_1_78' title='bbox 1311 1362 1443 1415; x_wconf 70' lang='lat' dir='ltr'><em>poena</em></span> <span class='ocrx_word' id='word_1_79' title='bbox 1453 1361 1577 1416; x_wconf 79' lang='lat' dir='ltr'><em>ferre</em></span> <span class='ocrx_word' id='word_1_80' title='bbox 1596 1375 1691 1403; x_wconf 89' lang='lat' dir='ltr'><em>sen-</em></span> 
     </span>
     <span class='ocr_line' id='line_1_17' title="bbox 134 1419 1405 1478; baseline -0.007 -11"><span class='ocrx_word' id='word_1_81' title='bbox 134 1426 314 1468; x_wconf 81' lang='lat' dir='ltr'><em>tentiam</em></span> <span class='ocrx_word' id='word_1_82' title='bbox 321 1424 515 1478; x_wconf 78' lang='lat' dir='ltr'><em>fortiter,</em></span> <span class='ocrx_word' id='word_1_83' title='bbox 537 1426 588 1463; x_wconf 86' lang='lat' dir='ltr'><em>ut</em></span> <span class='ocrx_word' id='word_1_84' title='bbox 609 1419 734 1462; x_wconf 68' lang='lat' dir='ltr'><em>tacite</em></span> <span class='ocrx_word' id='word_1_85' title='bbox 753 1433 820 1461; x_wconf 89' lang='lat' dir='ltr'><em>eos</em></span> <span class='ocrx_word' id='word_1_86' title='bbox 839 1420 1084 1461; x_wconf 83' lang='lat' dir='ltr'><em>occidendos</em></span> <span class='ocrx_word' id='word_1_87' title='bbox 1104 1433 1191 1462; x_wconf 86' lang='lat' dir='ltr'><em>esse</em></span> <span class='ocrx_word' id='word_1_88' title='bbox 1209 1420 1405 1462; x_wconf 83' lang='lat' dir='ltr'><em>suadeat.</em></span> 
     </span>
    </p>
   </div>
   <div class='ocr_carea' id='block_1_9' title="bbox 63 1531 1694 2162">
    <p class='ocr_par' dir='ltr' id='par_1_9' title="bbox 133 1531 1694 1764">
     <span class='ocr_line' id='line_1_18' title="bbox 192 1531 1694 1588; baseline -0.004 -10"><span class='ocrx_word' id='word_1_89' title='bbox 192 1538 230 1580; x_wconf 89' lang='grc' dir='ltr'><em>Ι.</em></span> <span class='ocrx_word' id='word_1_90' title='bbox 259 1534 469 1587; x_wconf 88' lang='lat' dir='ltr'>VIDEO,</span> <span class='ocrx_word' id='word_1_91' title='bbox 491 1533 543 1575; x_wconf 92' lang='lat' dir='ltr'><em>P.</em></span> <span class='ocrx_word' id='word_1_92' title='bbox 565 1531 617 1574; x_wconf 86' lang='lat' dir='ltr'><em>C.</em></span> <span class='ocrx_word' id='word_1_93' title='bbox 636 1532 681 1573; x_wconf 91' lang='lat' dir='ltr'><em>in</em></span> <span class='ocrx_word' id='word_1_94' title='bbox 709 1545 778 1573; x_wconf 87' lang='lat' dir='ltr'><em>me</em></span> <span class='ocrx_word' id='word_1_95' title='bbox 809 1531 1001 1573; x_wconf 88' lang='lat' dir='ltr'><em>omnium</em></span> <span class='ocrx_word' id='word_1_96' title='bbox 1030 1531 1219 1574; x_wconf 78' lang='lat' dir='ltr'><em>vestrfim</em></span> <span class='ocrx_word' id='word_1_97' title='bbox 1248 1537 1265 1556; x_wconf 59' lang='grc' dir='ltr'>ἃ</span> <span class='ocrx_word' id='word_1_98' title='bbox 1276 1545 1350 1573; x_wconf 81' lang='lat' dir='ltr'><em>ora</em></span> <span class='ocrx_word' id='word_1_99' title='bbox 1384 1536 1515 1588; x_wconf 84' lang='lat' dir='ltr'><em>atque</em></span> <span class='ocrx_word' id='word_1_100' title='bbox 1544 1531 1694 1573; x_wconf 87' lang='lat' dir='ltr'><em>oculos</em></span> 
     </span>
     <span class='ocr_line' id='line_1_19' title="bbox 134 1587 1687 1644; baseline -0.005 -7"><span class='ocrx_word' id='word_1_101' title='bbox 134 1609 230 1638; x_wconf 84' lang='lat' dir='ltr'><em>esse</em></span> <span class='ocrx_word' id='word_1_102' title='bbox 246 1605 496 1635; x_wconf 85' lang='lat' dir='ltr'><em>conversos:</em></span> <span class='ocrx_word' id='word_1_103' title='bbox 527 1589 653 1631; x_wconf 84' lang='lat' dir='ltr'><em>video</em></span> <span class='ocrx_word' id='word_1_104' title='bbox 669 1601 762 1640; x_wconf 84' lang='lat' dir='ltr'>VOS,</span> <span class='ocrx_word' id='word_1_105' title='bbox 778 1603 865 1630; x_wconf 89' lang='lat' dir='ltr'><em>non</em></span> <span class='ocrx_word' id='word_1_106' title='bbox 885 1587 1025 1630; x_wconf 66' lang='lat' dir='ltr'><em>solum</em></span> <span class='ocrx_word' id='word_1_107' title='bbox 1041 1589 1095 1631; x_wconf 89' lang='lat' dir='ltr'><em>de</em></span> <span class='ocrx_word' id='word_1_108' title='bbox 1111 1595 1252 1631; x_wconf 85' lang='lat' dir='ltr'><em>vestro</em></span> <span class='ocrx_word' id='word_1_109' title='bbox 1269 1603 1322 1630; x_wconf 87' lang='lat' dir='ltr'><em>ac</em></span> <span class='ocrx_word' id='word_1_110' title='bbox 1336 1587 1600 1644; x_wconf 86' lang='lat' dir='ltr'><em>reipublicae,</em></span> <span class='ocrx_word' id='word_1_111' title='bbox 1617 1602 1687 1630; x_wconf 89' lang='lat' dir='ltr'><em>ve-</em></span> 
     </span>
     <span class='ocr_line' id='line_1_20' title="bbox 133 1644 1690 1703; baseline -0.005 -9"><span class='ocrx_word' id='word_1_112' title='bbox 133 1652 227 1694; x_wconf 77' lang='lat' dir='ltr'><em>rum</em></span> <span class='ocrx_word' id='word_1_113' title='bbox 240 1650 369 1693; x_wconf 84' lang='lat' dir='ltr'><em>etiam</em></span> <span class='ocrx_word' id='word_1_114' title='bbox 381 1648 437 1702; x_wconf 87' lang='lat' dir='ltr'><em>(si</em></span> <span class='ocrx_word' id='word_1_115' title='bbox 452 1648 497 1689; x_wconf 88' lang='lat' dir='ltr'><em>id</em></span> <span class='ocrx_word' id='word_1_116' title='bbox 514 1646 739 1703; x_wconf 86' lang='lat' dir='ltr'><em>depulsum</em></span> <span class='ocrx_word' id='word_1_117' title='bbox 755 1645 828 1698; x_wconf 85' lang='lat' dir='ltr'><em>sit)</em></span> <span class='ocrx_word' id='word_1_118' title='bbox 841 1645 894 1688; x_wconf 89' lang='lat' dir='ltr'><em>de</em></span> <span class='ocrx_word' id='word_1_119' title='bbox 909 1659 1021 1696; x_wconf 74' lang='lat' dir='ltr'><em>meo,</em></span> <span class='ocrx_word' id='word_1_120' title='bbox 1038 1645 1230 1702; x_wconf 86' lang='lat' dir='ltr'><em>periculo</em></span> <span class='ocrx_word' id='word_1_121' title='bbox 1243 1660 1338 1687; x_wconf 84' lang='lat' dir='ltr'><em>esse</em></span> <span class='ocrx_word' id='word_1_122' title='bbox 1351 1644 1576 1687; x_wconf 81' lang='lat' dir='ltr'><em>sollicitos.</em></span> <span class='ocrx_word' id='word_1_123' title='bbox 1607 1645 1690 1687; x_wconf 78' lang='lat' dir='ltr'><em>Est</em></span> 
     </span>
     <span class='ocr_line' id='line_1_21' title="bbox 134 1702 1688 1764; baseline -0.005 -14"><span class='ocrx_word' id='word_1_124' title='bbox 134 1708 241 1750; x_wconf 85' lang='lat' dir='ltr'><em>mihi</em></span> <span class='ocrx_word' id='word_1_125' title='bbox 253 1706 448 1764; x_wconf 87' lang='lat' dir='ltr'><em>jucunda</em></span> <span class='ocrx_word' id='word_1_126' title='bbox 466 1704 512 1745; x_wconf 90' lang='lat' dir='ltr'><em>in</em></span> <span class='ocrx_word' id='word_1_127' title='bbox 531 1703 698 1753; x_wconf 81' lang='lat' dir='ltr'><em>bmalis,</em></span> <span class='ocrx_word' id='word_1_128' title='bbox 720 1708 763 1744; x_wconf 84' lang='lat' dir='ltr'><em>et</em></span> <span class='ocrx_word' id='word_1_129' title='bbox 783 1709 903 1759; x_wconf 83' lang='lat' dir='ltr'><em>grata</em></span> <span class='ocrx_word' id='word_1_130' title='bbox 922 1702 966 1742; x_wconf 88' lang='lat' dir='ltr'><em>in</em></span> <span class='ocrx_word' id='word_1_131' title='bbox 987 1702 1149 1754; x_wconf 79' lang='lat' dir='ltr'><em>dolore,</em></span> <span class='ocrx_word' id='word_1_132' title='bbox 1169 1708 1311 1744; x_wconf 83' lang='lat' dir='ltr'><em>vestra</em></span> <span class='ocrx_word' id='word_1_133' title='bbox 1330 1716 1432 1758; x_wconf 84' lang='lat' dir='ltr'><em>erga</em></span> <span class='ocrx_word' id='word_1_134' title='bbox 1455 1716 1523 1743; x_wconf 89' lang='lat' dir='ltr'><em>me</em></span> <span class='ocrx_word' id='word_1_135' title='bbox 1538 1702 1688 1744; x_wconf 90' lang='lat' dir='ltr'><em>volun-</em></span> 
     </span>
    </p>

    <p class='ocr_par' dir='ltr' id='par_1_10' title="bbox 89 1758 1687 2042">
     <span class='ocr_line' id='line_1_22' title="bbox 89 1758 1687 1817; baseline -0.006 -9"><span class='ocrx_word' id='word_1_136' title='bbox 89 1775 117 1814; x_wconf 89' lang='lat'><strong><em>5</em></strong></span> <span class='ocrx_word' id='word_1_137' title='bbox 134 1772 199 1807; x_wconf 83' lang='lat' dir='ltr'><em>tas</em></span> <span class='ocrx_word' id='word_1_138' title='bbox 215 1782 224 1806; x_wconf 80' lang='lat' dir='ltr'><strong><em>z</em></strong></span> <span class='ocrx_word' id='word_1_139' title='bbox 257 1764 333 1806; x_wconf 84' lang='lat' dir='ltr'><em>sed</em></span> <span class='ocrx_word' id='word_1_140' title='bbox 349 1777 441 1805; x_wconf 88' lang='lat' dir='ltr'><em>eam</em></span> <span class='ocrx_word' id='word_1_141' title='bbox 454 1765 547 1817; x_wconf 86' lang='lat' dir='ltr'><em>(per</em></span> <span class='ocrx_word' id='word_1_142' title='bbox 560 1760 663 1801; x_wconf 86' lang='lat' dir='ltr'><em>deos</em></span> <span class='ocrx_word' id='word_1_143' title='bbox 678 1760 956 1811; x_wconf 85' lang='lat' dir='ltr'><em>immortales,</em></span> <span class='ocrx_word' id='word_1_144' title='bbox 969 1762 1136 1815; x_wconf 85' lang='lat' dir='ltr'><em>quaeso)</em></span> <span class='ocrx_word' id='word_1_145' title='bbox 1149 1758 1374 1816; x_wconf 85' lang='lat' dir='ltr'><em>deponite3</em></span> <span class='ocrx_word' id='word_1_146' title='bbox 1407 1765 1550 1815; x_wconf 81' lang='lat' dir='ltr'><em>atque,</em></span> <span class='ocrx_word' id='word_1_147' title='bbox 1565 1759 1687 1800; x_wconf 82' lang='lat' dir='ltr'><em>obliti</em></span> 
     </span>
     <span class='ocr_line' id='line_1_23' title="bbox 134 1815 1685 1873; baseline -0.005 -9"><span class='ocrx_word' id='word_1_148' title='bbox 134 1821 286 1864; x_wconf 85' lang='lat' dir='ltr'><em>salutis</em></span> <span class='ocrx_word' id='word_1_149' title='bbox 299 1835 421 1871; x_wconf 83' lang='lat' dir='ltr'><em>meae,</em></span> <span class='ocrx_word' id='word_1_150' title='bbox 432 1819 485 1859; x_wconf 92' lang='lat' dir='ltr'><em>de</em></span> <span class='ocrx_word' id='word_1_151' title='bbox 498 1817 619 1859; x_wconf 84' lang='lat' dir='ltr'><em>vobis</em></span> <span class='ocrx_word' id='word_1_152' title='bbox 634 1831 685 1858; x_wconf 84' lang='lat' dir='ltr'><em>ac</em></span> <span class='ocrx_word' id='word_1_153' title='bbox 702 1817 754 1857; x_wconf 93' lang='lat' dir='ltr'><em>de</em></span> <span class='ocrx_word' id='word_1_154' title='bbox 767 1816 912 1858; x_wconf 83' lang='lat' dir='ltr'><em>liberis</em></span> <span class='ocrx_word' id='word_1_155' title='bbox 925 1816 1078 1857; x_wconf 80' lang='lat' dir='ltr'><em>vestris</em></span> <span class='ocrx_word' id='word_1_156' title='bbox 1095 1816 1296 1873; x_wconf 83' lang='lat' dir='ltr'><em>cogitate.</em></span> <span class='ocrx_word' id='word_1_157' title='bbox 1328 1815 1441 1856; x_wconf 90' lang='lat' dir='ltr'><em>Mihi</em></span> <span class='ocrx_word' id='word_1_158' title='bbox 1457 1815 1633 1871; x_wconf 88' lang='lat' dir='ltr'><em>quidem</em></span> <span class='ocrx_word' id='word_1_159' title='bbox 1649 1816 1685 1856; x_wconf 86' lang='lat' dir='ltr'><em>si</em></span> 
     </span>
     <span class='ocr_line' id='line_1_24' title="bbox 132 1872 1686 1924; baseline -0.005 -3"><span class='ocrx_word' id='word_1_160' title='bbox 132 1880 227 1920; x_wconf 82' lang='lat' dir='ltr'><em>haec</em></span> <span class='ocrx_word' id='word_1_161' title='bbox 244 1876 432 1920; x_wconf 81' lang='lat' dir='ltr'><em>conditio</em></span> <span class='ocrx_word' id='word_1_162' title='bbox 451 1874 700 1917; x_wconf 71' lang='lat' dir='ltr'><em>consulatus</em></span> <span class='ocrx_word' id='word_1_163' title='bbox 718 1873 819 1914; x_wconf 80' lang='lat' dir='ltr'><em>data</em></span> <span class='ocrx_word' id='word_1_164' title='bbox 834 1880 914 1924; x_wconf 84' lang='lat' dir='ltr'><em>est,</em></span> <span class='ocrx_word' id='word_1_165' title='bbox 930 1879 978 1913; x_wconf 86' lang='lat' dir='ltr'><em>ut</em></span> <span class='ocrx_word' id='word_1_166' title='bbox 995 1886 1142 1914; x_wconf 87' lang='lat' dir='ltr'><em>omnes</em></span> <span class='ocrx_word' id='word_1_167' title='bbox 1160 1872 1431 1924; x_wconf 80' lang='lat' dir='ltr'><em>acerbitates,</em></span> <span class='ocrx_word' id='word_1_168' title='bbox 1447 1886 1595 1914; x_wconf 89' lang='lat' dir='ltr'><em>omnes</em></span> <span class='ocrx_word' id='word_1_169' title='bbox 1609 1873 1686 1914; x_wconf 91' lang='lat' dir='ltr'><em>do-</em></span> 
     </span>
     <span class='ocr_line' id='line_1_25' title="bbox 132 1928 1684 1988; baseline -0.005 -10"><span class='ocrx_word' id='word_1_170' title='bbox 132 1938 244 1977; x_wconf 82' lang='lat' dir='ltr'><em>lores</em></span> <span class='ocrx_word' id='word_1_171' title='bbox 264 1933 562 1988; x_wconf 77' lang='lat' dir='ltr'><em>cruciatusque</em></span> <span class='ocrx_word' id='word_1_172' title='bbox 578 1930 804 1987; x_wconf 83' lang='lat' dir='ltr'><em>perferrem</em></span> <span class='ocrx_word' id='word_1_173' title='bbox 819 1945 830 1980; x_wconf 79' lang='lat'>3</span> <span class='ocrx_word' id='word_1_174' title='bbox 861 1930 1007 1980; x_wconf 86' lang='lat' dir='ltr'><em>feram,</em></span> <span class='ocrx_word' id='word_1_175' title='bbox 1020 1943 1105 1970; x_wconf 91' lang='lat' dir='ltr'><em>non</em></span> <span class='ocrx_word' id='word_1_176' title='bbox 1119 1929 1255 1971; x_wconf 73' lang='lat' dir='ltr'><em>solum</em></span> <span class='ocrx_word' id='word_1_177' title='bbox 1270 1928 1449 1980; x_wconf 80' lang='lat' dir='ltr'><em>fortiter,</em></span> <span class='ocrx_word' id='word_1_178' title='bbox 1462 1929 1539 1970; x_wconf 81' lang='lat' dir='ltr'><em>sed</em></span> <span class='ocrx_word' id='word_1_179' title='bbox 1556 1929 1684 1971; x_wconf 85' lang='lat' dir='ltr'><em>etiam</em></span> 
     </span>
     <span class='ocr_line' id='line_1_26' title="bbox 130 1985 1683 2042; baseline -0.005 -8"><span class='ocrx_word' id='word_1_180' title='bbox 130 1993 327 2040; x_wconf 82' lang='lat' dir='ltr'><em>libenter,</em></span> <span class='ocrx_word' id='word_1_181' title='bbox 344 1989 590 2038; x_wconf 73' lang='lat' dir='ltr'><em>dummodo,</em></span> <span class='ocrx_word' id='word_1_182' title='bbox 604 1987 710 2032; x_wconf 85' lang='lat' dir='ltr'><em>meis</em></span> <span class='ocrx_word' id='word_1_183' title='bbox 726 1985 960 2037; x_wconf 80' lang='lat' dir='ltr'><em>laboribus,</em></span> <span class='ocrx_word' id='word_1_184' title='bbox 971 1986 1094 2027; x_wconf 84' lang='lat' dir='ltr'><em>vobis</em></span> <span class='ocrx_word' id='word_1_185' title='bbox 1110 1987 1355 2041; x_wconf 87' lang='lat' dir='ltr'><em>populoque</em></span> <span class='ocrx_word' id='word_1_186' title='bbox 1372 1985 1570 2027; x_wconf 86' lang='lat' dir='ltr'><em>Romano</em></span> <span class='ocrx_word' id='word_1_187' title='bbox 1591 1986 1683 2042; x_wconf 84' lang='lat' dir='ltr'><em>dig-</em></span> 
     </span>
    </p>

    <p class='ocr_par' dir='ltr' id='par_1_11' title="bbox 63 2041 1685 2162">
     <span class='ocr_line' id='line_1_27' title="bbox 63 2041 1685 2103; baseline -0.005 -11"><span class='ocrx_word' id='word_1_188' title='bbox 63 2057 115 2100; x_wconf 91' lang='lat'><em>10</em></span> <span class='ocrx_word' id='word_1_189' title='bbox 133 2050 244 2092; x_wconf 83' lang='lat' dir='ltr'><em>nitas</em></span> <span class='ocrx_word' id='word_1_190' title='bbox 266 2048 465 2103; x_wconf 84' lang='lat' dir='ltr'><em>salusque</em></span> <span class='ocrx_word' id='word_1_191' title='bbox 486 2044 687 2100; x_wconf 85' lang='lat' dir='ltr'><em>pariatur.</em></span> <span class='ocrx_word' id='word_1_192' title='bbox 745 2042 843 2098; x_wconf 83' lang='lat' dir='ltr'><em>Ego</em></span> <span class='ocrx_word' id='word_1_193' title='bbox 875 2057 970 2083; x_wconf 87' lang='lat' dir='ltr'><em>sum</em></span> <span class='ocrx_word' id='word_1_194' title='bbox 998 2041 1068 2083; x_wconf 86' lang='lat' dir='ltr'><em>ille</em></span> <span class='ocrx_word' id='word_1_195' title='bbox 1090 2043 1256 2094; x_wconf 83' lang='lat' dir='ltr'><em>consul,</em></span> <span class='ocrx_word' id='word_1_196' title='bbox 1279 2042 1329 2082; x_wconf 92' lang='lat' dir='ltr'><em>P.</em></span> <span class='ocrx_word' id='word_1_197' title='bbox 1351 2041 1399 2082; x_wconf 86' lang='lat' dir='ltr'><em>C.</em></span> <span class='ocrx_word' id='word_1_198' title='bbox 1423 2042 1492 2083; x_wconf 89' lang='lat' dir='ltr'><em>cui</em></span> <span class='ocrx_word' id='word_1_199' title='bbox 1513 2057 1599 2084; x_wconf 91' lang='lat' dir='ltr'><em>non</em></span> <span class='ocrx_word' id='word_1_200' title='bbox 1620 2043 1685 2084; x_wconf 84' lang='lat' dir='ltr'><em>fo-</em></span> 
     </span>
     <span class='ocr_line' id='line_1_28' title="bbox 132 2098 1682 2162; baseline -0.005 -13"><span class='ocrx_word' id='word_1_201' title='bbox 132 2121 239 2157; x_wconf 85' lang='lat' dir='ltr'><em>rum,</em></span> <span class='ocrx_word' id='word_1_202' title='bbox 256 2105 300 2147; x_wconf 86' lang='lat' dir='ltr'><em>in</em></span> <span class='ocrx_word' id='word_1_203' title='bbox 320 2118 406 2162; x_wconf 89' lang='lat' dir='ltr'><em>quo</em></span> <span class='ocrx_word' id='word_1_204' title='bbox 428 2101 566 2144; x_wconf 80' lang='lat' dir='ltr'><em>omnis</em></span> <span class='ocrx_word' id='word_1_205' title='bbox 583 2099 762 2158; x_wconf 82' lang='lat' dir='ltr'><em>aequitas</em></span> <span class='ocrx_word' id='word_1_206' title='bbox 779 2099 1042 2152; x_wconf 81' lang='lat' dir='ltr'><em>continetur3</em></span> <span class='ocrx_word' id='word_1_207' title='bbox 1062 2112 1149 2143; x_wconf 85' lang='lat' dir='ltr'><em>non</em></span> <span class='ocrx_word' id='word_1_208' title='bbox 1166 2098 1370 2156; x_wconf 85' lang='lat' dir='ltr'><em>Campus,</em></span> <span class='ocrx_word' id='word_1_209' title='bbox 1385 2099 1682 2142; x_wconf 81' lang='lat' dir='ltr'><em>consularibus</em></span> 
     </span>
    </p>
   </div>
   <div class='ocr_carea' id='block_1_10' title="bbox 700 2273 1130 2304">
    <p class='ocr_par' dir='ltr' id='par_1_12' title="bbox 700 2273 1130 2304">
     <span class='ocr_line' id='line_1_29' title="bbox 700 2273 1130 2304; baseline 0 -1"><span class='ocrx_word' id='word_1_210' title='bbox 700 2273 1130 2304; x_wconf 86' lang='lat' dir='ltr'><strong>INTERPRETATIO.</strong></span> 
     </span>
    </p>
   </div>
   <div class='ocr_carea' id='block_1_11' title="bbox 577 2385 1230 2519">
    <p class='ocr_par' dir='ltr' id='par_1_13' title="bbox 577 2385 1230 2519">
     <span class='ocr_line' id='line_1_30' title="bbox 577 2385 1230 2440; baseline -0.003 -12"><span class='ocrx_word' id='word_1_211' title='bbox 577 2387 760 2428; x_wconf 61' lang='lat' dir='ltr'><em>avuttus.</em></span> <span class='ocrx_word' id='word_1_212' title='bbox 989 2385 1230 2440; x_wconf 72' lang='lat' dir='ltr'><em>bpericulis.</em></span> 
     </span>
     <span class='ocr_line' id='line_1_31' title="bbox 835 2484 986 2519; baseline 0.013 -2"><span class='ocrx_word' id='word_1_213' title='bbox 835 2484 869 2517; x_wconf 93' lang='lat' dir='ltr'>N</span> <span class='ocrx_word' id='word_1_214' title='bbox 872 2484 986 2519; x_wconf 87' lang='lat' dir='ltr'><strong>OTAE.</strong></span> 
     </span>
    </p>
   </div>
   <div class='ocr_carea' id='block_1_12' title="bbox 171 2571 1681 2616">
    <p class='ocr_par' dir='ltr' id='par_1_14' title="bbox 171 2571 1681 2616">
     <span class='ocr_line' id='line_1_32' title="bbox 171 2571 1681 2616; baseline -0.004 -7"><span class='ocrx_word' id='word_1_215' title='bbox 171 2578 204 2609; x_wconf 73' lang='lat'><em>7.</em></span> <span class='ocrx_word' id='word_1_216' title='bbox 227 2576 310 2608; x_wconf 83' lang='lat' dir='ltr'><em>Data</em></span> <span class='ocrx_word' id='word_1_217' title='bbox 329 2574 398 2616; x_wconf 67' lang='lat' dir='ltr'><em>est]</em></span> <span class='ocrx_word' id='word_1_218' title='bbox 445 2573 543 2611; x_wconf 82' lang='lat' dir='ltr'><em>Quasi</em></span> <span class='ocrx_word' id='word_1_219' title='bbox 557 2573 620 2604; x_wconf 88' lang='lat' dir='ltr'><em>fato</em></span> <span class='ocrx_word' id='word_1_220' title='bbox 636 2577 668 2604; x_wconf 87' lang='lat' dir='ltr'><em>et</em></span> <span class='ocrx_word' id='word_1_221' title='bbox 684 2573 812 2604; x_wconf 86' lang='lat' dir='ltr'><em>deorum</em></span> <span class='ocrx_word' id='word_1_222' title='bbox 828 2572 884 2603; x_wconf 86' lang='lat' dir='ltr'><em>de·</em></span> <span class='ocrx_word' id='word_1_223' title='bbox 921 2571 1041 2614; x_wconf 85' lang='lat' dir='ltr'><em>judicia</em></span> <span class='ocrx_word' id='word_1_224' title='bbox 1070 2572 1303 2611; x_wconf 79' lang='lat' dir='ltr'><em>exercebantur,</em></span> <span class='ocrx_word' id='word_1_225' title='bbox 1330 2571 1385 2603; x_wconf 84' lang='lat' dir='ltr'><em>ubi</em></span> <span class='ocrx_word' id='word_1_226' title='bbox 1420 2581 1549 2613; x_wconf 81' lang='lat' dir='ltr'><em>regnare</em></span> <span class='ocrx_word' id='word_1_227' title='bbox 1585 2572 1681 2604; x_wconf 82' lang='lat' dir='ltr'><em>debet</em></span> 
     </span>
    </p>
   </div>
   <div class='ocr_carea' id='block_1_13' title="bbox 127 2616 1681 2705">
    <p class='ocr_par' dir='ltr' id='par_1_15' title="bbox 127 2616 1681 2705">
     <span class='ocr_line' id='line_1_33' title="bbox 127 2616 1066 2658; baseline -0.009 -5"><span class='ocrx_word' id='word_1_228' title='bbox 127 2627 224 2658; x_wconf 89' lang='lat' dir='ltr'><em>creto,</em></span> <span class='ocrx_word' id='word_1_229' title='bbox 238 2622 346 2651; x_wconf 90' lang='lat' dir='ltr'><em>datum</em></span> <span class='ocrx_word' id='word_1_230' title='bbox 369 2618 428 2649; x_wconf 85' lang='lat' dir='ltr'><em>sibi</em></span> <span class='ocrx_word' id='word_1_231' title='bbox 450 2629 517 2649; x_wconf 87' lang='lat' dir='ltr'><em>esse</em></span> <span class='ocrx_word' id='word_1_232' title='bbox 539 2617 732 2648; x_wconf 84' lang='lat' dir='ltr'><em>consulatum</em></span> <span class='ocrx_word' id='word_1_233' title='bbox 748 2616 835 2653; x_wconf 89' lang='lat' dir='ltr'><em>dicit,</em></span> <span class='ocrx_word' id='word_1_234' title='bbox 849 2621 884 2647; x_wconf 90' lang='lat' dir='ltr'><em>ut</em></span> <span class='ocrx_word' id='word_1_235' title='bbox 927 2616 1066 2657; x_wconf 86' lang='lat' dir='ltr'><em>aequitas.</em></span> 
     </span>
     <span class='ocr_line' id='line_1_34' title="bbox 128 2657 1681 2705; baseline -0.003 -10"><span class='ocrx_word' id='word_1_236' title='bbox 128 2665 225 2697; x_wconf 84' lang='lat' dir='ltr'><em>multa</em></span> <span class='ocrx_word' id='word_1_237' title='bbox 240 2664 383 2705; x_wconf 83' lang='lat' dir='ltr'><em>perferat.</em></span> <span class='ocrx_word' id='word_1_238' title='bbox 968 2659 1018 2690; x_wconf 90' lang='lat' dir='ltr'><em>Ib.</em></span> <span class='ocrx_word' id='word_1_239' title='bbox 1044 2657 1113 2689; x_wconf 79' lang='lat' dir='ltr'><em>Non</em></span> <span class='ocrx_word' id='word_1_240' title='bbox 1137 2658 1287 2700; x_wconf 59' lang='lat' dir='ltr'><em>Campus]</em></span> <span class='ocrx_word' id='word_1_241' title='bbox 1339 2658 1378 2689; x_wconf 88' lang='lat' dir='ltr'><em>In</em></span> <span class='ocrx_word' id='word_1_242' title='bbox 1402 2658 1524 2700; x_wconf 86' lang='lat' dir='ltr'><em>Campo</em></span> <span class='ocrx_word' id='word_1_243' title='bbox 1549 2658 1681 2696; x_wconf 86' lang='lat' dir='ltr'><em>Martio,</em></span> 
     </span>
    </p>
   </div>
   <div class='ocr_carea' id='block_1_14' title="bbox 127 2701 1679 2795">
    <p class='ocr_par' dir='ltr' id='par_1_16' title="bbox 127 2701 1679 2795">
     <span class='ocr_line' id='line_1_35' title="bbox 173 2701 1679 2748; baseline -0.003 -10"><span class='ocrx_word' id='word_1_244' title='bbox 173 2711 224 2739; x_wconf 89' lang='lat'><em>10.</em></span> <span class='ocrx_word' id='word_1_245' title='bbox 248 2706 316 2737; x_wconf 84' lang='lat' dir='ltr'><em>Non</em></span> <span class='ocrx_word' id='word_1_246' title='bbox 317 2705 453 2748; x_wconf 79' lang='lat' dir='ltr'><em>forum]</em></span> <span class='ocrx_word' id='word_1_247' title='bbox 497 2703 537 2734; x_wconf 91' lang='lat' dir='ltr'><em>In</em></span> <span class='ocrx_word' id='word_1_248' title='bbox 549 2703 615 2734; x_wconf 79' lang='lat' dir='ltr'><em>soro</em></span> <span class='ocrx_word' id='word_1_249' title='bbox 630 2707 767 2734; x_wconf 83' lang='lat' dir='ltr'><em>creatum</em></span> <span class='ocrx_word' id='word_1_250' title='bbox 790 2707 837 2734; x_wconf 87' lang='lat' dir='ltr'><em>est</em></span> <span class='ocrx_word' id='word_1_251' title='bbox 851 2702 881 2734; x_wconf 87' lang='lat' dir='ltr'><em>ei</em></span> <span class='ocrx_word' id='word_1_252' title='bbox 924 2702 1056 2744; x_wconf 73' lang='lat' dir='ltr'><em>captatis</em></span> <span class='ocrx_word' id='word_1_253' title='bbox 1079 2702 1226 2743; x_wconf 85' lang='lat' dir='ltr'><em>auguriis,</em></span> <span class='ocrx_word' id='word_1_254' title='bbox 1250 2701 1444 2744; x_wconf 85' lang='lat' dir='ltr'><em>magistratus</em></span> <span class='ocrx_word' id='word_1_255' title='bbox 1471 2702 1679 2742; x_wconf 79' lang='lat' dir='ltr'><em>creabantur5</em></span> 
     </span>
     <span class='ocr_line' id='line_1_36' title="bbox 127 2744 1679 2795; baseline -0.003 -13"><span class='ocrx_word' id='word_1_256' title='bbox 127 2750 299 2795; x_wconf 78' lang='lat' dir='ltr'><em>‘periculum</em></span> <span class='ocrx_word' id='word_1_257' title='bbox 315 2750 333 2780; x_wconf 75' lang='grc' dir='ltr'>ᾱ</span> <span class='ocrx_word' id='word_1_258' title='bbox 348 2747 495 2780; x_wconf 68' lang='lat' dir='ltr'><em>Catilina.</em></span> <span class='ocrx_word' id='word_1_259' title='bbox 923 2757 996 2777; x_wconf 86' lang='lat' dir='ltr'><em>nam</em></span> <span class='ocrx_word' id='word_1_260' title='bbox 1020 2747 1081 2777; x_wconf 85' lang='lat' dir='ltr'><em>huc</em></span> <span class='ocrx_word' id='word_1_261' title='bbox 1103 2756 1138 2776; x_wconf 87' lang='lat' dir='ltr'><em>se</em></span> <span class='ocrx_word' id='word_1_262' title='bbox 1160 2745 1298 2777; x_wconf 88' lang='lat' dir='ltr'><em>conferre</em></span> <span class='ocrx_word' id='word_1_263' title='bbox 1319 2745 1427 2777; x_wconf 74' lang='lat' dir='ltr'><em>debuit</em></span> <span class='ocrx_word' id='word_1_264' title='bbox 1448 2744 1545 2780; x_wconf 67' lang='lat' dir='ltr'><em>lorica</em></span> <span class='ocrx_word' id='word_1_265' title='bbox 1566 2750 1679 2785; x_wconf 78' lang='lat' dir='ltr'><em>tectus,</em></span> 
     </span>
    </p>
   </div>
   <div class='ocr_carea' id='block_1_15' title="bbox 131 2788 1446 2834">
    <p class='ocr_par' dir='ltr' id='par_1_17' title="bbox 131 2788 1446 2834">
     <span class='ocr_line' id='line_1_37' title="bbox 131 2788 1446 2834; baseline -0.002 -8"><span class='ocrx_word' id='word_1_266' title='bbox 131 2816 136 2819; x_wconf 94' lang='lat'>-</span> <span class='ocrx_word' id='word_1_267' title='bbox 170 2797 225 2828; x_wconf 82' lang='lat'><em>11.</em></span> <span class='ocrx_word' id='word_1_268' title='bbox 251 2793 378 2834; x_wconf 68' lang='lat' dir='ltr'><em>‚In-quo</em></span> <span class='ocrx_word' id='word_1_269' title='bbox 412 2792 521 2825; x_wconf 71' lang='lat' dir='ltr'><em>annis.</em></span> <span class='ocrx_word' id='word_1_270' title='bbox 536 2789 684 2833; x_wconf 67' lang='lat' dir='ltr'><em>oeqwitas]</em></span> <span class='ocrx_word' id='word_1_271' title='bbox 739 2788 779 2823; x_wconf 86' lang='lat' dir='ltr'><em>In</em></span> <span class='ocrx_word' id='word_1_272' title='bbox 814 2788 881 2822; x_wconf 78' lang='lat' dir='ltr'><em>foro</em></span> <span class='ocrx_word' id='word_1_273' title='bbox 922 2789 969 2824; x_wconf 84' lang='lat' dir='ltr'><em>uti</em></span> <span class='ocrx_word' id='word_1_274' title='bbox 983 2789 1086 2833; x_wconf 80' lang='lat' dir='ltr'><em>priore</em></span> <span class='ocrx_word' id='word_1_275' title='bbox 1099 2789 1238 2824; x_wconf 75' lang='lat' dir='ltr'><em>oratione</em></span> <span class='ocrx_word' id='word_1_276' title='bbox 1251 2789 1370 2824; x_wconf 80' lang='lat' dir='ltr'><em>dictum</em></span> <span class='ocrx_word' id='word_1_277' title='bbox 1385 2793 1446 2823; x_wconf 62' lang='lat' dir='ltr'><em>este</em></span> 
     </span>
    </p>
   </div>
  </div>
 </body>
</html>
