1790 3090
84 162 173 205 ‘266
797 165 851 198 IN
876 165 1092 198 PisoNEM.

165 235 309 292 potius
340 252 434 280 esse
467 238 740 293 conjunctus,
759 238 890 295 quam
910 255 1008 281 cum
1028 238 1197 295 probro,
1220 244 1461 295 putaretur:
1493 245 1621 294 atque
1652 240 1722 283 ille

167 292 292 335 dolor
313 310 432 336 meus
454 296 676 345 duntaxat,
694 303 883 336 vestrum
903 296 1077 352 quidem
1099 296 1239 337 scelus
1257 311 1307 337 ac
1328 295 1532 345 dedecus,
1549 297 1723 338 habere-

168 355 249 392 tur.
310 351 420 391 Cum
441 350 538 391 vero
557 351 751 405 (forsitan
768 352 865 400 hoc,
885 354 1001 408 quod
1024 352 1214 393 dicturus
1235 367 1343 402 sum,
1361 352 1552 392 mirabile
1575 353 1723 394 auditu

94 407 153 450 20
173 421 265 448 esse
286 407 505 459 videatur3
538 408 613 448 sed
636 407 750 448 certe
773 408 816 449 id
839 409 993 459 dicam,
1016 409 1132 464 quod
1159 408 1316 458 sentio)
1338 409 1436 449 curn
1456 408 1586 450 tantis
1609 408 1634 449 a
1653 423 1725 450 vo-

170 463 252 514 bis,
276 463 325 504 P.
343 463 393 504 C.
415 463 637 504 beneficiis
659 463 840 505 affectus
862 465 957 516 sim,
977 465 1108 505 tantis
1128 464 1387 515 honoribus3
1419 478 1505 505 non
1527 464 1655 505 modo
1674 464 1727 505 il-

169 519 255 559 lam
273 519 559 560 calamitatem
577 535 671 561 esse
684 535 771 561 non
788 521 899 562 duco
916 537 926 570 3
958 521 1048 570 sed,
1064 520 1099 561 si
1114 521 1217 576 quid
1235 521 1336 561 mihi
1356 527 1498 576 potest
1512 520 1537 561 a
1555 520 1726 576 Repub.

169 589 264 616 esse
278 576 519 631 sejunctum
530 577 665 632 (quod
681 576 748 617 vix
764 577 946 632 potest);
964 577 1174 632 privatim,
1184 577 1236 617 ad
1252 591 1391 617 meum
1401 591 1554 617 nomen
1570 591 1729 633 augen-

169 631 287 683 dum,
308 633 541 688 optandam
562 634 673 673 duco
695 633 798 673 mihi
819 633 950 673 fuisse
973 634 1091 674 illam
1112 633 1480 689 expetendamque
1500 633 1727 675 fortunam.

92 690 150 733 25
170 689 330 744 Atque,
350 697 396 730 ut
418 697 539 730 tuum
559 689 826 730 laetissimum
848 690 960 730 diem
982 705 1080 730 cum
1110 690 1355 730 tristissimo
1377 703 1472 730 meo
1495 690 1725 740 conferam,

168 751 310 785 utrum
331 747 504 787 tandem
539 746 653 788 bono
675 747 761 788 viro
783 753 825 786 et
844 746 1026 801 sapienti
1059 747 1287 801 optabilius
1320 753 1460 801 putas,
1483 746 1547 785 sic
1568 746 1681 786 exire
1702 746 1725 788 ὲ

166 801 322 856 Ρειῑϊίἲῑ,
345 811 392 843 ut
414 817 561 843 omnes
592 803 656 843 sui
687 803 801 844 cives
837 803 1032 852 salutem,
1054 803 1409 853 incolumitatem,
1430 802 1613 843 reditum
1633 817 1727 857 pre-

168 865 332 909 centur,
353 860 468 914 quod
503 859 607 899 mihi
636 859 817 908 accidit3
850 874 918 909 an,
940 859 1056 914 quod
1078 859 1156 899 tibi
1189 858 1479 915 proficiscenti
1503 858 1658 909 evenit,
1679 865 1728 899 ut

168 927 316 954 omnes
349 922 685 966 exsecrarentur,
708 915 818 955 male
851 922 1138 970 precarentur,
1160 930 1288 955 unam
1309 915 1388 955 tibi
1410 915 1527 956 illam
1548 914 1661 955 viam
1683 922 1726 955 et

91 971 148 1014 30
168 977 415 1026 perpetuam
451 986 545 1011 esse
577 972 764 1011 vellent?
826 971 951 1020 Mihi,
973 971 1307 1025 (mediusfidius)
1329 971 1372 1012 in
1393 978 1513 1013 tanto
1536 971 1726 1012 omnium

165 1027 412 1067 mortalium
448 1027 698 1082 odi0,just0
734 1027 971 1081 praesertim
1004 1036 1046 1066 et
1078 1027 1240 1077 debito,
1263 1027 1422 1082 quaevis
1458 1028 1574 1083 fuga,
1596 1028 1725 1082 quam

165 1083 251 1123 ulla
287 1083 518 1138 provincia,
543 1090 657 1124 esset
695 1083 893 1138 optatior.
957 1082 1042 1123 Sed
1081 1097 1209 1137 perge
1245 1082 1394 1138 porro:
1427 1098 1537 1132 nam,
1560 1083 1596 1123 si
1618 1083 1723 1124 illud

164 1153 309 1180 meum
330 1140 744 1180 turbulentissimum
778 1147 946 1194 tempus
977 1138 1254 1194 profectionis
1277 1145 1350 1179 tuo
1373 1139 1724 1195 tranquillissimo

163 1202 353 1251 praestat,
375 1196 479 1251 quid
512 1196 729 1237 conferam
763 1195 941 1250 reliqua,
964 1194 1121 1250 quaein
1143 1202 1184 1236 te
1221 1195 1444 1236 dedecoris
1477 1196 1604 1251 plena
1636 1195 1725 1236 fue-

88 1254 146 1297 35
165 1259 276 1303 runt,
296 1252 340 1292 in
360 1267 427 1293 me
448 1252 700 1308 dignitatis?
762 1252 837 1292 Me
861 1251 1065 1291 Calendis
1086 1250 1255 1292 Januar.
1277 1250 1350 1307 qui
1383 1251 1488 1302 dies,
1513 1257 1612 1307 post
1633 1251 1725 1292 obi-

162 1316 255 1350 tum
289 1323 575 1365 occasumque
616 1314 824 1359 nostrum,
860 1307 1107 1363 reipublicae
1140 1307 1301 1362 primus
1338 1307 1495 1356 illuxit,
1527 1307 1727 1362 frequen-

163 1365 353 1406 tissimus
373 1372 562 1417 senatus,
585 1380 799 1407 concursu
821 1364 968 1413 Italiae,
990 1363 1197 1404 referente
1229 1363 1467 1405 clarissimo
1489 1371 1619 1420 atque
1640 1364 1725 1405 sor-

162 1422 330 1463 tissimo
352 1422 440 1463 viro
464 1422 514 1464 P.
535 1422 731 1473 Lentulo,
755 1421 1050 1463 consentiente
1072 1420 1233 1475 populo
1254 1419 1466 1472 Romano,
1488 1427 1615 1476 atque
1637 1419 1726 1461 una

162 1492 284 1530 voce,
306 1479 534 1520 revocavit.
595 1479 671 1520 Me
693 1478 808 1519 idem
828 1484 1003 1519 senatus
1026 1476 1182 1517 exteris
1204 1475 1464 1528 nationibus,
1479 1491 1548 1518 me
1568 1476 1723 1532 legatis

86 1538 144 1580 40
164 1535 571 1591 magistratibusque
612 1535 786 1583 nostris,
816 1533 1071 1575 auctoritate
1109 1532 1202 1582 sua,
1235 1533 1531 1574 consularibus
1572 1533 1721 1583 literis,

161 1606 251 1632 non
273 1595 339 1646 (ut
358 1598 403 1633 tu
423 1591 597 1647 insuper
633 1592 775 1632 dicere
814 1605 943 1631 ausus
976 1589 1040 1640 es)
1074 1589 1268 1630 orbatum
1300 1589 1451 1644 patria,
1474 1589 1550 1630 sed
1571 1593 1637 1641 (ut
1658 1604 1723 1630 se-

160 1655 288 1688 natus
311 1648 384 1689 illo
420 1648 514 1703 ipso
547 1655 739 1703 tempore
768 1646 1018 1702 appellavit)
1040 1645 1178 1686 civem
1214 1652 1557 1687 conservatorem
1583 1645 1721 1700 reipu-

159 1704 300 1755 blicae,
324 1704 654 1745 commendavit.
716 1705 786 1744 Ad
809 1718 945 1744 meam
968 1701 1092 1742 unius
1113 1701 1309 1752 salutem,
1324 1709 1497 1743 senatus
1517 1701 1722 1742 auxilium

161 1760 352 1802 omnium
403 1761 560 1802 civium
600 1760 758 1801 cuncta
797 1774 848 1800 ex
892 1758 1034 1809 ltalia,
1056 1758 1129 1813 qui
1169 1757 1382 1814 Rempub.
1423 1759 1586 1799 salvam
1624 1772 1720 1799 esse

84 1821 140 1861 45
159 1818 334 1869 vellent,
375 1818 563 1858 consulis
612 1832 719 1857 voce
768 1823 811 1856 et
849 1815 982 1855 literis
1035 1814 1348 1870 implorandum
1393 1815 1583 1869 putavit:
1635 1813 1718 1854 mei

159 1873 315 1929 capitis
352 1874 548 1915 servandi
577 1875 721 1922 causei,
754 1873 938 1913 Romam
970 1885 1055 1911 uno
1090 1879 1292 1925 tempore,
1313 1871 1434 1926 quasi
1457 1871 1580 1926 signo
1602 1870 1719 1920 dato,

158 1929 286 1970 Italia
307 1937 398 1971 tota
419 1930 633 1971 convenit.
694 1930 761 1969 De
789 1927 885 1968 mest
913 1927 1063 1974 salute,
1086 1926 1136 1967 P.
1160 1927 1343 1977 Lentuli,
1375 1926 1717 1982 praestantissimi

156 1986 236 2027 viri
259 1994 386 2042 atque
420 1986 571 2042 optimi
603 1985 810 2034 consulis,
834 1985 914 2024 Cn.
938 1983 1149 2038 Pompeii,
1172 1983 1394 2023 clarissimi
1429 1990 1557 2038 atque
1584 1982 1718 2023 invic-

156 2043 313 2083 tissimi
350 2044 472 2094 civis,
499 2049 835 2097 caeterorumque
871 2039 1113 2095 principum
1140 2038 1340 2090 civitatis,
1375 2038 1655 2080 celeberrimae
1677 2045 1721 2080 et

83 2105 139 2146 50
159 2100 412 2156 gratissimae
454 2099 685 2141 conciones
722 2098 907 2139 suerunt.
987 2095 1054 2136 De
1091 2110 1158 2137 me
1199 2102 1373 2136 senatus
1415 2095 1476 2137 ita
1514 2095 1718 2147 decrevit,

200 2331 252 2360 30.
274 2328 504 2369 mediusfidius]
550 2329 634 2360 Vide
662 2329 749 2359 Orat.
767 2338 821 2369 pro
847 2327 911 2357 Mi-
956 2326 1108 2357 Cicerone
1132 2324 1237 2362 refert,
1259 2323 1415 2366 scripsisse
1441 2332 1580 2356 senatum
1606 2329 1638 2354 ut
1663 2334 1716 2354 ex-

155 2370 238 2406 lone,
257 2383 362 2412 parag.
384 2372 458 2402 xvii.
482 2377 545 2402 not.
571 2372 611 2401 ad
634 2372 654 2402 l.
671 2375 698 2403 Ε).
714 2372 754 2401 de
781 2371 818 2400 ea
836 2381 911 2401 voce
957 2376 1029 2399 terae
1056 2369 1197 2399 civitates
1219 2369 1427 2404 laudarentur,
1443 2379 1512 2409 quae
1530 2367 1714 2398 Ciceronem

155 2412 255 2454 plura.
957 2416 1159 2452 exceperant.
1507 2442 1510 2445 ,

200 2458 253 2486 35.
271 2457 404 2486 Calendis
417 2456 506 2497 Jcm.]
543 2457 580 2486 P.
596 2456 759 2494 Lentulus,
771 2456 859 2485 simul
876 2466 912 2485 ac
998 2455 1052 2484 46.
1078 2454 1170 2487 Quasi
1185 2455 1267 2494 signo
1281 2454 1376 2494 data]
1401 2452 1572 2493 Respicere
1589 2453 1713 2482 videtur

157 2499 197 2528 de
209 2499 912 2539 sollennireligioneretulitmihilhumanarum
957 2497 995 2526 ad
1024 2497 1132 2537 populi
1156 2497 1291 2526 Romani
1310 2506 1435 2530 morem,
1451 2495 1551 2535 quiin
1572 2495 1711 2524 maximis

156 2551 254 2571 rerum
272 2542 328 2571 sibi
351 2541 445 2581 prius,
462 2543 554 2582 quam
571 2543 610 2572 dc
633 2542 799 2577 Cicerone,
816 2551 911 2581 agen·
956 2539 1094 2579 Reipub.
1107 2540 1238 2568 motibus
1251 2539 1360 2568 vexilla
1374 2539 1391 2568 ὲ
1403 2537 1558 2577 Capitolio
1576 2537 1712 2576 profere-

156 2584 405 2625 duinjudicavit.
954 2582 1018 2616 bnt,
1035 2592 1163 2622 quorum
1179 2582 1275 2611 altero
1291 2590 1445 2621 purpureo
1462 2581 1596 2620 pedites,
1613 2579 1709 2609 altero

198 2629 248 2658 36.
298 2627 554 2666 Frequentissimus
588 2627 728 2667 senatus]
789 2625 912 2656 Adfue-
955 2625 1088 2654 coeruleo
1106 2624 1238 2664 equites,
1253 2634 1290 2653 ex
1306 2624 1385 2663 agris
1408 2623 1547 2663 locisque
1572 2623 1710 2653 finitimis

154 2676 224 2699 runt
237 2671 267 2700 in
285 2670 443 2710 Capitolio
459 2669 676 2710 quadringenti
691 2677 722 2700 et
738 2670 846 2699 decem
863 2679 910 2699 se·
953 2667 1212 2697 convocabantur.

153 2718 288 2750 naturus,
302 2713 546 2754 quiCiceronein
562 2714 770 2743 revocandum
780 2722 909 2742 censue·
996 2712 1048 2740 47.
1071 2708 1162 2739 Italia
1190 2714 1251 2738 tota
1275 2708 1434 2749 convenit]
1480 2707 1632 2738 Decrevit
1658 2717 1707 2738 se·

151 2762 233 2786 runt.
952 2759 1055 2790 natus,
1070 2758 1104 2781 ut
1119 2752 1168 2787 iis,
1190 2752 1243 2792 qui
1271 2762 1309 2781 ex
1333 2751 1399 2781 tota
1422 2751 1514 2781 Italia&
1533 2750 1641 2781 salutis
1655 2749 1705 2780 M.

194 2801 248 2831 39.
281 2798 394 2831 Eateris
418 2797 613 2838 nationibus]
663 2796 846 2830 Plutarchus
876 2797 906 2828 in
951 2795 1047 2828 Tullii
1062 2794 1156 2827 caus&
1172 2799 1390 2831 convenerant,
1407 2793 1511 2835 gratiae
1530 2797 1704 2835 agerentur.
