1858 3095
741 155 830 188 PRO
854 155 1050 189 MILONE.

114 245 212 273 reus
234 236 301 273 est
321 230 424 274 sacti
447 234 522 274 aut
541 230 747 287 praeclari,
768 236 842 273 aut
859 230 975 273 certe
992 229 1255 273 necessarii?
1286 244 1339 273 an
1362 229 1405 272 in
1421 230 1593 283 Clodio,
1609 230 1683 288 qui

115 287 177 330 ita
190 289 361 345 judicia
377 303 634 345 poenamque
652 294 985 345 contempserat,
1002 294 1049 329 ut
1062 303 1158 330 eum
1176 288 1284 330 nihil
1299 288 1548 338 delectaret,
1565 288 1683 345 quod

114 353 190 386 aut
210 361 285 402 per
305 353 501 387 naturam
522 345 587 386 fas
607 353 736 396 esset,
754 353 828 387 ant
848 361 923 401 per
943 346 1062 400 leges
1084 345 1261 387 liceret?

170 402 229 444 X.
261 402 347 444 Sed
370 403 474 458 quid
495 417 575 458 ego
597 402 900 458 argumentor?
931 403 1035 458 quid
1058 403 1180 458 plura
1199 403 1401 459 disputo?
1431 402 1507 455 Te,
1530 403 1585 452 Q.
1600 403 1683 445 Pe-

115 458 212 510 tilli,
232 459 417 515 appello,
436 460 646 515 optimum
663 467 706 500 et
723 459 1001 501 fortissimum
1016 459 1177 511 civem3
1206 466 1265 511 te,
1289 460 1353 502 M.
1373 460 1499 510 Cato,
1520 466 1682 511 testor3

115 531 225 572 quos
258 515 360 557 mihi
383 516 528 557 divina
549 517 745 572 quaedam
767 532 858 558 sors
880 516 1002 558 dedit
1026 517 1212 572 judices.
1273 516 1364 558 Vos
1386 531 1438 558 ex
1461 516 1525 558 M.
1548 516 1683 558 Favo-

114 573 185 613 nio
206 572 404 624 audistis,
423 573 625 615 Clodium
646 573 727 615 sibi
750 573 928 624 dixisse,
949 577 1012 624 (et
1042 572 1236 624 audistis,
1257 573 1355 614 vivo
1377 573 1550 625 Clodio)
1573 573 1684 629 peri-

113 635 256 670 turum
279 629 493 671 Milonem
515 631 670 672 triduo.

113 686 296 728 dixerat.

732 630 841 671 Post
871 630 986 671 diem
1016 629 1188 671 tertium
1217 636 1427 684 gestares
1449 636 1530 681 est,
1552 629 1682 686 quam
1698 625 1726 666 5

356 686 466 728 Cum
497 687 568 729 illc
589 699 676 729 non
697 687 914 728 dubitaret
943 685 1105 741 aperire
1127 685 1229 741 quid
1252 686 1476 743 cogitaret,
1498 700 1576 728 vos
1605 701 1683 743 po-

113 743 239 785 testis
261 743 457 786 dubitare
479 744 583 800 quid
606 744 782 785 feccrit?
815 742 1190 792 Quemadmodum
1211 742 1343 799 igitur
1363 758 1459 785 eum
1481 743 1572 785 dies
1594 758 1683 785 non

114 800 298 842 fefellit?
329 800 418 842 dixi
440 801 641 856 equidem
663 799 806 841 modo.
844 799 1083 840 Dictatoris
1108 799 1316 841 Lanuvini
1337 806 1451 842 stata
1470 799 1684 843 sacrificia

114 857 425 912 nosse‚negotii
444 857 552 898 nihil
574 864 677 899 erat.
693 856 816 898 Vidit
834 871 1012 898 necesse
1027 871 1120 898 esse
1135 855 1292 897 Miloni
1310 857 1527 913 proficisci
1545 857 1683 900 Lanu-

113 913 230 954 vium
263 913 336 955 illo
368 913 478 969 ips0,
495 928 581 970 quo
603 914 820 971 profectus
853 920 933 976 est,
955 913 1049 954 die:
1079 913 1225 977 itaque
1250 914 1504 966 antevertit3
1535 921 1680 972 atquo
1705 908 1757 949 10

58 1018 61 1021 ,
113 969 213 1012 die?
244 985 346 1027 quo,
367 977 415 1012 ut
434 971 536 1012 ante
553 971 656 1021 dixi,
672 970 754 1012 fuit
774 970 1050 1012 insanissima
1067 985 1222 1012 conmo
1240 971 1294 1012 ab
1310 971 1442 1027 ipsius
1464 985 1683 1013 mercena-

113 1027 177 1068 rio
199 1027 370 1069 tribuno
405 1028 543 1083 plebis
581 1028 817 1070 concitata:
850 1042 978 1084 quem
1000 1027 1114 1068 diem
1145 1027 1232 1076 ille,
1254 1043 1384 1084 quam
1413 1028 1681 1080 concionem,

114 1098 224 1141 quos
243 1085 470 1136 clamores,
490 1085 574 1126 nisi
605 1086 658 1127 ad
681 1086 920 1141 cogitatum
939 1084 1107 1126 facinus
1126 1091 1441 1148 approperaret,
1461 1100 1683 1143 nunquam
1725 1094 1727 1096 '

114 1140 376 1198 reliquisset.

117 1255 220 1308 lum,
241 1256 317 1297 sed
337 1256 467 1297 etiam
497 1256 735 1298 necessitas
755 1256 852 1297 fuit.

447 1141 564 1199 Ergo
587 1142 648 1183 illi
668 1157 720 1184 ne
741 1157 873 1184 causa
899 1141 1070 1198 quidem
1092 1141 1271 1193 itmens,
1292 1142 1422 1184 etiam
1442 1157 1574 1185 causa
1591 1157 1683 1185 ma-

113 1198 270 1240 nendi:
304 1198 461 1241 Miloni
493 1199 694 1241 manendi
728 1200 848 1240 nulla
874 1199 1074 1250 facultas,
1106 1199 1292 1242 exeundi
1325 1214 1413 1241 non
1445 1215 1578 1242 causa
1615 1215 1683 1243 so·
1703 1194 1756 1236 15

911 1255 1043 1305 Quid,
1065 1255 1115 1304 si,
1133 1263 1181 1296 ut
1209 1255 1281 1297 ille
1313 1256 1442 1298 scivit
1472 1256 1685 1299 Milonem

114 1312 205 1354 fore
230 1327 281 1354 eo
310 1312 380 1354 die
407 1313 452 1354 in
478 1313 564 1364 via,
593 1313 656 1355 sic
683 1313 887 1354 Clodium
925 1311 1037 1353 Milo
1069 1327 1123 1353 ne
1152 1313 1361 1369 suspicari
1393 1313 1568 1369 quidem
1607 1329 1682 1371 po-

115 1369 226 1411 tuit?
287 1368 493 1422 Primum,
526 1384 685 1426 quaero,
723 1370 796 1426 qui
836 1369 946 1411 scire
981 1368 1195 1424 potuerit:
1233 1369 1351 1426 quod
1384 1385 1460 1411 vos
1490 1370 1607 1412 idem
1638 1371 1685 1412 in

116 1425 274 1468 Clodio
295 1441 485 1483 quaerere
505 1427 819 1490 non-potestis.
879 1426 941 1468 Ut
971 1426 1086 1467 enim
1115 1427 1331 1468 neminem
1362 1427 1508 1476 alium,
1529 1427 1613 1469 nisi
1633 1427 1684 1469 T.

115 1482 332 1535 Patinam‚
353 1484 730 1526 familiarissmium
761 1499 900 1533 suum,
919 1483 1133 1539 rogasset,
1155 1483 1264 1526 scire
1295 1484 1451 1540 potuit,
1481 1485 1556 1526 illo
1587 1484 1682 1541 ipso
1700 1479 1757 1521 20

117 1540 187 1581 die
211 1540 388 1582 Lanuvii
411 1540 436 1582 a
457 1542 668 1583 dictatore
691 1541 857 1583 Milone
878 1541 1001 1597 prodi
1019 1541 1237 1582 flaminem
1257 1556 1435 1583 necesse
1454 1556 1573 1584 esse:
1606 1542 1684 1584 sed

116 1605 238 1638 erant
257 1598 458 1654 permulti
478 1598 566 1649 alii,
584 1613 636 1639 ex
658 1598 814 1654 quibus
836 1598 879 1639 id
899 1596 1103 1639 facillime
1120 1598 1230 1638 scire
1251 1606 1414 1653 posset,
1432 1613 1580 1640 omnes
1602 1599 1685 1640 sci-

114 1653 219 1696 licet
240 1654 460 1696 Lanuvini.

522 1655 634 1696 Milo
656 1657 710 1697 de
730 1655 874 1696 Clodii
894 1654 1034 1696 reditu
1055 1654 1169 1695 unde
1187 1655 1413 1710 quaesivit?
1453 1655 1686 1704 Quaesierit

116 1710 244 1755 sane:
275 1711 434 1766 videte,
456 1712 561 1771 quid
582 1712 705 1755 vobis
736 1712 913 1768 largiar:
947 1726 1115 1754 servum
1135 1711 1263 1753 etiam
1285 1715 1353 1765 (ut
1374 1712 1541 1766 Arrius,
1561 1727 1683 1755 meus

166 1993 219 2023 82.
242 1991 304 2022 Aut
317 1991 481 2033 praeclari]
527 1990 712 2021 Praeclarum
726 2000 793 2021 esse
806 1999 880 2020 con-

121 2034 223 2066 tendit
232 2034 344 2065 Cicero
354 2034 504 2065 Clodium
512 2034 714 2070 interfecisse,
727 2034 801 2074 quia
810 2044 881 2074 per-

123 2077 264 2108 turbator
275 2083 342 2108 erat
357 2077 496 2119 Reipub.

168 2121 218 2152 Ib.
242 2121 304 2151 Aut
327 2120 504 2162 necessarii]
551 2120 688 2152 Coactus
714 2119 772 2150 suit
799 2118 881 2148 Milo

124 2163 272 2196 Clodium
284 2164 470 2200 interficere,
481 2170 514 2194 ut
523 2164 618 2194 vitam
632 2174 718 2194 suam
730 2168 880 2193 tueretur.

168 2207 217 2238 Ib.
243 2207 304 2242 Qui
318 2206 512 2247 itajudicia]
562 2205 643 2238 Cum
659 2211 820 2236 accusatus
835 2210 883 2235 est

123 2250 289 2292 sacrilegii,
304 2250 402 2291 qudd,
417 2250 448 2281 in
465 2250 557 2281 sacris
573 2250 672 2280 Bonae
689 2249 781 2285 Deae,
795 2254 882 2278 veste

123 2293 268 2325 muliebri
276 2292 720 2335 irrepserat,pecu11iajudices
729 2291 882 2332 corrupit3

126 2337 255 2374 deiude,
268 2336 339 2369 cum
354 2338 394 2367 de
411 2337 439 2367 vi
463 2337 480 2366 ’ῑι
505 2336 628 2366 Milone
643 2340 771 2366 vocatus
788 2340 835 2365 est
850 2334 882 2364 in

119 2379 287 2422 judicium,
303 2380 380 2410 illud
398 2380 582 2410 auctoritate
598 2379 777 2409 declinavit.

114 2459 122 2464 ⁵
172 2425 224 2455 84.
249 2423 309 2454 Per
318 2422 520 2465 naturumfas
530 2422 625 2463 esset.]
660 2421 721 2452 Per
731 2431 881 2452 summum

127 2468 217 2498 nefas
231 2477 366 2497 sororem
383 2477 470 2496 suum
487 2465 616 2496 Clodius
631 2464 856 2505 constupravit.

170 2510 221 2540 lb.
246 2509 305 2540 Per
321 2512 394 2551 leges
407 2509 530 2550 liceret]
576 2508 831 2548 Vetabantleges
842 2517 883 2537 ne

125 2553 196 2594 quis
212 2553 257 2583 vir
272 2553 398 2583 adesset
411 2552 470 2583 illis
485 2552 642 2583 sacrificiis
658 2562 726 2592 quae
742 2551 759 2581 ῖι
772 2554 885 2580 matro-

127 2605 175 2625 nis
191 2595 343 2627 Romanis
366 2596 398 2626 in
419 2596 570 2626 honorem
586 2595 684 2625 Bonae
707 2594 786 2625 Deae
801 2593 884 2624 cele-

128 2639 307 2670 brabantur.

174 2685 203 2712 1.
218 2681 273 2711 Sed
291 2681 362 2722 quid
381 2692 432 2723 ego
454 2680 673 2723 argumentor?]
719 2680 790 2711 Jam
816 2690 886 2720 pro-

128 2724 183 2754 bat
199 2723 312 2755 Cicero
322 2725 483 2755 consilium
497 2724 642 2755 habuisse
655 2724 803 2755 Clodium
819 2723 883 2754 Mi-

130 2767 208 2797 lonis
245 2767 464 2803 interficiendi,
493 2768 532 2798 ab
568 2768 666 2809 ipsius
695 2766 884 2798 testimonio.

131 2812 226 2843 Suam
251 2811 333 2842 enini
358 2810 461 2852 palam
486 2811 675 2843 voluntatem
705 2810 886 2843 declaravit.

924 1987 1028 2030 quue
1043 1988 1139 2019 efficit
1154 1992 1219 2018 tum
1243 1987 1282 2018 ab
1297 1987 1566 2026 antecedentibus,
1583 1992 1648 2020 tum
1664 1988 1685 2020 εἴ,

923 2032 1202 2071 consequentibus.

969 2077 1000 2106 5.
1016 2075 1152 2115 Triduo]
1177 2074 1216 2104 Id
1231 2077 1290 2112 est,
1301 2073 1380 2104 intra
1393 2074 1537 2105 triduum.
1563 2072 1609 2105 Ea
1618 2074 1683 2106 fere

927 2118 1030 2148 onmia
1045 2129 1113 2159 quae
1129 2123 1311 2159 sequuntur,
1327 2117 1466 2158 exposita
1481 2117 1599 2148 suntin
1613 2118 1684 2149 nar‘-

923 2161 1053 2192 ratione.
1099 2160 1191 2191 Hanc
1206 2160 1343 2191 consule.

968 2206 1020 2234 11.
1044 2203 1252 2244 Mercenarioq
1297 2203 1512 2234 Mercenarius
1526 2202 1577 2235 hic
1590 2204 1684 2235 sumi-

925 2251 974 2277 tur
996 2258 1052 2289 pro
1075 2258 1113 2277 eo
1129 2247 1183 2286 qui
1206 2246 1340 2287 pecunia
1363 2251 1524 2288 corruptus
1546 2252 1604 2279 est.
1647 2247 1681 2279 Is

927 2295 1030 2320 autem
1047 2290 1106 2320 suit
1121 2289 1257 2326 Quintus
1277 2289 1459 2330 Pompeius,
1474 2289 1529 2331 qui
1550 2300 1613 2331 quo
1628 2291 1682 2322 die

927 2333 1008 2364 Pub.
1026 2333 1156 2364 Clodius
1172 2332 1291 2363 occisus
1306 2338 1364 2369 est,
1379 2332 1587 2364 turbulentam
1607 2344 1683 2364 con-

925 2377 1047 2408 cionem
1071 2376 1190 2413 habuit,
1208 2375 1239 2405 in
1255 2375 1317 2416 qua
1341 2376 1435 2406 multa
1458 2376 1682 2408 contumeliose

925 2425 990 2450 tuni
1000 2424 1107 2451 contra
1117 2418 1358 2459 Milonem,tum
1369 2423 1475 2450 contra
1485 2419 1682 2457 Ciceronem,

927 2463 1015 2494 dixit.

971 2509 1024 2537 19.
1049 2505 1082 2536 Τ.
1100 2505 1267 2547 Patinam]
1313 2505 1442 2536 Patinas
1466 2504 1520 2536 ille
1545 2503 1683 2536 Lanuvi-

927 2560 984 2580 nus
997 2549 1056 2580 fuit
1067 2549 1172 2580 Clodii
1187 2549 1359 2585 familiaris,
1374 2549 1394 2579 ᾗ
1409 2559 1472 2589 quo
1487 2548 1590 2589 potuit
1604 2549 1682 2578 edo-

928 2593 991 2624 ceri
1006 2593 1161 2623 Milonem
1176 2593 1349 2624 Lanuvium
1366 2597 1529 2622 venturum
1545 2601 1624 2621 esse.

973 2639 1025 2667 21.
1041 2635 1231 2678 Hominem]
1265 2635 1317 2666 De
1330 2646 1368 2666 eo
1381 2635 1499 2666 dictum
1512 2634 1602 2664 estin
1614 2643 1684 2665 nar-

929 2679 1061 2716 ratione,
1078 2689 1182 2720 parag.
1197 2681 1239 2710 vi.
1254 2678 1274 2710 l.
1289 2681 1342 2710 32.

970 2724 1022 2753 24.
1048 2723 1180 2764 Arrius]
1225 2723 1279 2753 De
1301 2723 1361 2752 hoc
1381 2719 1472 2752 Arrio
1493 2719 1629 2764 loquitur
1648 2720 1682 2754 in

928 2766 1016 2798 Orat.
1032 2772 1139 2798 contra
1156 2765 1330 2798 Vatinium.

1243 2851 1369 2892 2A2

1672 143 1760 191 325
