1858 3095
699 180 788 213 vno
813 179 1072 212 MARCELLO.
1654 184 1740 226 359

97 251 172 307 hii,
189 268 275 298 non
295 254 424 298 modo
447 269 614 319 pacem,
637 257 714 299 sed
747 257 983 302 orationem
1014 257 1144 299 etiam
1176 256 1334 299 civium
1363 270 1515 314 pacem
1541 258 1660 315 flagi·
1680 260 1739 301 30

95 313 291 366 mutium,
314 313 540 369 repudiari.
578 312 754 371 'Neque
775 315 888 356 enirn
911 329 991 371 ego
1012 314 1100 365 illa,
1122 329 1202 356 nec
1225 315 1313 356 ulla
1333 329 1523 371 unquam
1540 329 1661 358 secu-

96 376 167 412 tus
188 385 280 412 sum
298 384 414 412 arma
431 370 569 412 civilia
583 404 593 422 ,
626 386 874 428 semperque
892 386 986 412 mea
1003 371 1184 412 consilia
1204 372 1323 428 pacis
1341 379 1384 413 et
1399 381 1510 428 togae
1528 372 1659 425 socia,

95 441 183 468 non
205 427 305 468 belli
328 435 454 483 atque
476 442 701 478 armorum,
721 429 901 470 fuerunt.
963 428 1194 470 Hominem
1215 443 1308 470 sum
1329 436 1503 470 secutus
1526 429 1660 484 priva-

95 489 143 524 to
165 483 322 536 officio,
344 498 431 526 non
459 485 659 541 publico:
692 493 943 541 tantumque
975 486 1087 542 apud
1119 500 1186 526 nie
1220 485 1327 542 grati
1364 485 1494 526 animi
1516 485 1659 527 fidelis

95 541 299 582 memoria
320 541 465 592 valuit,
489 550 534 582 ut
564 541 681 583 null-22
712 557 798 583 non
828 541 956 583 modo
980 542 1253 598 bcupiditate,
1275 541 1352 582 sed
1383 556 1436 583 ne
1467 557 1542 598 spe.
1567 542 1660 598 qui-
1677 543 1735 585 35

94 595 209 647 dem,
261 597 418 639 rudens
441 607 484 640 et
513 599 670 650 sciens,
693 607 912 655 tamquam
934 599 987 639 ad
1009 598 1225 639 interitum
1247 612 1410 639 ruerem
1433 599 1659 640 voluntari-

95 667 183 695 um.
274 654 358 696 uod
376 655 551 711 quidem
578 670 717 697 meum
740 655 966 697 consilium
991 653 1167 695 minimi:
1184 655 1410 696 obscuram
1427 653 1527 695 fuit:
1560 670 1660 697 nam

95 717 141 751 et
171 711 215 752 in
244 710 328 753 hoc
357 711 544 764 cordine,
593 713 756 768 integra
788 726 846 762 re,
878 711 1010 751 multa
1042 711 1095 751 de
1135 725 1240 766 pace
1282 710 1385 761 dixi,
1417 718 1460 751 et
1489 711 1533 752 in
1565 711 1660 768 ipso

93 764 212 809 bello
231 768 396 820 eadem,
418 768 547 810 etiam
567 783 664 810 cum
686 768 864 824 dcapitis
885 767 969 808 mei
989 767 1194 823 periculo,
1216 767 1347 809 sensi.
1377 766 1444 808 Ex
1466 783 1550 824 quo
1567 769 1660 823 jam

96 837 223 866 nemo
252 825 332 866 erit
362 833 450 866 tam
479 825 662 881 injustus
692 839 830 866 rerum
851 824 1119 876 eaestimator,
1143 825 1214 880 qui
1247 824 1429 875 dubitet,
1452 839 1547 881 quae
1567 825 1658 867 Cae-
1676 827 1736 870 40

95 881 202 922 saris
224 881 420 923 voluntas
451 881 504 923 de
535 881 647 923 bello
670 882 812 933 fuerit,
833 883 931 923 cum
963 880 1081 937 pacis
1117 889 1313 923 auctores
1342 882 1659 925 conservandos

93 937 242 979 statim
262 938 491 990 censuerit,
513 938 676 980 caeteris
706 939 833 980 fuerit
860 938 1018 979 iratior.
1079 939 1224 995 Atque
1255 938 1300 979 id
1332 937 1471 980 minus
1505 939 1660 982 mirum

94 994 310 1037 videretur
330 995 512 1037 fortasse
534 1003 640 1044 tum,
662 994 761 1037 cum
783 1002 898 1037 esset
923 995 1109 1044 incertus
1132 995 1287 1046 exitus,
1310 1002 1352 1036 et
1373 1010 1533 1052 anceps
1558 996 1661 1038 sfor-
1704 1020 1707 1023 ·

93 1057 200 1093 tuna
223 1051 350 1094 belli:
382 1053 455 1109 qui
476 1051 575 1094 vero
597 1053 732 1094 victor
761 1052 881 1108 pacis
913 1059 1108 1094 auctores
1131 1051 1286 1108 diligit,
1304 1052 1341 1093 is
1361 1051 1556 1108 profecto
1584 1053 1662 1095 de-

97 1109 247 1161 clarat,
273 1124 319 1150 se
355 1109 555 1151 maluisse
587 1124 671 1150 non
709 1109 927 1157 dimicare,
953 1107 1083 1165 quam
1110 1109 1294 1150 vincere.
1354 1111 1499 1166 Atque
1530 1109 1658 1167 hujus
1675 1114 1737 1156 45

96 1165 275 1222 quidem
303 1166 363 1207 rei
395 1166 456 1207 Μ.
485 1166 694 1208 Marcello
727 1182 821 1208 sum
850 1165 1000 1217 testis;
1032 1166 1165 1207 nostri
1198 1165 1311 1207 enim
1337 1181 1504 1217 sensus,
1532 1174 1580 1209 ut
1615 1167 1660 1210 in

94 1237 204 1281 pace
224 1237 405 1279 semper,
428 1223 492 1265 sic
515 1230 606 1265 tum
637 1223 767 1265 etiam
789 1223 832 1263 in
852 1223 980 1273 bello,
1003 1223 1310 1279 congruebant.
1372 1222 1554 1270 Quoties
1576 1239 1658 1281 ego

96 1294 208 1331 eum,
229 1286 272 1320 et
290 1286 452 1336 quanto
472 1294 571 1321 cum
599 1279 762 1332 dolore,
783 1280 884 1331 vidi,
907 1278 1004 1321 cum
1033 1278 1310 1320 insolentiam
1339 1287 1553 1322 certorum
1580 1281 1660 1323 ho-

94 1336 274 1388 minum,
307 1344 402 1378 tum
431 1337 561 1378 etiam
593 1337 727 1393 ipsius
749 1336 940 1378 victoriae
969 1335 1252 1388 ferocitatem,
1285 1336 1658 1381 extimescentem!

96 1393 196 1443 Quo
228 1392 389 1450 gratior
422 1400 497 1435 tua
530 1393 781 1445 liberalitas,
811 1393 864 1434 C.
896 1392 1056 1441 Caesar,
1086 1393 1227 1442 nobis,
1251 1393 1321 1449 qui
1355 1393 1430 1434 illa
1460 1394 1659 1448 vidimus,
1677 1400 1737 1440 50

95 1450 228 1493 debet
246 1464 357 1494 esse.
418 1450 519 1494 Non
555 1450 670 1493 enim
691 1451 783 1507 jam
818 1464 959 1493 causae
991 1455 1092 1492 sunt
1118 1449 1229 1492 inter
1261 1465 1321 1503 se,
1346 1450 1423 1493 sed
1452 1451 1659 1505 victoriae,

95 1611 365 1654 ”ambitione
435 1617 632 1655 <senaim
712 1611 842 1654 ‘³1:1²2‘oe
862 1625 978 1653 meas.
1052 1610 1222 1663 ”judaia
1295 1611 1661 1654 ίι·ἱ(’ίονῐτε(Ιτιῐηῗα.

139 1793 194 1824 31.
215 1791 406 1834 Βεριιάὶαι·ἰ.]
431 1792 535 1824 Caesar
546 1792 631 1833 pacis
642 1792 776 1833 cupidus
786 1793 857 1828 fuit.

97 1835 208 1867 Cicero
222 1845 347 1867 suasor:
371 1837 452 1868 hanc
475 1835 645 1878 Pompeius
668 1844 791 1878 semper
812 1846 858 1867 re·

94 1878 253 1920 pudiavit.

139 1924 194 1954 34.
216 1921 308 1953 Grati
325 1925 416 1954 animi
425 1923 526 1964 fidelis
550 1922 708 1964 memoria]
754 1921 858 1953 Bene·

97 1964 170 1995 ficio
198 1964 342 2007 Pompeii
367 1975 528 1998 revocatus
552 1967 652 1997 suerat
681 1968 719 1996 ab
750 1965 859 1995 exsilio

100 2007 235 2045 Cicero;
257 2009 340 2040 unde
356 2019 427 2039 eum
443 2009 554 2041 Cicero
576 2014 699 2040 secutus
723 2014 780 2044 est,
796 2019 859 2038 non

101 2050 175 2081 odio
192 2050 335 2089 Caesaris,
350 2053 418 2088 sed,
434 2058 469 2082 ut
483 2052 526 2083 ait
537 2052 589 2082 lib.
605 2054 637 2082 7.
653 2051 754 2092 Epist.
771 2051 857 2081 Fam.

99 2096 131 2125 3.
147 2095 216 2134 quia
229 2095 337 2125 veritus
353 2105 416 2124 sum
430 2096 518 2126 deesse
534 2095 662 2134 Pompeii
680 2094 780 2129 saluti,
795 2093 860 2123 crim

97 2137 150 2168 ille
163 2137 320 2178 aliquando
333 2148 392 2168 non
406 2137 540 2179 dffuisset
554 2148 628 2168 meae.

145 2182 198 2212 36.
236 2180 284 2210 Ad
319 2181 471 2212 interitum
496 2191 607 2212 ruerem
633 2179 859 2221 voluntarium]

100 2221 156 2254 De
173 2223 319 2264 Pompeii
334 2223 459 2254 victoria
479 2234 638 2265 nunquam
656 2223 734 2254 bene
749 2223 860 2254 Cicero

97 2268 257 2297 ›ominatus
273 2270 335 2304 est3
359 2266 502 2306 primum,
517 2268 592 2308 quia
613 2277 716 2308 neque
733 2277 860 2307 magnas

95 2310 223 2351 copias,
247 2320 350 2351 neque
382 2310 558 2347 bellicosa53
586 2309 700 2340 deinde
728 2315 858 2350 excepto

103 2352 197 2389 duce,
227 2353 400 2394 paucisque
432 2353 634 2394 principibus,
664 2352 798 2394 reliquos
828 2353 860 2382 in

100 2394 185 2426 bello
195 2406 334 2437 rapaces,
346 2396 418 2427 etin
427 2397 566 2427 oratione
578 2395 733 2434 crudeles3
747 2395 862 2426 deinde

104 2438 362 2480 amplissimorum
381 2440 514 2470 virorum
541 2450 583 2470 aes
608 2439 763 2470 alienum:
787 2438 862 2469 nihil

103 2481 241 2523 denique
251 2482 338 2518 boni,
348 2483 559 2524 praetcripsam
570 2493 694 2514 causam
709 2482 862 2523 Pompeii,

102 2524 236 2556 invenit.
278 2525 449 2567 Pompeius
469 2526 559 2566 signa
576 2525 674 2555 tirone
696 2533 728 2556 et
750 2525 863 2556 collec-

105 2567 180 2597 ticio
201 2569 337 2599 exercitu
361 2578 430 2599 cum
459 2568 588 2599 Caesaris
610 2568 786 2609 legionibus
815 2578 863 2598 ro·

106 2609 292 2642 bustissimis
337 2611 491 2649 contulit3
526 2612 626 2642 victus
677 2611 864 2652 turpissime,

107 2653 228 2684 amissis
263 2653 356 2685 etiam
393 2655 511 2690 castris,
542 2655 624 2685 solus
653 2654 742 2695 fugit.
789 2654 866 2685 Haec

109 2695 222 2726 Cicero
238 2696 342 2727 scribit
356 2697 471 2734 Mario,
487 2697 540 2728 lib.
557 2699 587 2727 7.
604 2696 704 2738 Epist.
717 2699 750 2729 3.
767 2696 855 2727 Fam.

150 2739 204 2769 38.
229 2738 349 2780 Integra
367 2742 427 2783 ra]
472 2740 512 2771 Id
533 2745 592 2778 cst,
605 2741 744 2771 nondum
768 2739 867 2770 divisa

108 2780 239 2821 Repub.
253 2781 343 2812 bellis
355 2782 506 2814 civilibus.

150 2826 203 2856 539.
228 2823 272 2856 Ex
283 2824 366 2867 qum]
405 2825 572 2858 Conclusio
587 2826 680 2858 totius
696 2825 868 2869 argumenti

902 1792 1080 1834 superioris,
1104 1802 1198 1833 quam
1222 1791 1266 1823 sic
1292 1792 1455 1824 informat:
1492 1791 1524 1823 Is
1551 1802 1662 1835 pacem

904 1837 1031 1873 amavit,
1043 1834 1098 1877 qui
1113 1835 1267 1876 praecipue
1284 1836 1368 1877 pacis
1385 1842 1525 1867 auctores
1539 1842 1663 1867 conser-

904 1879 1007 1909 vavit:
1031 1880 1086 1910 sed
1111 1889 1160 1909 me
1183 1879 1268 1919 pacis
1292 1883 1446 1910 auctorem
1463 1878 1568 1911 Caesar
1587 1890 1662 1911 con-

904 1923 1061 1959 servavit;
1084 1921 1178 1962 igitur
1191 1932 1299 1962 pacem
1315 1922 1440 1953 amavit.

945 1968 997 1995 48.
1020 1964 1206 1995 Insolentiam
1219 1970 1362 1996 certorum
1377 1966 1556 2008 hominum]
1587 1966 1665 1998 Cer-

903 2013 950 2040 tos
967 2009 1054 2045 dicit,
1069 2009 1157 2049 quasi
1173 2008 1314 2038 odiosum
1326 2015 1408 2039 esset
1420 2019 1473 2039 eos
1482 2009 1663 2049 appellare;

903 2052 958 2082 sed
973 2050 1054 2082 inter
1070 2061 1123 2081 cos
1140 2050 1334 2090 potissimum
1350 2050 1435 2081 suere
1451 2051 1488 2082 L.
1502 2052 1664 2088 Lentulus,

903 2093 942 2124 L.
957 2094 1112 2124 Domitius
1130 2094 1340 2132 AEuobarbus,
1357 2093 1478 2129 Curius,
1495 2094 1665 2132 Antonius,

905 2137 958 2178 qui
981 2137 1095 2167 bellum
1119 2137 1303 2173 suadebant,
1327 2137 1413 2178 pacis
1434 2137 1665 2170 conditionibus

904 2179 1085 2221 repudiatis.

947 2225 1000 2255 49.
1027 2222 1214 2254 Ferocitatem
1226 2224 1476 2267 extimescentmn.]
1501 2223 1563 2256 Hic
1577 2224 1667 2256 vide-

904 2271 953 2296 tur
975 2266 1124 2302 indicare,
1146 2266 1241 2296 fuisse
1260 2267 1364 2297 utilius
1388 2266 1554 2303 Caesarem,
1570 2267 1666 2308 quam

905 2309 1103 2350 Pompeium,
1120 2309 1253 2347 vicisse;
1276 2315 1403 2351 propter
1425 2321 1529 2341 eorum
1553 2311 1666 2342 crude-

903 2353 1021 2383 litatem
1049 2357 1080 2382 ct
1105 2351 1311 2394 cupiditatem
1337 2354 1391 2395 qui
1417 2364 1487 2385 cum
1512 2353 1667 2395 Pompeio

907 2401 1004 2427 erant.

949 2439 1003 2470 51.
1026 2438 1093 2469 Non
1108 2440 1184 2469 enim
1198 2438 1318 2480 causac]
1350 2439 1440 2480 Saepe
1458 2440 1580 2477 Cicero,
1597 2450 1668 2473 tum

907 2482 1010 2512 multis
1033 2481 1199 2518 historicis,
1214 2491 1250 2512 ac
1283 2483 1438 2524 praecipu&
1459 2483 1584 2515 Velleio
1604 2484 1673 2515 Pa-

905 2525 1034 2560 terculo,
1050 2525 1071 2555 l.
1087 2528 1118 2556 2.
1143 2524 1286 2566 Pompeii
1309 2536 1433 2556 causam
1457 2526 1559 2557 multo
1579 2527 1669 2557 meli,

907 2579 990 2599 orem
1021 2569 1117 2598 fuisse
1153 2573 1318 2599 asseverat.
1371 2568 1489 2600 Verum
1525 2569 1579 2599 hic
1604 2579 1669 2601 ηω

908 2611 1010 2651 agitur
1024 2611 1064 2641 de
1077 2610 1182 2646 eausa,
1194 2612 1250 2642 sed
1265 2611 1305 2641 de
1318 2612 1465 2650 victoriim
1484 2622 1556 2642 nam
1569 2612 1670 2643 vieto-

910 2653 953 2684 ria
970 2654 1099 2685 Caesaris
1122 2653 1213 2694 longe
1231 2654 1415 2685 moderatior
1430 2654 1559 2693 exstitit,
1574 2655 1669 2696 quam

912 2707 982 2739 quae
993 2698 1011 2727 ῑι
1021 2697 1176 2738 Pompeio
1184 2696 1293 2727 fuisset
1307 2697 1416 2733 relata,
1425 2703 1552 2738 propter.
1563 2708 1670 2729 eorum

909 2740 1086 2815 {urgerbiam
1109 2745 1142 2771 et
1164 2740 1369 2778 ferocitatem,
1387 2750 1466 2782 quos
1487 2751 1594 2774 secum
1615 2743 1671 2773 ba-

934 2794 949 2815 e
974 2789 1018 2818 at.
