1790 3090
95 135 186 195 236

809 140 901 181 pao
925 141 1084 174 cOEL10.

172 225 303 268 quem
333 219 506 270 propter
525 213 618 256 haec
637 213 734 270 ipsa
753 216 897 263 studia
927 217 1148 274 diligebat,
1169 216 1385 275 negligere
1406 218 1650 274 potuisset?
1680 227 1725 264 et

173 270 290 325 quod
311 270 476 311 facinus
507 270 551 311 in
582 270 769 312 alienum
803 274 1019 315 hominem
1051 274 1215 316 illatum
1235 274 1379 317 severe
1398 282 1414 298 ³
1430 275 1656 332 acciperet,
1675 277 1722 320 id

98 325 154 379 60
173 326 390 379 omisisset
409 341 552 368 curare
573 327 617 367 in
636 328 836 384 hospite?
868 331 983 385 quod
1006 346 1079 386 per
1115 331 1285 386 ignotos
1317 339 1462 373 actum
1483 331 1582 377 cum
1603 348 1721 376 com-

169 383 362 438 perisset,
384 383 562 434 doleret,
583 383 627 424 id
660 382 686 424 ἒι
720 385 806 425 suis
840 393 1051 427 tentatum
1088 387 1356 443 negligeret?
1386 389 1504 444 quod
1535 388 1580 429 in
1607 389 1720 445 agris

167 439 343 483 locis-ve
374 439 556 494 publicis
588 440 751 481 factum
783 443 1124 497 reprehenderet,
1146 444 1190 484 id
1210 444 1254 484 in
1275 445 1392 495 urbe,
1413 460 1464 486 ac
1482 459 1570 485 suae
1587 445 1722 494 domi,

168 501 358 550 coeptum
379 510 473 537 esse
490 496 639 537 leviter
655 496 808 538 ferret?
840 499 955 552 quod
974 499 1017 538 in
1034 499 1213 555 alicujus
1230 501 1410 555 agrestis
1428 501 1617 557 periculo
1633 515 1721 546 non

166 551 518 606 praetermitteret,
532 552 575 593 id
592 553 719 594 homo
737 554 928 594 eruditus
941 554 984 594 in
1000 554 1167 596 insidiis
1186 556 1426 597 doctissimi
1438 557 1624 603 hominis
1637 557 1722 598 dis-

93 607 148 647 55
166 606 453 660 simulandum
473 610 667 665 putaret?
699 609 786 651 Sed
806 625 879 651 cur
899 610 1056 652 diutius
1088 627 1178 663 vos,
1194 612 1380 667 judiceS‚
1400 613 1553 655 teneo?
1584 612 1720 669 ipsius

164 663 182 710 ¹?
187 664 321 719 jurati
351 665 602 721 religionem
636 666 1018 722 auctoritatemque
1050 669 1279 724 percipite3
1309 676 1439 725 atque
1461 669 1604 711 omnia
1623 669 1722 714 dili-

165 728 314 775 genter
332 721 566 763 testimonii
587 723 714 763 verba
735 723 1001 778 cognoscite.
1052 724 1207 766 Recita
1223 725 1516 766 testimonium
1533 725 1721 767 Lucceii.

164 778 504 832 [Testimonium
552 779 757 832 Lueeeii]

838 779 954 827 Quid
998 781 1257 836 exspectatis
1299 781 1511 837 amplius?
1561 795 1616 821 an
1645 780 1723 821 ali-

163 846 294 887 quam
328 848 479 876 vocem
507 835 666 890 putatis
701 835 837 890 ipsam
871 850 945 891 pro
972 851 1017 877 se
1053 852 1227 878 causam
1263 843 1307 878 et
1340 838 1561 879 veritatem
1591 851 1720 893 posse

163 944 257 988 haec
272 959 358 985 una
373 960 454 986 vox
472 947 677 987 veritatis.

92 888 146 935 60
165 888 363 933 mittere?
394 890 501 931 Haec
521 897 589 932 est
622 891 878 932 innocentiae
913 892 1118 944 defensio,
1143 894 1236 935 haec
1256 894 1389 949 ipsius
1410 908 1549 935 causae
1568 893 1719 944 oratio,

736 947 788 987 In
809 947 984 989 crimine
1002 949 1095 1004 ipso
1113 950 1229 990 nulla
1248 950 1437 1005 suspicio
1459 957 1539 999 est,
1557 949 1659 990 etin
1674 963 1720 990 re

163 1000 298 1041 cnihil
318 1007 384 1042 est
403 1002 668 1057 argumenti;
700 1002 744 1042 in
777 1003 967 1058 negotio,
989 1005 1105 1059 quod
1140 1012 1283 1045 actum
1318 1020 1410 1046 esse
1434 1006 1604 1057 dicitur,
1625 1005 1721 1046 nul-

163 1056 253 1100 lum
283 1057 510 1113 vestigium
543 1059 765 1109 sermonis,
788 1059 886 1109 loci,
908 1060 1136 1114 temporis:
1167 1075 1292 1102 nemo
1316 1061 1451 1111 testis,
1473 1075 1599 1102 nemo
1618 1075 1721 1102 con-

164 1113 280 1155 scius
301 1114 567 1155 nominatur:
600 1122 737 1156 totum
774 1115 932 1156 crimen
967 1116 1177 1171 profertur
1198 1131 1250 1157 ex
1271 1116 1462 1168 inimica,
1484 1131 1536 1160 ex
1556 1116 1720 1168 infami,

90 1171 145 1215 65
164 1183 216 1211 ex
238 1170 415 1221 crudeli,
437 1185 490 1212 ex
506 1170 766 1222 facinorosa,
781 1186 832 1212 ex
854 1172 1090 1213 libidinosa
1112 1173 1264 1214 domo:
1297 1173 1450 1214 domus
1471 1179 1615 1217 autem
1635 1174 1720 1225 illa,

161 1240 258 1282 quae
290 1233 456 1267 tentata
491 1228 651 1269 scelere
678 1228 761 1268 isto
799 1228 960 1269 nefario
990 1228 1157 1281 dicitur,
1179 1230 1308 1286 plena
1342 1236 1409 1270 est
1442 1229 1717 1285 integritatis,

162 1282 307 1334 officii,
329 1282 570 1339 religionis:
603 1299 655 1326 ex
676 1284 764 1340 qua
799 1285 926 1325 domo
959 1285 1162 1327 recitatur
1193 1286 1318 1327 vobis
1342 1285 1620 1342 jurejurando
1649 1285 1720 1326 de-

159 1339 306 1381 vincta
337 1340 583 1392 auctoritas,
618 1347 666 1381 ut
697 1355 778 1392 res,
811 1340 983 1382 minime
1019 1342 1162 1392 dubia,
1188 1349 1332 1383 tamen
1364 1342 1409 1382 in
1440 1341 1717 1384 contentione

157 1402 352 1452 ponatur,
383 1396 524 1438 utrum
555 1397 793 1448 temeraria,
812 1412 985 1454 procax,
1013 1398 1121 1439 irata
1151 1399 1302 1440 mulier
1333 1398 1510 1439 finxisse
1542 1398 1717 1449 crimen,

156 1509 366 1551 videatur.

86 1452 142 1495 70
158 1466 212 1494 an
233 1453 390 1509 gravis,
402 1454 590 1510 sapiens,
605 1454 936 1510 moderatusque
952 1455 1014 1496 vir
1033 1454 1232 1510 religiose
1247 1455 1540 1497 testimonium
1556 1454 1718 1495 dixisse

215 1566 271 1606 X.
291 1565 521 1629 Reliquum
536 1573 602 1609 est
614 1566 744 1623 igitur
757 1567 919 1609 crimen
932 1568 985 1609 de
998 1582 1162 1609 veneno
1178 1584 1189 1619 3
1212 1569 1278 1624 cuj
1286 1583 1336 1610 us
1351 1581 1431 1624 ego
1446 1582 1586 1624 neque
1600 1566 1718 1623 prin-

160 1622 321 1678 cipium
342 1637 545 1673 lnvenire,
566 1639 705 1679 neque
728 1625 921 1666 evolvere
939 1625 1100 1666 exitum
1121 1639 1312 1680 possum.

1374 1625 1482 1672 Quae
1502 1624 1584 1665 fuit
1605 1623 1719 1664 enim

159 1693 305 1731 causa,
327 1680 602 1735 quamobrem
621 1680 692 1721 isti
714 1681 879 1722 mulieri
896 1696 1106 1722 venenum
1126 1682 1255 1723 vellet
1274 1682 1374 1722 dare
1396 1680 1596 1721 Coelius?
1648 1679 1717 1720 Ne

159 1749 308 1777 aurum
321 1736 545 1777 redderet?
574 1752 674 1777 num
689 1737 865 1792 petivit?
896 1737 962 1778 Ne
985 1745 1000 1762 ὃ
1014 1738 1173 1779 crimen
1189 1737 1393 1779 haereret?
1415 1751 1517 1777 num
1534 1737 1630 1792 quis
1645 1736 1718 1776 ob-

113 1792 288 1848 5jecit?
320 1807 420 1833 num
434 1793 530 1847 quis
553 1793 737 1849 denique
760 1794 936 1835 fecisset
953 1794 1225 1844 mentionem,
1247 1794 1283 1834 si
1297 1793 1368 1834 hic
1383 1793 1544 1834 nemini
1560 1806 1718 1833 nomen

158 1848 417 1890 detulisset?
450 1848 698 1896 Quinetiam
722 1849 986 1891 Herennium
1007 1850 1149 1892 dicere
1182 1849 1376 1898 audistis,
1406 1849 1537 1890 verbo
1559 1863 1605 1889 se
1626 1862 1718 1889 mo-

156 1905 312 1946 lestum
326 1919 412 1946 non
432 1904 621 1946 futurum
642 1905 773 1947 fuisse
789 1906 942 1957 Coelio,
960 1906 1042 1947 nisi
1058 1906 1226 1957 iterum,
1241 1906 1395 1947 eadem
1412 1906 1465 1946 de
1482 1920 1540 1955 re,
1561 1918 1639 1946 suo
1655 1904 1720 1944 fa-

157 1961 310 2002 miliari
324 1961 536 2014 absoluto‚
549 1976 704 2004 nomen
721 1963 794 2004 hic
810 1963 1049 2004 detulisset.
1081 1962 1297 2005 Credibile
1314 1969 1382 2004 est
1392 1962 1537 2018 igitur,
1551 1967 1719 2002 tantum

157 2080 173 2098 ³
189 2076 559 2117 animadverteret.
633 2075 651 2100 b
666 2078 798 2118 testis.

876 2083 890 2101 ⁰
902 2079 1026 2117 nulla
1049 2081 1112 2118 est
1127 2076 1336 2130 probatio.

1412 2081 1428 2099 ⁸
1440 2079 1721 2117 accusaretur

763 2132 878 2174 illius
907 2135 1117 2175 criminis.

201 2247 255 2276 48.
293 2244 364 2276 Herc
391 2247 452 2285 ipsa
481 2245 606 2285 studim]
652 2245 862 2277 Humanitatis
885 2251 917 2277 et

158 2287 344 2327 eloquentiae
359 2289 462 2319 studia
476 2288 631 2329 intelligit.

203 2332 254 2361 54.
292 2330 457 2362 Doctissz'mi
487 2331 631 2371 hominis]
688 2331 764 2368 Dio,
799 2331 918 2372 legatus

159 2372 399 2410 Alexandrinus,
415 2374 499 2404 omni
515 2374 688 2404 eruditione
703 2374 846 2405 florebat.

202 2417 256 2446 57.
278 2415 380 2446 Recita
402 2418 594 2447 testimonium
615 2416 755 2457 Lucceii]
800 2417 918 2447 Aberat

159 2458 199 2488 ab
213 2459 272 2488 hoc
284 2457 406 2498 judicio
428 2459 601 2495 Lucceius;
625 2460 680 2489 sed
707 2459 916 2489 testimonium

161 2511 248 2531 suum
264 2500 356 2536 misit,
372 2502 455 2541 quod
471 2501 489 2531 a
504 2501 604 2532 scribit
618 2501 778 2531 recitatum
794 2506 852 2532 est.

204 2545 256 2574 65.
280 2542 448 2574 Libidinosa
470 2544 578 2584 domm]
624 2544 774 2584 Loquitur
797 2545 837 2574 de
860 2545 916 2574 do-

160 2596 211 2616 mo
243 2585 375 2622 Clodiae,
402 2596 440 2616 ex
468 2586 530 2626 qua
560 2596 666 2616 verum
706 2586 916 2617 testimonium

158 2628 288 2669 proferri
303 2638 366 2658 nou
380 2634 495 2670 potest,
509 2629 583 2670 quia
598 2628 720 2659 infamis
734 2634 791 2666 est,
805 2637 836 2660 et
846 2630 916 2660 libi-

159 2671 280 2703 dinosa.

202 2710 252 2744 Ib.
275 2713 385 2744 Domus
408 2718 505 2745 autem
528 2714 608 2754 illm]
654 2713 780 2745 Lucceii
804 2714 914 2745 domus

158 2754 230 2788 cum
255 2755 350 2797 plena
377 2756 415 2787 sit
440 2756 634 2798 integritati&
659 2756 733 2788 inde
762 2757 915 2798 prolatum

960 2245 1169 2277 testimonium
1184 2246 1286 2277 valere
1303 2246 1408 2277 debet.

1004 2291 1056 2321 66.
1081 2289 1214 2330 Scelere]
1259 2289 1296 2319 In
1312 2289 1368 2319 illa
1382 2286 1510 2319 Lucceii
1524 2287 1616 2319 domo
1632 2286 1720 2318 dice·

961 2332 1052 2362 batur
1072 2331 1252 2362 interfectus
1267 2332 1359 2362 fuisse
1375 2331 1452 2370 Dio,
1463 2331 1608 2371 princeps
1623 2328 1719 2360 Alex-

962 2374 1101 2405 andrinae
1117 2374 1290 2415 legationis.

1004 2417 1035 2447 5.
1071 2416 1182 2447 Nomen
1211 2418 1387 2458 detulissem]
1447 2415 1578 2446 Deferre
1603 2425 1718 2444 nomen

960 2469 1022 2488 non
1039 2465 1085 2489 est
1101 2460 1224 2500 proprie
1251 2469 1416 2496 accusare3
1438 2458 1506 2493 sed,
1521 2457 1605 2496 apud
1621 2457 1717 2498 magi.

961 2507 1087 2531 stratum
1100 2508 1132 2531 et
1151 2501 1302 2542 judicem,
1315 2504 1355 2532 de
1377 2501 1480 2542 aliquo
1502 2499 1630 2533 crimine
1646 2505 1718 2530 ante

961 2544 1189 2574 accusationem
1203 2545 1398 2580 denuntiare,
1409 2549 1442 2574 et
1455 2543 1548 2574 alium
1563 2542 1596 2572 in
1607 2542 1718 2582 capitis

961 2587 1127 2616 discrimen
1148 2597 1266 2627 rapere.

1002 2630 1034 2661 7.
1071 2629 1226 2659 Familiari
1250 2629 1403 2669 absoluta]
1460 2628 1568 2659 Polam
1600 2626 1718 2657 Atrati-

958 2682 1033 2702 num
1059 2671 1218 2714 intelligit,
1241 2673 1282 2704 de
1304 2683 1367 2714 quo
1401 2671 1472 2702 vide
1504 2675 1717 2712 argumentum

958 2715 1115 2747 orationis.
