1858 3095
726 160 818 195 rao
843 156 1049 196 ummo.
1656 155 1743 216 3339

103 233 151 289 in
166 235 321 291 Africa
337 234 491 288 fuisse3
518 233 646 292 idque
665 235 716 278 C.
732 235 892 288 Pansa,
912 235 1130 292 praestanti
1149 235 1209 278 vir
1226 235 1416 293 ingenio,
1433 235 1566 278 fretus
1585 235 1670 279 sor-

104 294 223 345 tasse
245 295 298 336 ea
318 292 605 348 familiaritate
627 309 721 349 quae
742 302 808 335 est
829 293 866 334 ei
888 301 1047 344 tecum,
1072 308 1200 335 ausus
1223 302 1291 335 est
1310 291 1522 335 confiteri.
1583 293 1669 335 Ita-

105 367 206 410 que,
221 349 309 409 quo
327 365 392 392 me
408 358 584 401 vertam,
602 351 775 403 nesci03
803 358 974 408 paratus
997 351 1109 391 enirn
1128 366 1338 402 veneram,
1357 352 1455 392 cum
1471 357 1518 391 tu
1536 349 1579 390 id
1596 365 1669 392 ne·
1687 348 1715 388 5

106 424 190 467 que
212 422 285 465 per
302 414 344 450 te
366 407 514 454 scires.
536 422 675 464 neque
704 408 850 450 audire
880 407 1054 457 aliunde
1083 408 1311 463 potuisses,
1334 415 1382 449 ut
1401 407 1671 464 ignoratione

105 465 184 508 tua
204 465 260 516 ad
280 463 464 506 hominis
487 465 629 506 miseri
652 466 834 507 salutem
856 465 1067 506 abuterer.
1099 465 1200 515 Sed,
1224 465 1427 520 quoniam
1449 462 1674 520 diligentia

106 521 270 569 inimici
292 521 598 578 investigatum
616 529 682 563 est
703 522 760 572 id,
779 523 896 579 quod
919 522 1094 572 latebat,
1113 521 1408 563 confitendum
1425 529 1504 571 est,
1522 528 1570 562 ut
1586 520 1674 577 opi-

107 593 209 631 μοι-ς
241 578 479 635 praesertim
509 578 604 620 cum
635 593 755 621 meus
782 579 1090 629 ⁸necessa1·ius‚
1112 580 1162 619 C.
1185 578 1342 626 Pansa,
1372 577 1521 619 feeerit
1554 586 1602 619 ut
1630 577 1674 618 id

100 635 194 692 jam
214 635 429 693 integrum
449 649 534 677 non
556 643 695 677 esset:
726 636 970 691 omissaque
993 634 1287 676 controversia]
1309 634 1442 685 omni,
1464 633 1599 675 oratio
1621 634 1675 674 ad
1697 631 1749 673 10

108 692 448 743 misericordiam
469 700 586 734 tuam
607 693 869 734 conferenda
890 699 969 742 est,
993 691 1079 746 qua
1110 691 1278 747 plurimi
1301 698 1402 732 sunt
1421 691 1677 739 conservati,

109 748 209 792 cum
239 749 266 791 ὲ
298 757 338 792 te
370 764 456 791 non
488 749 785 790 liberationem
813 750 964 804 culpae,
999 748 1074 788 sed
1101 748 1251 788 berrati
1273 748 1456 798 veniam,
1479 747 1680 803 impetra-

112 805 292 856 vissent.
353 806 500 848 Habes
522 806 665 862 igitur,
687 805 872 856 Tubero,
894 805 1029 860 (quod
1048 805 1375 859 estfaccusatori
1398 803 1581 846 maxime
1605 819 1679 860 op-

110 863 309 914 tandum)
330 863 609 905 confitentem
632 877 775 914 reum3
807 863 884 904 sed
912 870 1055 903 tamen
1089 846 1473 913 iia'confitenteim
1495 877 1541 903 se
1562 861 1605 902 in
1627 860 1681 903 eir

109 927 231 977 parte
249 919 397 971 fuisse,
414 921 499 976 qua
517 927 574 970 te,
585 919 866 976 Tubero‚qua
883 919 1017 973 virum
1036 920 1151 961 omni
1169 919 1296 960 laude
1315 920 1683 975 dignum,patrem
1703 917 1754 959 15

110 983 247 1020 tuum.
309 976 476 1032 Itaque,
498 976 614 1032 prius
636 977 688 1018 de
709 986 852 1018 vestro
874 976 1035 1018 delicto
1064 975 1372 1028 confiteamini,
1397 991 1575 1020 necesse
1603 982 1684 1028 est,
1723 978 1735 1013 ἔ

113 1031 246 1094 quam
265 1033 424 1093 Ligarii
446 1033 578 1076 ullam
600 1035 772 1091 culpam
793 1031 1133 1092 reprehendatis.
1706 1046 1709 1049 ·

420 1252 742 1293 muricis-simus.
1030 1249 1048 1272 b
1062 1250 1382 1304 sinapi-‘udentia

118 1489 153 1521 qe
168 1478 207 1512 ad
218 1476 272 1521 jue
286 1477 380 1511 civile
395 1478 595 1512 transtulerit.
620 1479 701 1517 Quae
716 1478 811 1511 fuerit
826 1489 880 1510 au·
968 1481 999 1510 8.
1023 1477 1168 1520 Inimici]
1213 1478 1252 1508 Id
1277 1482 1336 1514 est,
1354 1478 1540 1518 Tuberonis,
1554 1480 1609 1523 qui
1631 1480 1685 1513 Li.

118 1522 639 1554 temcumTuberonibusCiceroni
651 1523 882 1564 propinquitas,
925 1523 1043 1564 gariurn
1060 1524 1225 1552 accusavit.
1272 1522 1388 1555 Itonia.

119 1563 182 1595 min
198 1570 331 1606 apparet
345 1576 383 1596 ex
401 1566 506 1607 aliquo
519 1572 657 1598 auctore.
704 1565 884 1606 [Dicebatur
969 1565 1018 1596 Ib.
1045 1565 1129 1600 Quod
1146 1565 1282 1605 latebat]
1312 1566 1385 1596 Non
1401 1565 1520 1597 latebat
1533 1565 1612 1598 illud
1628 1568 1686 1599 cri·

121 1606 232 1639 Tubero
252 1618 374 1639 sororem.
398 1608 543 1640 Ciceronis
565 1610 678 1640 duxisse
700 1619 827 1645 uxorem,
850 1613 886 1639 ut
927 1619 1018 1642 mem
1042 1609 1094 1639 sed
1116 1609 1239 1639 Tubero
1261 1609 1320 1640 sibi
1344 1610 1556 1650 persuadebat
1577 1610 1686 1643 latere.

119 1651 215 1683 refert
224 1650 302 1683 Vet.
322 1650 511 1683 scholiastes
527 1653 558 1682 in
572 1652 704 1684 locum-l
923 1651 1033 1692 Pergit
1048 1653 1079 1682 in
1096 1651 1204 1681 ironia.

163 1695 196 1726 3.
220 1693 258 1725 In
277 1693 383 1737 Afric&
398 1694 522 1737 finisse]
568 1695 638 1726 Hac
667 1687 756 1732 voce,
769 1695 879 1737 fuisse,
968 1698 1020 1726 10.
1043 1693 1198 1736 Integrum
1227 1706 1285 1724 non
1311 1695 1402 1735 esset]
1465 1694 1625 1737 Inte-grum
1651 1697 1686 1728 id

119 1737 227 1774 utitur.
245 1748 284 1768 ne
307 1736 449 1769 offendat
473 1738 603 1770 Caesaris
630 1738 779 1769 animum.
827 1738 880 1769 De
926 1738 1050 1774 dicitur,
1066 1739 1149 1778 quud
1169 1737 1240 1778 jure
1264 1739 1323 1769 hoc
1341 1739 1389 1769 vel
1404 1738 1458 1769 illo
1474 1741 1569 1770 niodo
1583 1740 1687 1773 facere

121 1780 207 1812 Juba
222 1791 308 1822 rege.
323 1787 356 1812 et
372 1780 467 1816 Afris.
481 1788 575 1818 tacet,
591 1782 702 1823 quibus
725 1793 759 1813 se
774 1787 883 1814 contra
926 1781 975 1812 vel
991 1782 1096 1813 dicere
1114 1781 1182 1821 quis
1199 1787 1312 1821 potest.

123 1824 278 1857 Caesarern
294 1823 490 1866 adjunxerat.

167 1866 217 1898 lb.
243 1866 277 1898 C.
296 1867 423 1911 Pansa]
469 1868 531 1900 Hic
555 1867 659 1899 Pansa
681 1868 812 1899 celebris
826 1868 885 1899 suit

123 1915 239 1949 orator,
254 1910 308 1951 qui
330 1911 487 1952 quondam
511 1911 596 1952 apud
621 1911 805 1943 Ciceronem
829 1913 886 1942 ‹le-

124 1953 324 1990 clama‘verat‚
338 1959 371 1986 et
385 1954 439 1996 qui
455 1954 522 1996 jam
539 1960 648 1996 egerat
670 1964 725 1995 pro
748 1954 884 1996 Ligario·

125 1996 158 2029 Is
174 1997 231 2026 fuit
246 1996 366 2027 sumnia
381 1997 564 2028 auctoritate
575 1998 659 2038 apud
675 1997 841 2034 Caesarem,
855 2003 888 2029 et

127 2049 202 2078 quo,
226 2044 298 2080 post
321 2038 533 2071 Pharsalicam
556 2051 708 2081 pugnam,
730 2040 817 2070 multi
832 2041 887 2082 qni

128 2081 315 2124 Pompeium
338 2082 439 2112 secuti
460 2082 596 2119 fuerant,
613 2083 816 2123 deprecatore
840 2083 888 2114 usi

128 2131 210 2157 sunt.
253 2124 286 2155 Is
303 2125 424 2166 postea,
439 2135 521 2156 anno
536 2125 628 2156 Urbis
651 2125 785 2156 conditae
809 2127 885 2158 709.

129 2168 235 2200 consul
253 2178 322 2199 curu
340 2167 454 2204 Hirtio,
471 2169 502 2199 in
526 2167 632 2210 pugna
654 2168 829 2200 Mutinensi
844 2169 891 2200 iu-

129 2211 277 2244 terfectns
294 2215 352 2242 est.

176 2255 208 2293 4.
241 2253 356 2295 Itaque,
378 2253 434 2295 9υό
460 2265 503 2284 me
530 2254 666 2296 tertam]
726 2254 892 2286 Dubitatio

129 2297 258 2333 ironica,
274 2297 337 2338 qua
356 2298 556 2338 conqueritur
579 2298 636 2328 sibi
665 2298 813 2328 rationem
839 2309 894 2330 ne-

132 2341 227 2382 gandi
239 2340 315 2372 sacti
330 2347 470 2382 ereptam
482 2351 562 2380 esse,
576 2341 638 2383 qua
654 2351 686 2372 se
699 2341 746 2372 uti
760 2341 892 2373 voluisse

133 2384 267 2416 simulat.

177 2427 209 2458 5.
235 2426 308 2458 cam
323 2433 358 2457 tu
372 2427 431 2469 ἰὼ]
456 2425 628 2458 Nesciebat
644 2426 748 2459 Caesar
762 2428 795 2460 in
810 2427 894 2460 Affi-

134 2470 173 2503 ca
186 2471 279 2502 fuisse
293 2469 464 2514 Ligarium.
506 2469 623 2502 Itonia.

971 1824 1021 1854 lb.
1047 1824 1271 1865 Controversia]
1297 1824 1515 1856 Controversia
1529 1831 1604 1858 tunc
1620 1838 1689 1860 esse

928 1868 1053 1906 dieitur,
1069 1866 1139 1898 cum
1163 1878 1240 1898 unus
1263 1874 1370 1909 negat,
1386 1874 1418 1898 et
1440 1868 1516 1899 alter
1537 1870 1687 1908 affirmat;

929 1917 983 1941 aut
1005 1910 1075 1952 jure
1100 1911 1215 1941 factum
1237 1922 1304 1942 csse
1326 1912 1451 1948 dicium·
1465 1912 1514 1943 vel
1535 1923 1615 1944 non:
1655 1914 1689 1946 Si

929 1954 998 1995 quis
1022 1959 1124 1985 autern
1148 1954 1291 1990 fateatur,
1319 1960 1372 1985 aut
1402 1955 1597 1996 deprecetur,
1621 1956 1690 1998 jam

930 1998 1030 2028 omnis
1047 2002 1093 2027 est
1110 1997 1230 2027 sublata
1246 1998 1473 2028 controversia:
1499 1999 1606 2040 quare,
1617 2000 1689 2032 cum

931 2041 1037 2081 negari
1053 2051 1115 2070 non
1132 2046 1237 2080 posset
1253 2051 1270 2070 a
1286 2040 1450 2077 Cicerone,
1466 2041 1498 2071 in
1513 2041 1621 2073 Africa
1641 2044 1690 2074 su-

931 2082 991 2113 isse
1019 2083 1188 2123 Ligarium,
1216 2088 1311 2112 totam
1339 2094 1424 2113 suam
1452 2085 1624 2116 orationem
1649 2088 1691 2118 ad

932 2125 1174 2157 misericordiam
1191 2125 1323 2156 Caesaris
1340 2127 1441 2157 refert.

980 2171 1030 2199 1⁰2.
1048 2168 1258 2199 Libet-ationem
1270 2169 1387 2210 wlpra]
1412 2170 1516 2209 Multi,
1530 2171 1583 2212 qui
1598 2172 1693 2205 Pom-

934 2212 1040 2253 peium
1057 2211 1156 2243 secuti
1179 2213 1310 2247 fuerant,
1334 2223 1447 2253 negare
1471 2225 1558 2245 suum
1574 2215 1691 2248 factum

936 2254 1005 2286 cum
1028 2266 1090 2285 non
1117 2262 1252 2295 possent,
1276 2262 1409 2286 erratum
1431 2258 1622 2295 confitendo,
1638 2270 1693 2291 ve-

936 2299 1017 2329 niam
1034 2299 1232 2329 obtinuerant
1247 2299 1264 2328 zi
1279 2298 1412 2330 Caesare.

982 2344 1034 2374 15.
1062 2341 1170 2377 Fuisse,
1187 2342 1243 2381 qud
1258 2341 1308 2381 ra]
1350 2342 1491 2383 Ligarius
1507 2345 1692 2378 necessitate

937 2391 1062 2416 coactus
1086 2386 1117 2415 in
1144 2384 1261 2420 Afsie'a,
1278 2391 1310 2415 ut
1334 2385 1450 2416 dictum
1476 2393 1524 2418 est
1547 2388 1579 2419 in
1605 2399 1694 2430 argu-

938 2434 1043 2458 mento
1056 2440 1064 2466 ;
1089 2434 1120 2458 at
1142 2428 1266 2458 Tubero
1291 2434 1379 2469 pater
1393 2435 1425 2460 et
1439 2429 1519 2462 filius
1533 2431 1693 2464 voluntate

938 2477 1169 2503 remanserunt:
1195 2472 1225 2502 iu
1241 2482 1302 2513 quo
1319 2471 1440 2514 gravius
1454 2480 1673 2514 peccaverunt.

778 2674 1052 2704 NARRATIO.

200 2801 259 2847 11.
293 2802 349 2853 Q.
377 2802 508 2862 igitur
535 2804 745 2864 LigariuS‚
764 2805 865 2850 cum
895 2810 1011 2849 esset
1041 2806 1184 2850 adhuc
1212 2806 1329 2850 nulla
1359 2806 1463 2850 belli
1492 2806 1700 2866 suspicio,
