1858 3095
713 217 801 249 Pno
829 217 1035 249 RABIRIO.

83 292 118 332 si
141 291 223 334 ista
246 293 408 335 ratione
421 306 545 350 agere
564 292 802 335 voluisset?
834 300 878 335 ct
897 308 971 349 par
985 293 1245 335 desiderium
1261 292 1326 335 sui
1341 291 1640 351 reliquitapud

81 350 287 405 populum
316 350 554 391 Romanum
586 349 797 390 Labienus
825 350 920 401 iste,
943 357 1119 405 patruus
1141 357 1292 402 vester,
1314 349 1513 406 quisquis
1545 352 1641 403 fuit,

81 418 131 446 ac
152 405 248 448 Tib.
270 406 492 448 Gracchus
515 406 774 462 reliquerat?
819 406 888 448 An
919 407 1057 462 pietas
1087 414 1160 448 tua
1184 408 1333 463 major,
1354 420 1484 462 quam
1506 407 1640 449 Grac·

82 461 183 503 chi?
212 478 265 504 an
285 462 479 504 animus?
510 478 563 504 an
585 463 838 505 consilium?
874 478 927 504 an
945 463 1079 520 opes?
1111 478 1164 505 an
1186 462 1442 506 auctoritas?
1473 479 1527 505 an
1548 464 1637 506 elo·
1661 466 1712 508 10

80 520 283 574 quentia?
314 534 409 581 quae
430 519 466 560 si
484 519 526 559 in
549 520 623 561 illo
644 520 818 561 minima
838 520 1035 568 fuissent,
1058 529 1216 572 tamen,
1238 527 1346 577 ¹¹p1·ae
1360 520 1444 561 tuis
1459 520 1638 562 faculta-

82 575 211 626 tibus,
254 589 438 616 maxlma
481 583 740 631 putarentur.

811 575 920 617 Cum
953 576 1050 616 verb
1086 577 1151 617 his
1185 577 1311 618 rebus
1347 576 1546 618 omnibus
1585 577 1636 618 C.

82 631 303 673 Gracchus
331 645 479 673 omnes
519 632 683 681 vicerit,
715 640 922 688 quantum
957 632 1221 673 intervallum
1252 633 1425 674 tandem
1456 632 1565 674 inter
1595 640 1637 675 te

81 693 211 742 atque
231 687 353 728 illum
374 688 644 744 interjectum
666 697 788 745 putas
811 690 821 728 ἒ
867 688 952 729 Sed
973 696 1206 730 moreretur
1223 688 1338 744 prius
1357 688 1637 730 acerbissima

80 750 215 784 morte
234 743 390 785 millies
413 744 649 792 Gracchus,
671 746 798 801 quam
814 744 858 784 in
879 745 970 799 ejus
991 744 1200 785 concione
1222 744 1412 786 carnifex
1426 745 1638 787 consiste·
1659 748 1709 789 15

79 805 167 849 ret3
199 814 327 856 quem
349 815 435 842 non
456 801 583 842 modo
604 801 711 849 foro,
733 801 809 842 sed
830 801 959 841 etiam
980 800 1117 842 l'coelo
1132 801 1216 842 hoc
1233 815 1284 842 ac
1300 801 1466 854 spiritu,
1485 817 1638 844 censo-

79 855 152 895 riae
174 855 307 911 legeS,
328 865 456 913 atque
474 857 602 898 Urbis
619 857 854 908 domicilio,
868 871 1008 898 carere
1028 858 1265 898 voluerunt.
1297 857 1381 899 Hic
1395 872 1440 899 se
1457 860 1639 915 popula-

79 925 168 953 rem
189 912 331 954 dicere
353 914 496 965 audet,
518 928 584 955 me
605 913 789 954 alienum
809 912 833 954 2¹1
857 913 1097 955 commodis
1119 913 1269 954 vestris
1287 930 1299 964 3
1330 913 1428 956 cum
1444 914 1526 956 iste
1546 930 1638 957 om-

79 982 156 1009 nes
177 976 221 1010 et
241 969 549 1026 suppliciorum
571 978 613 1011 et
629 971 849 1012 verberum
861 970 1134 1021 acerbitates,
1150 985 1236 1012 non
1253 985 1304 1010 ex
1321 971 1523 1012 memoria
1543 987 1638 1014 ves-

77 1024 144 1065 tra
165 1040 215 1066 ac
238 1035 405 1081 patrum
426 1034 676 1076 vestrorum,
707 1027 783 1068 sed
813 1041 865 1068 ex
897 1026 1115 1067 annalium
1138 1026 1412 1068 monimentis
1433 1035 1562 1084 atque
1584 1044 1636 1071 ex
1654 1032 1712 1073 20

74 1095 222 1137 regum
235 1083 566 1133 commentariis,
585 1083 859 1138 conquisierit
875 1101 885 1134 3
916 1098 1011 1140 ego,
1031 1083 1229 1124 omnibus
1245 1083 1352 1124 meis
1366 1085 1534 1140 opibus,
1549 1099 1639 1127 om-

76 1138 201 1179 nibus
222 1139 431 1186 consiliis,
453 1141 652 1180 omnibus
670 1139 798 1181 dictis
819 1146 949 1195 atque
970 1139 1111 1188 factis,
1125 1139 1400 1196 repugnarim
1416 1148 1459 1182 et
1471 1142 1638 1183 restite—

78 1194 157 1235 rim
189 1195 464 1236 crudelitati?
495 1196 576 1237 nisi
606 1196 716 1237 forte
749 1197 861 1237 hauc
882 1196 1196 1237 cconditionem
1220 1196 1342 1237 vobis
1374 1212 1468 1240 esse
1488 1199 1639 1250 vultis,

77 1265 206 1308 quam
229 1252 353 1302 servi,
377 1252 411 1292 si
426 1252 632 1293 libertatis
650 1267 770 1308 spem
784 1252 1049 1309 propositam
1065 1266 1151 1293 non
1167 1253 1386 1304 haberent,
1400 1254 1504 1296 ferre
1517 1256 1638 1296 nullo

75 1308 205 1349 modo
226 1316 417 1363 possent.
460 1308 623 1349 Misera
644 1316 710 1349 est
730 1308 1242 1364 ignominiajudiciorum
1258 1310 1545 1365 publicorum,
1559 1311 1636 1352 mi-
1652 1313 1709 1353 25

75 1378 169 1405 sera
200 1363 423 1405 dmultatio
443 1364 667 1413 bonorum,
688 1365 891 1406 miserum
912 1364 1111 1405 exsilium
1129 1381 1138 1405 :
1180 1365 1257 1406 sed
1277 1372 1433 1415 tamen,
1455 1367 1499 1408 in
1520 1369 1637 1411 omni

74 1420 332 1469 calamitate,
350 1420 552 1461 retinetur
563 1421 737 1477 aliquod
751 1420 979 1476 vestigium
995 1420 1207 1462 libertatis
1222 1437 1233 1471 ;
1265 1436 1378 1462 mors
1396 1423 1582 1480 denique
1599 1424 1636 1465 si

72 1477 338 1533 proponitur,
360 1477 404 1518 in
431 1477 628 1518 libertate
651 1477 906 1527 moriamur;
937 1476 1126 1518 carnifex
1147 1477 1245 1518 vero
1268 1484 1310 1518 et
1337 1479 1545 1521 obductio
1566 1495 1637 1522 ca-

73 1533 190 1590 pitis,
205 1540 250 1575 et
261 1548 417 1575 nomen
427 1533 732 1590 ipsumcrucis‚
742 1534 869 1584 absit,
888 1548 975 1575 non
992 1532 1120 1574 modo
1135 1532 1161 1574 a
1177 1548 1355 1589 corpore
1371 1535 1529 1577 civium
1548 1537 1638 1578 Ro-

72 1605 188 1631 man.
210 1590 287 1631 sed
307 1590 436 1631 etiam
459 1590 483 1631 a
504 1590 782 1646 cogitatione,
802 1590 952 1641 oculis,
969 1590 1155 1631 auribus.

69 1647 190 1688 nium
220 1661 359 1688 rerum
381 1661 467 1688 non
489 1647 627 1688 solam
649 1653 827 1688 eventus
848 1653 977 1703 atque
999 1646 1234 1703 perpessi0‚
1256 1648 1332 1688 sed
1365 1648 1495 1691 etiam
1530 1664 1636 1691 con-

71 1703 195 1755 ditio,
216 1703 499 1760 exspectatio,
516 1704 700 1745 ementio
721 1703 816 1760 ipsa
836 1703 1035 1759 denique,
1049 1702 1228 1759 indigna
1244 1703 1337 1745 cive
1358 1704 1554 1747 Romano
1571 1714 1636 1747 at-

72 1775 156 1817 que
175 1760 347 1803 homine
367 1761 501 1803 libero
523 1768 603 1802 est.
662 1761 733 1802 An
752 1759 849 1802 vero
871 1774 1016 1803 servos
1037 1766 1222 1812 nostrOS,
1249 1760 1403 1805 horum
1433 1762 1640 1820 supplici—

125 1934 205 1974 ²In
219 1935 813 1989 comparationefczcnlfatum
834 1940 1028 1978 tecczrzcm.

543 1991 809 2047 dp·za'2lic.·ate·0.

113 2161 145 2192 7.
183 2160 391 2203 Desiderimm]
437 2162 538 2193 'l'anto
566 2161 673 2192 dolore
698 2162 829 2194 affectus

68 2210 116 2233 est
143 2205 183 2234 de
217 2211 314 2235 morte
337 2204 546 2235 Gracchorum
577 2215 654 2245 pop.
679 2205 772 2235 Rom.
796 2212 830 2236 ut

70 2244 253 2278 Plutarchus
277 2254 391 2278 asseret
417 2248 448 2277 in
478 2259 581 2278 eorum
609 2248 683 2284 vita,
711 2255 830 2279 erectas

67 2289 144 2329 ipsis
158 2290 253 2321 fuisse
269 2296 385 2321 statuas
401 2291 433 2321 in
451 2292 561 2321 eodem
578 2291 646 2321 loco
662 2291 716 2321 ubi
736 2291 830 2322 inter-

66 2332 141 2363 fecti
155 2339 236 2364 sunt.

113 2378 165 2406 10.
190 2375 391 2418 Eloquentia]
438 2376 561 2412 Cicero,
585 2377 615 2407 in
633 2376 732 2407 Claris
749 2376 826 2407 Ora-

67 2418 196 2455 toribus,
212 2420 257 2450 ait
271 2419 304 2450 C.
321 2420 452 2451 Graccho
464 2420 617 2460 pleniorem
633 2426 660 2450 et
671 2421 828 2450 uberiorem

66 2462 106 2490 ad
120 2462 272 2493 dicendum
286 2470 426 2493 oratorem
440 2469 508 2494 ante
521 2474 583 2494 enm
600 2464 827 2504 nullum-fuisse.

68 2505 189 2536 Laudat
213 2506 284 2537 vero
306 2505 494 2542 Gracchum,
516 2507 590 2547 quia
609 2506 743 2537 libenter
763 2505 827 2546 ejus

69 2546 176 2578 laudes
192 2549 326 2589 populus
338 2549 498 2580 audiebat.

113 2592 165 2620 16.
190 2591 326 2623 Censoriae
357 2592 458 2633 Ieges.]
505 2591 627 2628 Quibus
659 2592 827 2623 cavebatur

67 2642 108 2662 ne
139 2634 274 2666 carnifex
300 2635 376 2665 civis
399 2635 494 2665 Rom.
521 2641 614 2671 essct,
638 2645 677 2664 ne
700 2635 732 2665 in
761 2635 826 2665 foro

67 2676 311 2716 conspiceretur,
339 2689 419 2708 neve
455 2678 488 2708 in
518 2677 602 2708 Urbe
632 2677 825 2708 domicilium

68 2719 209 2749 haberet.

112 2764 163 2792 20.
211 2762 377 2794 Annalium
409 2764 614 2804 monimentisq
666 2763 714 2794 Ex
759 2763 826 2794 Cic.

65 2803 121 2834 lib.
139 2809 169 2835 ⁶2.
187 2805 227 2835 de
242 2804 329 2837 Orat.
345 2812 411 2837 erat
429 2807 555 2837 historia
573 2805 650 2836 nihil
672 2807 755 2837 aliud
769 2807 827 2836 nisi

67 2847 225 2880 annalium
255 2848 423 2886 confectio,
448 2849 493 2882 rei
522 2849 739 2892 memoriaeque
771 2860 828 2890 pu-

1108 1934 1124 1958 b
1137 1941 1243 1978 (ιὲι-ε.
1319 1941 1334 1959 ⁰
1342 1937 1365 1977 h
1373 1949 1458 1977 cmc
1469 1941 1632 1978 sortem.

928 1994 1162 2046 ‘'cogitatio-

873 2163 963 2194 blicae
975 2163 1144 2193 retinendae
1160 2163 1264 2199 causa,
1279 2164 1318 2194 ab
1328 2161 1415 2195 initio
1425 2175 1526 2196 rerum
1537 2163 1634 2197 Rom.

873 2217 971 2247 usque
988 2207 1026 2236 ad
1045 2206 1082 2236 P.
1096 2206 1238 2236 Mucium
1254 2207 1431 2247 pontificem
1442 2218 1522 2240 max.
1549 2207 1633 2239 Pon-

873 2249 949 2279 tifex
965 2250 1046 2279 enim
1063 2259 1143 2279 max.
1154 2258 1202 2279 res
1215 2259 1321 2280 omnes
1335 2250 1523 2291 singulorum
1535 2261 1637 2282 annu·
1660 2289 1665 2294 Ι

874 2302 938 2321 rum
954 2292 1124 2322 mandabat
1137 2292 1244 2324 literis.

916 2334 966 2365 Ib.
1005 2334 1049 2364 Ex
1073 2345 1175 2376 regum
1202 2337 1442 2378 commentariis]
1499 2336 1633 2369 Constat

873 2388 910 2407 ex
938 2377 1036 2412 Livio,
1062 2377 1117 2409 lib.
1143 2381 1173 2408 1.
1197 2387 1286 2419 reges
1305 2378 1478 2415 Romanos,
1504 2381 1544 2411 de
1567 2382 1631 2412 suis

873 2420 963 2450 rebus
987 2420 1081 2461 gestis
1103 2427 1157 2450 aut
1179 2422 1366 2458 constitutis,
1393 2425 1631 2454 commentarios

872 2463 1054 2504 scripsisse3
1080 2463 1109 2493 in
1125 2473 1187 2504 quo
1203 2464 1362 2504 probabile
1385 2470 1434 2496 est
1455 2477 1509 2497 eos
1534 2466 1631 2498 fuisse

870 2505 1025 2537 imitatum
1041 2506 1212 2537 Caesarcmm

914 2551 966 2580 535.
988 2550 1173 2580 Judiciorum
1184 2549 1396 2591 publii-orma]
1441 2554 1477 2583 In
1501 2552 1629 2591 judiciis

871 2592 1003 2632 publicis
1019 2593 1059 2622 (le
1073 2593 1177 2632 capite
1193 2592 1307 2622 civium
1321 2596 1491 2633 agebatur3
1529 2600 1560 2624 et
1575 2605 1629 2623 eo-

871 2646 937 2665 rum
953 2635 1108 2666 exsecutio
1123 2635 1237 2676 cuique
1260 2646 1298 2666 ex
1320 2636 1437 2676 populo
1453 2637 1631 2666 committe-

869 2679 970 2707 batur.

912 2723 965 2751 31.
981 2720 1141 2761 Condicio]
1166 2720 1285 2750 Misera
1299 2720 1350 2749 illa
1367 2725 1414 2750 est
1429 2719 1577 2758 conditio,
1593 2721 1626 2752 in

871 2763 934 2802 qua
949 2762 1058 2804 aliquis
1073 2764 1116 2793 ita
1132 2763 1220 2798 vivit,
1241 2762 1320 2792 utin
1337 2772 1407 2792 eum
1422 2762 1536 2794 cadere
1551 2775 1629 2806 sup-

870 2805 956 2848 plicii
969 2806 1085 2838 servilis
1100 2810 1174 2837 nota
1189 2805 1303 2847 possit.

1665 222 1716 263 71

1214 1590 1378 1632 Harum
1406 1592 1521 1635 enim
1548 1608 1636 1635 om-
1651 1595 1708 1638 30
