1838 3017
474 491 538 533 M.
593 490 844 534 TULLII
904 487 1321 533 CICERONIS

235 666 819 730 SOMNIUM
896 662 1540 726 SCIPIONIS.

417 872 753 925 (Fragmentum
774 869 895 910 Libri
923 868 991 909 VI.
1013 867 1064 908 de
1085 866 1357 920 Republica.)

704 1234 743 1275 S
742 1234 779 1273 ei
777 1235 851 1287 pio
871 1234 1082 1286 loquitur.

166 1378 200 1421 Ι.
231 1379 364 1421 CUM
386 1380 429 1421 in
447 1379 639 1423 Africam
658 1382 885 1432 venissem,
903 1379 1054 1421 Manio
1073 1376 1257 1419 Manilio
1279 1376 1446 1418 consuli
1467 1376 1522 1417 ad
1544 1390 1671 1434 quar-

105 1441 194 1477 tam
209 1437 425 1493 legionem
441 1438 635 1479 tribunus
667 1443 733 1491 (ut
753 1437 894 1489 scitis)
916 1437 1120 1487 militum3
1152 1434 1258 1475 nihil
1284 1433 1389 1475 mihi
1409 1433 1550 1489 potius
1572 1432 1668 1484 fuit,

106 1492 237 1548 quam
258 1501 306 1535 ut
327 1493 605 1536 Masinissam
628 1495 913 1546 convenirem,
936 1508 1079 1550 regem
1101 1491 1272 1533 familiae
1290 1497 1446 1532 nostrae
1463 1490 1593 1546 justis
1615 1490 1669 1530 de

105 1549 249 1591 causis
270 1550 590 1592 amicissimum.
634 1552 704 1592 Ad
721 1566 847 1608 quem
865 1558 911 1591 ut
931 1550 1043 1600 veni,
1066 1549 1317 1604 complexus
1339 1562 1407 1588 me
1430 1561 1561 1587 senex
1583 1546 1670 1588 col-

105 1606 380 1661 lacrymavit;
408 1607 715 1665 aliquantoque
736 1607 838 1664 post
859 1606 1050 1663 suspexit
1070 1606 1112 1646 in
1135 1605 1312 1653 coelum3
1344 1610 1401 1654 et,
1416 1603 1570 1644 Grates
1590 1602 1670 1654 (in-

106 1662 218 1717 quit)
238 1662 316 1704 tibi
338 1677 434 1719 ag0‚
467 1679 632 1706 summe
655 1665 745 1715 Sol,
766 1663 990 1719 vobisque,
1022 1661 1174 1717 reliqui
1198 1660 1393 1710 Caelites,
1417 1660 1548 1716 quod,
1569 1657 1670 1700 ante

105 1718 234 1773 quam
257 1734 310 1761 ex
329 1719 414 1761 hac
434 1720 524 1762 vitz'i
546 1721 697 1778 migro,
714 1719 934 1776 conspicio
956 1719 999 1759 in
1021 1732 1116 1759 meo
1137 1731 1285 1773 regno,
1303 1722 1347 1757 et
1367 1715 1433 1756 his
1457 1715 1600 1767 tectis,
1616 1715 1669 1757 P.

105 1774 351 1817 Cornelium
374 1777 636 1833 Scipionem,
669 1778 792 1833 cujus
827 1791 908 1831 ego
942 1775 1112 1816 nomine
1143 1774 1238 1830 ipso
1259 1787 1448 1822 recreor3
1482 1772 1542 1813 ita
1562 1786 1669 1813 nun-

105 1846 233 1887 quam
255 1847 308 1873 ex
330 1832 473 1874 animo
495 1849 592 1875 meo
623 1833 810 1874 discedit
838 1833 950 1874 illius
973 1830 1124 1888 optimi
1147 1838 1276 1886 atque
1298 1827 1569 1870 invictissimi
1590 1827 1668 1869 viri

105 1889 324 1930 memoria.
384 1889 554 1931 Deinde
581 1905 662 1947 ego
689 1890 808 1930 illum
835 1890 888 1930 de
914 1904 992 1930 suo
1014 1902 1161 1944 regno,
1182 1886 1251 1928 ille
1272 1901 1341 1926 me
1363 1885 1416 1926 de
1437 1884 1586 1927 nostra
1606 1899 1669 1925 re-

105 1945 281 2000 publica
300 1953 575 2002 percontatus
608 1954 699 1997 est3
731 1946 964 2002 multisque
984 1944 1125 1985 verbis
1145 1944 1257 1984 ultro
1279 1943 1472 1998 citroque
1493 1940 1668 1993 habitis,

106 2001 176 2041 ille
198 2001 324 2043 nobis
351 2010 630 2058 consumptus
660 2008 727 2043 est
758 2003 863 2043 dies.
923 2000 1031 2042 Post
1050 2007 1208 2049 autem,
1231 1998 1350 2054 regio
1371 2004 1578 2053 apparatu
1599 2011 1670 2038 ac·-

108 2057 239 2113 cepti,
259 2073 499 2100 sermonem
528 2059 573 2099 in
604 2059 782 2099 multam
802 2064 974 2099 noctem
995 2055 1300 2113 produximus3
1336 2053 1433 2095 cum
1455 2067 1586 2095 senex
1605 2052 1670 2094 ni-

106 2113 166 2154 hil
188 2114 270 2155 nisi
293 2115 345 2155 de
368 2115 571 2156 Africano
591 2115 848 2170 loqueretur,
869 2113 1097 2168 omniaque
1129 2112 1221 2167 ejus
1249 2125 1335 2152 non
1366 2109 1482 2151 sacta
1511 2110 1668 2160 solum,

108 2171 184 2212 sed
206 2171 335 2213 etiam
357 2172 487 2223 dicta,
515 2171 794 2212 meminisset.
854 2168 1040 2220 Deinde,
1070 2175 1117 2209 ut
1147 2167 1341 2209 cubitum
1372 2166 1669 2218 discessimus,

107 2242 175 2268 me
194 2231 255 2282 (et
275 2228 328 2269 de
351 2227 434 2279 visi,
457 2235 500 2270 et
518 2228 592 2284 qui
613 2229 667 2269 ad
682 2229 859 2268 multam
874 2233 1046 2268 noctem
1062 2223 1330 2281 vigilassem)
1350 2223 1520 2274 arctior,
1536 2222 1670 2279 quam

108 2284 290 2335 solebat,
313 2299 488 2326 somnus
509 2285 758 2340 complexus
779 2291 859 2325 est.
890 2283 975 2324 Hic
995 2281 1099 2322 mihi
1118 2281 1266 2333 (credo
1283 2279 1497 2336 equidem,
1514 2293 1567 2320 ex
1583 2279 1669 2321 hoc

108 2345 225 2398 quod
255 2355 423 2382 eramus
444 2341 603 2393 locuti;
638 2342 688 2382 fit
708 2341 820 2382 enim
841 2338 943 2391 fere,
968 2345 1016 2380 ut
1043 2337 1328 2394 cogitationes
1361 2350 1668 2392 sermonesque

108 2397 241 2439 nostri
277 2398 444 2454 pariant
475 2397 640 2454 aliquid
670 2397 715 2438 in
746 2411 897 2438 somno
927 2396 1028 2446 tale,
1061 2395 1188 2450 quale
1213 2394 1266 2435 de
1298 2393 1486 2434 Homero
1517 2392 1672 2434 scribit

109 2453 292 2506 Ennius,
317 2455 370 2496 de
397 2469 483 2510 quo
503 2454 706 2496 videlicet
732 2453 967 2510 saepissime
997 2452 1182 2508 vigilans
1214 2449 1380 2492 solebat
1409 2448 1597 2512 cogitare
1627 2454 1672 2490 et

108 2511 247 2581 loqui)
268 2511 498 2553 Africanus
520 2526 565 2552 se
587 2511 779 2553 ostendit
798 2510 850 2552 ea
870 2509 1021 2559 forma,
1042 2523 1136 2564 quae
1156 2507 1262 2548 mihi
1282 2521 1333 2548 ex
1353 2506 1539 2561 imagine
1561 2505 1670 2561 ejus,

111 2582 243 2623 quam
264 2567 449 2624 exipso,
478 2576 567 2608 erat
594 2567 749 2610 notior.
810 2567 952 2615 Quem
972 2572 1020 2607 ut
1040 2565 1212 2621 agnovi,
1235 2563 1437 2620 equidem
1459 2560 1671 2602 cohorrui.

113 2624 200 2665 Sed
222 2623 306 2676 ille,
328 2625 462 2675 Ades,
479 2623 635 2681 inquit,
652 2624 812 2677 animo,
834 2630 879 2666 et
896 2622 1046 2664 omitte
1066 2622 1276 2672 timorem,
1299 2618 1472 2674 Scipi03
1501 2623 1559 2669 et,
1575 2631 1673 2673 quae

113 2680 272 2731 dicam,
294 2681 414 2722 trade
433 2680 664 2723 memoriae.

170 2736 231 2778 ΙΙ.
266 2736 458 2779 Videsne
484 2738 600 2779 illam
628 2738 788 2786 urbem,
811 2751 923 2792 quae,
944 2748 1089 2792 parere
1109 2734 1269 2792 populo
1291 2731 1488 2774 Romano
1519 2736 1677 2773 coacta

113 2808 189 2851 per
208 2808 293 2847 me,
313 2799 489 2837 renovat
506 2794 690 2851 pristina
708 2793 833 2845 bella,
852 2807 935 2890 r21ec
953 2797 1100 2850 potest
1117 2788 1370 2848 quiescere?
1400 2787 1680 2843 (ostendebat,

904 2861 933 2890 N
