1858 3095
680 181 940 215 PHILIPPICA
966 181 993 214 1,
1615 175 1698 219 399

59 261 141 306 tur,
173 256 263 313 qui,
293 271 364 298 reo
395 255 696 309 condemnato,
727 257 857 311 objici
889 272 934 298 se
966 253 1226 298 multitudini
1251 252 1478 296 conductae
1498 251 1624 293 velit'?

62 313 301 370 autjudex,
331 314 403 370 qui
422 328 539 355 reum
570 315 770 356 (laninare
805 314 975 365 audeat,
1006 321 1053 354 ut
1077 313 1168 369 ipse
1199 311 1253 353 ad
1287 324 1438 366 operas
1470 323 1626 350 merce-

63 370 204 412 uarias
242 370 388 412 statim
430 371 724 427 protrahatur?
801 370 899 412 Non
936 371 1066 427 igitur
1103 367 1374 426 cprovocatio
1411 365 1497 406 ista
1532 365 1628 420 lege

66 427 208 469 datur:
239 427 314 469 sed
337 427 432 468 duae
455 428 638 468 maxime
661 428 864 469 salutares
887 428 1003 483 leges
1027 426 1385 482 dquestionesque
1407 422 1630 464 tolluntur.

66 483 181 531 Quid
196 491 262 525 est
274 483 404 539 igitur
416 484 532 525 aliud
547 484 761 525 adhortari
775 484 1086 534 adolescentes,
1105 490 1150 523 ut
1163 479 1408 531 turbulenti,
1425 485 1473 520 ut
1485 476 1631 520 sediti·
1648 479 1705 521 20

68 540 147 590 osi,
162 547 210 581 ut
226 540 451 596 perniciosi
465 541 580 582 cives
593 541 721 582 velint
734 540 853 582 esse'?
875 555 1001 596 quam
1014 547 1154 580 autem
1172 538 1224 578 ad
1237 536 1518 592 [reipublicae]
1540 549 1633 589 pes-

68 604 156 638 tem
176 596 290 638 furor
311 597 565 638 tribunicius
582 598 737 653 impelli
757 613 839 639 non
854 596 1023 654 poterit,
1045 596 1111 636 his
1126 594 1292 635 duabus
1310 591 1634 648 quaestionibus,

70 653 124 694 de
153 651 192 693 vi
218 660 260 694 et
281 654 334 695 de
363 656 600 709 majestate,
631 654 837 695 sublatis?
898 653 1029 703 Quid,
1060 651 1175 707 quod
1207 650 1439 704 obrogatur
1469 646 1634 702 legibus

72 709 269 762 Caesaris,
305 725 399 766 quae
425 712 594 766 jubent,
627 711 663 751 ei
695 710 768 765 qui
807 710 859 750 de
898 709 954 758 vi,
990 708 1176 762 itemque
1207 705 1245 746 ei
1281 704 1354 761 qui
1385 701 1636 759 majestatis,

60 765 299 808 'damnatus
328 767 401 817 sit,
434 767 545 823 aquit
568 774 611 807 et
637 766 726 822 igni
749 763 969 806 interdici?
1001 764 1155 820 quibus
1177 764 1274 803 cum
1295 759 1543 817 provocatio
1564 759 1638 800 da·
1656 762 1712 803 25

71 830 153 873 tur,
186 838 343 865 non-ne
364 830 461 865 acta
481 823 662 864 Caesaris
693 821 1035 864 ‘'rescinduntur'?
1085 820 1191 867 Quae
1208 818 1380 875 quidem
1402 831 1499 872 ego,
1522 815 1640 856 P.C.

73 880 147 936 qui
168 879 240 921 illa
259 894 477 936 nunquam
499 879 690 935 probavi,
720 878 780 920 ita
800 877 1091 920 conservanda
1111 874 1353 918 concordiae
1375 872 1506 916 causti
1532 871 1640 913 arbi-

77 942 210 978 tratus
245 951 355 986 sum,
391 943 439 977 ut
459 951 544 978 non
565 936 706 986 modo,
737 950 844 992 quas
875 935 994 975 vivus
1016 933 1159 975 Caesar
1178 933 1295 988 leges
1315 930 1497 982 tulisset,
1526 929 1641 970 infir-

77 992 256 1034 mandas
290 993 375 1035 hoc
409 1000 600 1049 tempore
635 1007 719 1034 non
752 1000 960 1048 putarem,
993 991 1069 1032 sed
1103 1005 1156 1031 ne
1191 989 1283 1030 illas
1315 987 1504 1044 quidem,
1534 999 1642 1042 quas

75 1057 178 1106 post
207 1057 387 1092 mortem
409 1050 590 1091 Caesaris
618 1050 802 1106 prolatas
838 1063 932 1090 esse
963 1054 1007 1089 et
1036 1048 1142 1088 fixas
1173 1045 1343 1087 videtis.
1403 1043 1471 1085 De
1493 1042 1642 1084 exsilio
1660 1043 1718 1086 30

78 1106 246 1148 reducti
270 1106 295 1147 ξι
314 1114 504 1148 mortuo:
536 1106 688 1147 civitas
710 1106 810 1147 data
832 1120 917 1147 non
939 1104 1077 1146 solum
1100 1102 1295 1159 singulis,
1325 1100 1403 1142 sed
1423 1099 1550 1142 etiam
1571 1113 1646 1140 na—

79 1162 271 1204 tionibus
301 1171 346 1205 et
372 1162 603 1219 provinciis
644 1162 852 1203 universis
888 1161 913 1203 εὶ
946 1168 1133 1202 mortuo:
1177 1157 1518 1200 immunitatibus
1552 1155 1646 1196 infi-

80 1219 183 1261 nitis
204 1219 371 1261 sublata
390 1219 618 1275 vectigalia
637 1219 661 1260 {1
679 1227 860 1260 mortuo.
931 1217 1046 1273 Ergo
1066 1217 1175 1267 haec,
1196 1230 1296 1265 uno,
1317 1214 1462 1256 verum
1483 1212 1646 1269 optimo

82 1283 270 1326 auctore,
286 1276 414 1317 domo
431 1278 612 1332 prolata,
633 1275 929 1325 defendimus3
961 1289 1032 1316 eas
1054 1275 1187 1330 leges,
1210 1286 1316 1328 quas
1337 1271 1429 1327 ipse
1447 1269 1570 1311 vobis
1588 1269 1643 1309 in-

84 1333 380 1388 spectantibus
409 1332 617 1384 recitavit,
647 1331 953 1388 pronuntiavit,
985 1330 1097 1381 tulit,
1125 1329 1282 1385 quibus
1312 1327 1410 1368 latis
1441 1325 1651 1383 gloriaba-
1667 1327 1724 1368 35

69 1395 165 1441 rtur,
198 1389 335 1444 iisque
355 1389 522 1445 legibus
544 1388 852 1445 rempublicam
874 1387 1082 1429 contineri
1102 1386 1297 1442 putabat,
1333 1384 1386 1425 de
1406 1381 1652 1438 provinciis,

86 1445 140 1488 de
154 1446 349 1502 judiciis,
371 1460 457 1496 eas,
478 1446 665 1502 inquam,
689 1445 870 1486 Caesaris
889 1445 1023 1501 leges,
1053 1457 1146 1492 nos,
1169 1441 1242 1498 qui
1264 1440 1534 1482 defendimus
1556 1446 1655 1480 acta

88 1502 286 1554 Caesaris,
307 1502 554 1543 evertendas
569 1501 838 1558 putabimus?
871 1501 930 1542 At
946 1502 998 1542 de
1017 1500 1070 1541 iis
1082 1507 1225 1541 tamen
1241 1497 1426 1554 legibuS‚
1449 1511 1543 1553 quae
1557 1510 1655 1551 pro-

86 1559 288 1615 mulgatae
310 1567 423 1609 sunt,
455 1559 608 1600 saltem
636 1559 755 1614 queri
783 1572 1038 1614 possumus:
1079 1557 1131 1597 de
1153 1556 1219 1606 iis,
1252 1555 1454 1611 quaejam
1475 1555 1572 1594 latae
1593 1551 1657 1593 di-

88 1622 257 1666 cuntur,
297 1630 350 1656 ne
388 1616 494 1656 illud
533 1615 706 1671 quidem
745 1614 891 1665 licuit3
941 1615 1025 1655 illae
1070 1613 1185 1654 enim
1224 1611 1344 1652 null-22
1383 1607 1655 1666 promulgati-
1674 1609 1729 1651 40

89 1686 170 1714 one
210 1672 308 1714 latae
348 1679 448 1713 sunt
485 1671 585 1713 ante
624 1671 756 1728 quam
794 1678 979 1728 scnptae.

261 1792 275 1810 ⁶
277 1801 295 1842 J
304 1801 350 1827 us
361 1787 635 1842 provocandi.

141 1960 192 1990 16.
217 1957 412 1989 Multitudini
439 1958 614 1999 conducta]
672 1956 732 1988 Per
758 1956 861 1987 multi-

97 2002 235 2032 tudinem
258 2001 456 2037 conductam,
487 2001 632 2041 intelligit
657 2000 820 2030 vilissimos
843 1999 860 2030 ὲ

811 1785 827 1808 ‘¹
822 1786 996 1838 judic-ia

1057 1669 1278 1718 Quaerunt,
1327 1667 1433 1724 quid
1473 1666 1544 1719 sit,
1585 1679 1660 1708 cur

1182 1784 1434 1823 ctolluntur.

905 1960 1034 1987 mortem
1059 1955 1093 1986 id
1125 1955 1229 1986 Caesar
1257 1954 1290 1984 in
1318 1951 1575 1984 commentariolis
1604 1951 1666 1982 suis

905 1999 1100 2040 reliquisset:
1125 1997 1170 2027 illi
1196 2003 1298 2028 autem
1322 1997 1375 2036 qui
1396 1997 1435 2026 ab
1462 1994 1597 2026 Antonio
1619 1994 1666 2023 liis

100 2045 193 2086 plebe
210 2049 242 2074 et
261 2044 458 2074 mercenariis
480 2043 593 2082 operis,
618 2042 756 2083 aliosque
779 2043 861 2072 sedi-

98 2088 193 2118 tiosos
208 2086 298 2121 viros,
322 2087 377 2126 qui
403 2086 534 2126 pecunia
559 2090 803 2125 corrumpentur,
830 2089 863 2114 ut

100 2141 185 2162 reum
202 2129 373 2159 absolvant.

148 2175 199 2204 19.
223 2172 298 2202 Duae
316 2171 436 2202 maxime*
459 2172 598 2201 salutares
620 2169 718 2212 leges]
763 2169 864 2210 Leges

102 2217 142 2247 dc
156 2217 185 2246 vi
198 2221 230 2245 et
246 2213 418 2254 majestate,
442 2224 518 2254 quas
532 2214 601 2244 tulit
617 2214 729 2244 Caesar.

147 2262 201 2290 ⁶22.
225 2257 320 2288 Furor
335 2257 532 2297 trilmnicius]
571 2256 646 2287 Fere
660 2267 714 2297 per
729 2255 865 2285 tribunos

104 2302 204 2344 plebis
227 2311 334 2331 ornnes
358 2300 468 2330 Romae
493 2299 662 2330 seditiones
687 2298 866 2329 excitaban-

107 2354 171 2376 tur:
197 2344 291 2385 quare
314 2343 396 2385 saepe
410 2343 523 2385 furiosi
543 2342 587 2372 illi
610 2342 628 2372 a
644 2342 795 2373 Cicerone
812 2352 867 2371 no-

106 2395 270 2419 minantur.

151 2432 204 2463 25.
228 2429 311 2471 Aqutl
324 2435 352 2460 et
367 2430 430 2471 igni
445 2427 602 2467 interdici]
649 2427 754 2458 Alicui
777 2426 871 2457 inter·

89 2513 91 2515 Ι
109 2474 213 2506 dicere
237 2472 318 2515 aqua
342 2477 373 2502 et
396 2472 461 2513 igni
481 2477 528 2502 est
549 2471 634 2501 illum
652 2471 816 2511 prohibere
831 2470 870 2500 ab

109 2528 166 2548 usu
182 2527 271 2558 aquae
286 2521 317 2546 et.
334 2515 425 2556 ignis,
447 2515 559 2555 quibus
583 2514 705 2544 duobus
727 2513 791 2544 vita
814 2514 870 2543 liu-

111 2570 202 2590 mana
217 2558 348 2589 maxime
363 2557 547 2589 continetur.

154 2605 207 2633 30.
232 2601 271 2632 Et
284 2601 388 2643 fixas]
436 2600 536 2641 Leges
551 2600 582 2630 in
599 2598 767 2640 parictibus
784 2598 815 2629 in
831 2609 872 2629 a‘s

906 2042 1010 2072 affecti
1026 2047 1096 2071 sunt
1113 2040 1282 2075 beneficiis,
1309 2039 1472 2069 Charonitae
1487 2048 1542 2078 per
1558 2037 1666 2077 jocum

907 2084 982 2114 dicti
996 2089 1076 2119 sunt,
1089 2083 1177 2124 quasi
1189 2083 1228 2113 ab
1240 2082 1346 2112 inferis
1358 2080 1541 2111 transmisssi
1554 2079 1572 2109 εἰ
1585 2079 1668 2110 Cha-

907 2133 1004 2158 route.

951 2171 1003 2200 31.
1025 2168 1226 2208 Nationibus]
1274 2167 1428 2198 Nationes
1451 2165 1596 2196 dicuntur
1615 2165 1671 2195 lio-

910 2212 1019 2248 mines,
1042 2212 1093 2252 qui
1111 2212 1142 2241 in
1159 2211 1262 2252 aliquo
1283 2210 1352 2240 loco
1375 2209 1439 2240 nati
1461 2214 1543 2244 sunt,
1567 2218 1669 2249 neque

909 2255 1034 2286 aliunde
1049 2259 1208 2289 venerunt,
1231 2263 1307 2294 quos
1319 2253 1481 2293 indigenas
1497 2251 1637 2282 dicimus.

952 2300 1004 2328 33.
1048 2297 1122 2332 Uno,
1149 2297 1245 2327 verrini
1273 2297 1378 2335 ‹qitimo
1405 2294 1544 2335 auctora]
1605 2293 1673 2324 Iro-

909 2341 961 2371 nia
986 2341 1018 2371 in
1047 2340 1241 2371 Antonium:
1273 2339 1357 2379 qnod
1383 2338 1464 2369 enim
1493 2337 1560 2378 ipse
1587 2336 1673 2367 domi

914 2384 1080 2414 meditatus
1104 2388 1162 2419 est,
1186 2383 1312 2423 profert,
1335 2387 1490 2422 tamquam
1516 2380 1673 2411 acaesare

912 2427 1077 2468 scriptum;
1103 2431 1136 2456 et
1161 2426 1244 2468 quod
1266 2425 1412 2466 scriptum
1438 2428 1484 2455 est
1511 2423 1528 2453 ὲ
1551 2423 1674 2454 Caesare

912 2476 1030 2501 evertit.

957 2515 1010 2544 40.
1057 2511 1151 2542 Nulla
1188 2510 1444 2553 promulgatione]
1511 2507 1556 2539 Ut
1593 2507 1675 2548 saepe

915 2556 1090 2596 scripsimus
1112 2555 1144 2585 in
1171 2555 1218 2585 liis
1244 2555 1446 2588 orationibus,
1469 2552 1565 2593 leges,
1589 2556 1677 2580 ante-

915 2599 1007 2640 quzlrn
1045 2599 1207 2634 ferrentur,
1237 2597 1520 2638 promulgabantur,
1558 2593 1589 2623 id
1618 2598 1676 2628 est,

112 2644 216 2675 incisae
239 2645 421 2685 figebantur,
449 2650 484 2673 ut.
510 2648 638 2684 possent
669 2643 708 2672 ab
732 2641 873 2672 omnibus
917 2641 1032 2682 populo
1048 2652 1104 2682 per
1116 2641 1325 2671 trinundinum
1337 2637 1596 2680 proponebantur.
1643 2636 1677 2666 Si

114 2687 187 2728 legi.
407 2708 409 2710 »
484 2702 487 2704 <
918 2684 1086 2724 placerent,
1103 2684 1302 2724 permittebat
1318 2682 1471 2722 populus;
1494 2679 1541 2709 sin
1564 2677 1678 2714 minsis,

158 2730 207 2761 lb.
230 2729 276 2761 De
299 2729 394 2760 exsilio
418 2729 532 2760 reducti
557 2730 575 2759 ὰ
602 2728 741 2769 mortum]
793 2727 880 2758 Pun-
922 2728 1159 2759 intercedebant
1169 2727 1252 2770 apud
1269 2725 1418 2768 populum
1431 2722 1555 2759 tribuni,
1570 2732 1609 2754 nc
1622 2722 1681 2754 ser-

115 2774 160 2815 git
184 2772 368 2808 Antonium,
393 2773 447 2814 qui
475 2773 587 2803 inultos
618 2774 656 2803 ab
691 2771 799 2802 exsilio
830 2781 879 2800 re·
922 2776 1034 2804 rentur.

116 2816 251 2854 vocavit,
276 2815 385 2847 multos
401 2815 526 2848 civitate
543 2815 681 2852 donavit,
704 2814 791 2856 quasi
807 2819 879 2844 ante
