1790 3090
74 206 161 251 456

0 1196 22 1225 l
43 1135 146 1222 [2⁵5

59 1306 116 1339 s
164 1305 350 1354 f,uerunt
373 1301 618 1345 concidisti.

767 206 1030 241 PHILIPPICA
1055 207 1104 240 ΙῙ.

76 279 135 321 40
153 281 255 324 Jure
273 280 318 323 id
335 281 534 345 quidem3
564 279 610 321 in
638 279 814 322 homine
845 283 959 324 enim
986 280 1234 345 turpissimo
1262 281 1547 323 gobsolebant
1573 281 1713 338 digni-

152 339 255 381 tatis
275 339 476 394 insigma.
510 336 636 389 Cum,
657 337 759 378 inde
773 337 957 380 Romam
971 338 1266 396 proficiscens,
1285 339 1340 379 ad
1356 338 1576 394 Aquinum
1591 352 1715 379 acce-

155 396 288 448 deret,
322 393 443 436 obvi
425 409 494 435 im
527 393 566 436 ei
599 394 811 453 processit
805 400 908 493 ἑοῖ
927 404 994 437 est
1012 395 1213 466 frequens
1233 395 1534 452 municipium)
1559 408 1716 450 magna

105 492 107 494 .
157 452 260 494 sane
290 451 543 502 multitud03
575 457 619 492 at
640 451 721 492 iste
743 447 829 509 &pe

155 506 364 550 mortuus.

848 452 891 493 ta
912 452 1062 493 lectio?
1058 469 1071 492 ι
1098 454 1208 493 latus
1232 459 1298 493 est
1323 467 1398 508 pei
1419 452 1637 507 oppidum,
1667 456 1717 492 ut

413 507 554 550 Stulte
571 506 833 578 Aquinates3
864 509 941 550 sed
962 515 1106 550 tamen
1126 508 1171 550 in
1190 508 1242 549 vi
1237 524 1262 549 ι
1281 509 1549 549 habitabant.
1598 506 1717 555 Quid

81 564 138 606 45
158 564 402 630 Anagnini?
433 564 522 621 qui,
555 579 652 606 cum
683 571 830 606 essent
849 565 1002 613 l¹devii,

1030 565 1220 619 [obviam
1239 564 1295 620 ei]
1318 565 1646 616 descenderunt,
1667 571 1717 605 ut

155 622 302 674 istum,
323 627 543 678 tamquam
561 621 598 662 si
620 627 734 663 esset
752 622 920 674 consul,
937 622 1186 663 salutarent.
1219 621 1477 663 Incredibile
1494 621 1614 663 dictu
1631 626 1716 671 est3

157 685 303 721 tamen
334 679 445 720 inter
477 693 625 721 omnes
659 672 902 730 constabat,
932 679 1147 720 neminem
1169 693 1263 720 esse
1282 679 1580 729 resalutatum3
1610 692 1719 734 prae-

159 736 307 779 sertim
339 737 438 777 cum
466 736 572 777 duos
594 750 740 777 secum
762 735 1016 792 Anagninos
1038 736 1227 785 haberet,
1250 735 1503 776 Mustellam
1522 740 1566 776 et
1586 734 1722 776 Laco-

158 807 278 835 nem·
268 826 280 845 ,

321 806 503 856 quorum
541 793 645 834 alter
683 771 927 848 gladiorum
965 799 1031 834 est
1068 792 1269 848 princeps
1309 792 1414 833 alter
1453 791 1720 855 poculorum.

85 850 142 892 50
161 849 278 898 Quid
301 864 382 905 ego
402 849 498 891 illas
519 848 644 890 istius
665 863 802 890 minas
825 849 1191 912 contumeliasque
1208 863 1552 900 commemorem,
1566 847 1721 911 quibus

160 907 357 948 invectus
377 912 444 947 est
467 905 513 946 in
544 905 779 957 Sidicinos,
798 906 969 947 vexavit
989 906 1270 957 Puteolanos,
1292 905 1411 962 quod
1433 905 1484 947 C.
1504 904 1718 954 Cassium,

161 962 279 1025 quod
317 961 491 1013 Biutos,
524 968 729 1029 patronos
769 961 1080 1016 adopt-cissent?
1125 977 1282 1018 migno
1327 962 1502 1018 quidem
1535 961 1719 1025 judicio,

161 1018 322 1071 studio,
351 1017 670 1069 benevolentia,
700 1017 902 1068 caritate3
934 1032 1022 1059 non
1047 1024 1096 1059 ut
1116 1025 1172 1069 te,
1204 1025 1253 1059 ut
1274 1017 1483 1069 Basilum,
1513 1019 1555 1059 vi
1586 1025 1629 1059 et
1659 1032 1720 1058 ar-

161 1076 259 1129 mis,
301 1081 345 1117 et
384 1075 494 1117 alios
531 1074 661 1117 vestri
702 1074 879 1125 similes,
910 1089 1020 1130 quos
1051 1074 1228 1115 clientes
1258 1089 1384 1115 nemo
1415 1075 1571 1116 habere
1601 1074 1720 1126 velit,

163 1148 251 1175 non
269 1131 399 1174 modo
420 1146 515 1174 esse
533 1132 701 1173 illorum
723 1131 871 1173 cliens.
904 1130 1088 1183 Interea,
1111 1132 1212 1172 dum
1232 1137 1279 1171 tu
1299 1133 1416 1182 abes,
1443 1131 1565 1193 qui
1538 1130 1630 1171 dies
1650 1130 1721 1200 ille

165 1190 344 1246 collegae
370 1189 435 1231 tui
463 1189 556 1238 fuit,
580 1203 678 1231 cum
709 1188 831 1240 illud,
860 1188 975 1258 quod
1001 1194 1048 1228 tu
1067 1187 1257 1229 venerari
1277 1188 1464 1240 solebas,
1484 1175 1572 1237 bus

1679 1202 1692 1227 l
1699 1178 1755 1228 {1¹²⁹
1762 1181 1775 1203 ³‘

164 1247 257 1288 foro
278 1224 452 1288 evertit!
485 1245 573 1309 qua
590 1260 634 1287 re
656 1244 734 1286 tibi
756 1244 964 1296 nuntiata,
998 1251 1047 1286 ut
1067 1244 1295 1286 constabat
1314 1244 1424 1286 inter
1445 1259 1520 1286 eos
1541 1244 1616 1300 qui
1636 1259 1704 1285 un·
1698 1244 1723 1284 Λι

164 1360 366 1411 valuisse,
388 1366 432 1401 et
449 1374 578 1401 arma.

168 1474 316 1518 similis
337 1480 452 1515 esset
471 1488 553 1514 sul.

677 1301 793 1349 Quid
815 1301 1002 1343 evenerit
1017 1301 1165 1358 poste?
1145 1318 1185 1353 ὶ,
1209 1301 1380 1343 nescio:
1413 1308 1574 1343 metum
1596 1301 1723 1343 credo

638 1358 862 1422 Collegam
882 1358 1058 1414 quidem
1078 1359 1132 1400 de
1154 1359 1265 1400 coelo
1287 1358 1531 1411 detraxisti,
1560 1357 1728 1400 effecis-

93 1419 149 1462 60
166 1417 301 1481 tique,
317 1431 404 1458 non
416 1422 464 1458 tu
484 1415 657 1480 quidem
671 1415 800 1457 etiam
811 1430 940 1467 nunc,
957 1422 1004 1456 ut
1017 1416 1074 1457 sit
1089 1415 1240 1457 similis
1257 1415 1335 1468 tui,
1352 1416 1429 1457 sed
1446 1415 1559 1458 certe
1576 1421 1624 1456 ut
1639 1414 1728 1456 dis-

227 1530 398 1573 XVIII.
435 1530 521 1578 Qui
547 1529 647 1572 velo
666 1529 829 1572 reditus
850 1529 951 1572 inde
966 1529 1172 1572 Romam?
1203 1543 1298 1586 quae
1317 1528 1577 1586 pertulbatio
1594 1528 1728 1572 totius

510 1693 528 1719 2
537 1686 892 1731 obscurabantur.

213 1862 269 1892 44.
292 1857 389 1892 Stulte?
408 1857 590 1900 Aquinates]
638 1857 813 1900 Aquinates
835 1868 929 1890 vene-

170 1909 244 1936 runt
266 1904 394 1944 quidem
417 1903 556 1940 obviam,
580 1902 655 1944 quia
674 1902 857 1933 habitabant
871 1903 930 1932 cir-

171 1957 211 1978 ca
224 1946 305 1977 viam
321 1945 475 1982 Latinam,
497 1956 554 1987 per
575 1955 669 1986 quam
692 1945 751 1975 iter
772 1945 928 1976 faciebat:

173 1990 230 2021 sed
261 1989 353 2020 stulte
383 1995 532 2030 egerunt3
567 1998 669 2029 neque
701 1987 783 2019 enim
817 1988 930 2028 dignus

174 2038 252 2069 erat,
268 2032 321 2073 qui
332 2037 421 2063 tanto
435 2032 468 2063 in
489 2032 607 2062 honore
629 2031 805 2067 haberetur,
826 2030 931 2062 Anto-

172 2086 254 2108 mus.

218 2119 271 2150 45.
294 2117 475 2160 Anagnini-J
533 2116 680 2158 Anagnia
707 2116 862 2160 oppidum
885 2121 933 2148 est

177 2161 370 2203 Campaniae.

219 2207 274 2236 48.
296 2204 465 2235 Mustellam
491 2210 518 2235 et
542 2203 714 2245 Laconem]
757 2203 811 2236 De
825 2204 874 2235 his
889 2204 934 2236 lo·

175 2247 282 2289 quitur
295 2247 350 2278 lib.
365 2248 406 2277 ad
420 2246 489 2278 Att.
505 2249 557 2278 16.

221 2292 276 2322 51.
297 2290 467 2331 Sidicinos]
514 2289 773 2327 Sidicinum‚sive
782 2291 936 2327 Teanum,

176 2332 303 2384 colonia
327 2337 360 2364 et
381 2333 453 2364 urbs
481 2332 664 2375 Campaniae
694 2334 765 2372 fuit,
789 2334 936 2365 Casinum

179 2386 295 2407 versus.

224 2419 275 2450 Ib.
299 2418 498 2461 Puteolanos]
536 2419 661 2450 Puteoli
675 2420 861 2451 maritimum
876 2430 934 2460 op-

178 2460 293 2504 pidum
307 2467 357 2492 est
375 2463 408 2492 in
424 2462 609 2504 Campania.
648 2463 774 2493 Festus:
799 2463 934 2493 Puteolos

179 2506 272 2535 dictos
292 2511 401 2544 putant
415 2506 451 2535 ab
469 2516 550 2546 aquae
562 2505 665 2536 calidae
683 2512 799 2545 putore:
821 2507 937 2545 quidam

179 2548 201 2578 ἃ
218 2549 410 2579 multitudine
426 2555 590 2588 puteorum,
609 2550 772 2580 earumdem
793 2559 937 2589 aquarum

181 2590 455 2633 gratidsactmvm.

229 2634 281 2666 52.
304 2633 437 2674 Brutos]
468 2631 648 2664 Invaluerat
662 2635 727 2664 haec
742 2634 936 2666 consuetudo

183 2678 269 2717 apud
286 2676 355 2707 illos
369 2682 502 2714 veteres,
518 2682 553 2706 ut
566 2676 695 2717 singulae
712 2676 853 2708 nationes
868 2677 936 2707 Ro-

185 2730 244 2750 mae
265 2725 411 2760 patronos
435 2719 594 2756 haberent,
616 2721 651 2751 in
678 2730 807 2761 quorum
834 2726 938 2751 essent

183 2762 339 2794 clientela.

230 2806 283 2837 53.
306 2805 469 2848 Basilum]
504 2805 627 2840 Basilus
645 2806 699 2839 ille
722 2804 823 2849 pn‘rno
845 2805 940 2839 Pom·

1152 1686 1171 1711 *¹
1183 1690 1302 1728 extra
1319 1687 1448 1728 viam.

973 1857 1090 1899 peiurn,
1105 1857 1222 1889 deinde
1237 1856 1421 1893 Antonium,
1436 1861 1559 1888 secutus
1574 1863 1632 1891 est.

1016 1902 1069 1933 56.
1094 1901 1240 1942 Collegae.]
1264 1899 1463 1930 Dolabellam
1478 1901 1565 1937 dicit,
1582 1901 1637 1942 qui
1658 1901 1731 1933 bus-

973 1948 1038 1974 tum
1053 1943 1183 1975 Caesaris
1199 1943 1311 1975 evertit
1317 1953 1328 1982 3
1344 1943 1385 1973 de
1400 1953 1462 1984 quo
1481 1943 1597 1975 dictum
1615 1945 1727 1986 Philip.

977 1991 1006 2017 1.
1023 1997 1130 2027 parag.
1145 1987 1166 2017 i.

1018 2031 1072 2063 58.
1095 2028 1278 2070 concidisti]
1307 2028 1349 2060 Id
1365 2032 1424 2066 est,
1439 2034 1525 2061 metu
1535 2030 1729 2063 exanimatus

975 2082 1021 2103 es·

1019 2114 1068 2146 Ib.
1096 2115 1208 2147 Metum
1221 2116 1314 2153 credo,
1332 2121 1360 2146 et
1379 2115 1491 2157 arma]
1534 2115 1598 2148 Hic
1619 2117 1730 2149 Cicero

975 2158 1175 2190 Dolabellam
1194 2158 1306 2199 arguit,
1328 2157 1412 2199 quod
1434 2159 1613 2200 reipublicae
1627 2168 1730 2202 partes

977 2202 1159 2238 deseruerit,
1191 2212 1255 2232 non
1289 2207 1374 2233 metu
1405 2212 1558 2234 armorum
1586 2204 1731 2240 Antonii,

977 2250 1013 2276 ut
1037 2245 1174 2282 dicebat,
1199 2245 1255 2275 sed
1281 2245 1354 2286 quia
1379 2245 1418 2275 ab
1444 2256 1483 2276 eo
1504 2247 1640 2288 pecunia
1662 2257 1731 2278 cor·

978 2292 1087 2329 ruptus
1110 2293 1168 2325 est,
1190 2292 1226 2318 ut
1245 2298 1317 2319 eum
1339 2287 1397 2319 sibi
1418 2299 1542 2331 semper
1569 2290 1729 2322 addictum

978 2332 1118 2362 haberet.

1022 2376 1076 2406 59.
1099 2374 1147 2405 De
1160 2375 1227 2405 coelo
1239 2373 1422 2415 detraxisti]
1468 2374 1521 2406 De
1535 2374 1613 2406 coelo
1627 2375 1731 2407 detra·

977 2419 1063 2454 here,
1078 2417 1141 2448 sive
1155 2417 1337 2454 disturbare,
1359 2418 1446 2448 idem
1469 2422 1529 2456 est,
1543 2427 1580 2448 ac
1595 2418 1731 2459 aliquem

979 2462 1019 2492 de
1031 2460 1161 2491 maxima
1172 2461 1270 2502 gloria
1282 2460 1428 2501 dejicere,
1440 2471 1495 2491 seu
1507 2460 1650 2492 laudibus
1659 2472 1732 2502 spo.

981 2504 1071 2535 liare:
1092 2514 1176 2538 narn,
1193 2514 1269 2545 quos
1283 2503 1457 2541 laudamus,
1477 2503 1607 2536 dicimur
1622 2514 1675 2535 eos
1691 2506 1732 2536 ad

981 2547 1092 2578 coelum
1106 2547 1251 2577 laudibus
1267 2546 1388 2577 efferre.

1023 2589 1073 2621 Ib.
1098 2588 1256 2631 Effecisti]
1299 2589 1379 2620 Cflm
1401 2599 1466 2620 non
1489 2594 1551 2621 tam
1572 2596 1655 2622 esset
1674 2592 1732 2622 im.

979 2633 1093 2673 probus
1120 2632 1284 2663 Dolabella
1306 2632 1398 2674 quam
1424 2631 1593 2671 Antonius,
1615 2634 1734 2672 effecit,

979 2685 1042 2705 non
1057 2681 1091 2705 ut
1105 2675 1162 2705 sibi
1179 2675 1316 2706 Antonio
1331 2680 1413 2706 esset
1426 2676 1532 2706 similis
1546 2676 1734 2718 Dolabella5

980 2719 1013 2748 id
1047 2723 1107 2756 est,
1140 2722 1202 2748 tam
1233 2718 1400 2749 sceleratus
1436 2719 1530 2760 quam
1559 2719 1734 2759 Antonius3

981 2762 1055 2837 {ed
1071 2761 1181 2793 saltem
1211 2772 1276 2794 non
1303 2767 1367 2794 tam
1388 2762 1504 2804 probus
1525 2773 1620 2806 quam
1639 2764 1736 2797 antea

997 2815 1055 2836 ulss
1059 2809 1103 2839 et,
