1838 3017
740 158 802 191 DE
823 157 1051 194 mmmm.
1598 161 1679 204 511

120 247 166 275 se
200 235 486 285 contulerunt,
518 240 561 276 et
594 234 637 287 ii,
669 236 742 292 qui
773 251 910 278 rerum
942 236 1190 293 cognitione
1218 235 1501 293 doctrinaque
1534 238 1677 281 delec-

121 297 279 342 tantur,
311 299 354 333 et
376 292 419 342 ii,
451 291 524 348 qui
546 307 670 333 suum
692 293 911 349 negotium
934 301 1087 348 gerunt
1107 294 1260 336 otiosi:
1292 294 1508 349 postremo
1530 294 1573 344 ii,
1607 296 1680 351 qui

121 362 167 389 se
189 355 304 389 totos
326 348 591 390 tradiderunt
611 350 916 406 voluptatibus,
938 349 1030 390 sinc
1051 350 1241 392 amicitia
1257 351 1388 392 vitam
1406 366 1499 392 esse
1516 352 1680 393 nullam

121 404 326 455 sentiunt,
349 405 384 445 si
408 405 535 446 modo
557 406 688 446 velint
709 406 853 462 aliqu-21
877 421 927 447 ex
951 414 1068 462 parte
1090 407 1319 448 liberaliter
1341 407 1494 449 vivere.
1538 408 1683 464 Serpit

122 460 249 511 enim,
264 462 410 502 nescio
428 462 660 517 quomodo,
679 478 752 519 per
767 463 954 504 omnium
970 464 1077 503 vitas
1095 464 1302 515 amicitia3
1334 478 1415 505 nec
1432 465 1563 506 ullam
1581 472 1683 506 aeta-

123 516 179 558 tis
211 517 420 572 degendae
453 519 661 559 rationem
685 519 844 575 patitur
865 534 958 560 esse
981 527 1197 575 expertem
1220 520 1299 561 sui.
1361 520 1624 573 Quinetiam,
1647 520 1684 563 si

121 573 218 630 quis
239 574 290 615 ea
305 575 532 630 asperitate
554 583 619 616 est
640 584 684 616 et
704 577 968 617 immanitate
989 585 1164 625 naturae,
1187 591 1444 632 congressus
1469 584 1516 618 ut
1546 578 1684 619 homi-

121 645 222 671 num
243 630 380 686 fugiat
401 640 529 687 atque
552 632 690 673 oderit
710 633 897 688 (qualem
918 632 1050 673 fuisse
1074 633 1258 674 Athenis
1280 633 1503 674 Timonem
1534 634 1682 675 nescio

121 701 250 743 quem
271 688 550 744 accepimus),
582 696 725 730 tamen
746 689 782 730 is
806 689 892 744 pati
915 702 1000 729 non
1021 689 1174 742 possit,
1206 696 1255 729 ut
1281 702 1368 729 non
1390 690 1590 745 anquirat
1609 689 1685 730 ali-

119 757 265 798 quem,
296 745 411 800 apud
443 759 570 800 quem
601 752 768 786 evomat
800 745 911 785 virus
951 744 1197 785 acerbitatis
1238 759 1339 786 suae.
1419 746 1564 802 Atque
1600 746 1687 788 hoo

120 799 307 841 maxime
323 801 602 855 judicaretur,
625 801 660 841 si
682 800 787 856 quid
808 801 890 841 tale
912 808 1060 856 posset
1080 801 1343 856 contingere,
1359 809 1407 843 ut
1427 802 1583 859 aliquis
1605 818 1686 844 nos

119 856 225 898 deus
246 870 299 898 ex
320 857 402 898 hae
423 856 645 897 hominum
666 857 910 912 frequenti-'21
932 858 1114 908 tolleret,
1138 865 1181 898 et
1203 857 1246 898 in
1268 857 1502 900 solitudine
1518 859 1687 916 uspiam

121 912 366 964 collocaret,
383 921 528 969 atque,
550 913 609 954 ibi
632 914 916 970 suppeditans
935 914 1126 954 omnium
1143 929 1295 965 rerum,
1317 929 1425 970 quas
1445 923 1594 957 natura
1616 916 1688 957 de-

120 969 292 1019 siderat,
315 969 620 1011 abundantiam
642 978 685 1011 et
705 970 888 1026 copiam,
912 970 1097 1011 hominis
1117 971 1291 1012 omnino
1322 971 1590 1027 adspiciendi
1613 987 1689 1028 po-

122 1031 324 1067 testatem
345 1026 540 1082 eriperet.
602 1026 708 1074 Quis
740 1034 828 1067 tarn
859 1033 974 1068 esset
1000 1027 1174 1075 ferrem,
1207 1027 1279 1083 qui
1311 1043 1406 1069 eam
1429 1029 1556 1070 vitam
1579 1029 1686 1070 ferre

124 1090 287 1136 posset,
309 1083 466 1139 cuique
483 1097 568 1124 non
586 1083 772 1124 auferret
788 1083 973 1124 fructum
988 1085 1257 1140 voluptatum
1274 1084 1461 1126 omnium
1476 1085 1689 1127 solitudo?

124 1138 286 1180 Verum
307 1154 408 1196 ergo
433 1140 536 1181 illud
560 1147 639 1189 est,
663 1140 794 1196 quod,
818 1155 842 1180 a
863 1140 1093 1182 Tarentino
1109 1140 1305 1195 Archyta
1327 1146 1394 1192 (ut
1415 1142 1584 1197 opinor)
1602 1142 1688 1184 dici

123 1195 311 1247 solitum,
340 1203 510 1238 nostros
532 1211 656 1238 senes
679 1210 1009 1238 commemorare
1030 1196 1189 1248 audivi,
1221 1197 1275 1238 ab
1299 1197 1394 1239 aliis
1417 1199 1591 1240 senibus
1613 1214 1688 1240 au-

125 1252 289 1294 ditum:
323 1252 367 1293 Si
393 1253 488 1309 quis
506 1253 549 1293 in
564 1253 721 1294 coelum
737 1253 1050 1305 adscendisset,
1072 1261 1350 1310 naturamque
1369 1255 1515 1296 mundi
1533 1262 1577 1296 et
1594 1255 1689 1311 pul-

123 1308 412 1351 chritudinem
432 1310 621 1350 siderum
642 1310 945 1365 perspexisset,
962 1310 1180 1351 insuavem
1206 1310 1326 1351 illam
1358 1311 1687 1354 admirationem

124 1364 163 1406 ei
186 1365 289 1414 fore,
312 1366 738 1423 quaejucundissima
759 1366 925 1416 fuisset,
944 1367 1063 1421 [nisi]
1081 1367 1283 1423 aliquem,
1307 1367 1375 1408 cui
1397 1378 1599 1419 narraret,
1613 1368 1690 1410 ha-

123 1421 302 1464 buisset.
363 1423 436 1464 Sic
454 1430 604 1464 natura
621 1422 857 1464 solitarium
878 1423 984 1464 nihil
1011 1430 1141 1474 amat,
1164 1438 1416 1480 semperque
1434 1425 1490 1465 ad
1511 1425 1689 1481 aliquod

124 1484 343 1535 tamquam
356 1479 666 1522 adminiculum
679 1479 904 1531 annititur3
935 1480 1054 1537 quod
1070 1480 1113 1521 in
1127 1480 1386 1522 amicissimo
1403 1495 1577 1538 quoque
1595 1482 1690 1524 dul-

127 1550 349 1577 elsslmum
371 1543 450 1578 est.

183 1591 352 1634 XXIV.
385 1593 487 1644 Sed,
519 1593 617 1635 cum
647 1599 712 1635 tot
742 1593 877 1649 signis
908 1593 1059 1635 eadem
1085 1599 1237 1634 natura
1257 1594 1460 1646 declaret,
1492 1594 1596 1650 quid
1617 1610 1689 1636 ve-

123 1647 187 1696 lit,
220 1649 433 1705 anquirat,
465 1650 700 1700 desideret3
732 1650 1076 1692 obsurdescimus
1094 1658 1252 1700 tamen,
1274 1650 1421 1692 nescio
1442 1651 1688 1707 quomodo;

124 1719 207 1747 nec
250 1721 314 1757 ea,
355 1722 451 1762 quae
486 1707 539 1748 ab
581 1706 633 1747 ea
674 1721 907 1757 monemur,
950 1707 1161 1748 audimus.
1221 1706 1303 1748 Est
1331 1707 1446 1748 enim
1475 1708 1614 1749 varius
1645 1715 1690 1750 et

125 1761 350 1818 multiplex
373 1778 474 1804 usus
503 1762 730 1813 amicitiae;
762 1764 991 1819 multaeque
1012 1778 1153 1805 causae
1173 1763 1466 1819 suspicionum
1486 1763 1689 1806 offensio-

124 1833 316 1874 numque
347 1819 524 1870 dantur3
561 1834 666 1875 quas
698 1827 790 1861 tum
821 1820 993 1872 evitare,
1025 1828 1115 1861 tum
1137 1821 1314 1872 elevare,
1346 1827 1438 1862 tum
1468 1821 1590 1872 serre,
1623 1836 1691 1863 sa-

126 1874 285 1930 pientis
316 1883 394 1917 est.
454 1876 553 1917 Una
582 1876 658 1917 illa
688 1876 954 1918 sublevanda
984 1877 1164 1918 offensio
1197 1884 1276 1928 est,
1309 1883 1355 1918 ut
1385 1884 1428 1918 et
1458 1877 1612 1919 veritas
1644 1878 1689 1921 in

126 1931 330 1983 amicitia,
361 1939 405 1974 et
435 1933 542 1974 fides
573 1933 832 1974 retineatur:
864 1948 963 1974 nam
990 1940 1032 1974 et
1062 1934 1266 1975 monendi
1292 1933 1418 1975 amici
1441 1949 1552 1989 saepe
1573 1941 1686 1986 sunt,

128 1995 172 2029 et
206 1988 486 2043 objurgandi3
527 1995 570 2030 et
600 1989 693 2029 haec
724 1988 980 2045 accipienda
1015 1989 1167 2041 amice,
1200 1989 1296 2030 cum
1325 1990 1534 2031 benevole
1563 1991 1688 2034 fiunt.

127 2044 229 2094 Sed,
250 2045 397 2086 nescio
415 2045 648 2101 quomodo,
669 2059 815 2087 verum
835 2052 914 2096 est,
936 2046 1053 2102 quod
1075 2045 1119 2086 in
1138 2045 1309 2087 Andria
1330 2046 1548 2088 familiaris
1567 2061 1688 2090 meus

131 2100 266 2152 dicit:

418 2159 676 2212 Obsequium
696 2162 865 2209 amic-os,
896 2162 1054 2201 veritas
1075 2161 1233 2210 odium,
1252 2162 1385 2213 parit.

129 2214 322 2265 Molesta
351 2215 521 2266 veritas,
553 2215 589 2256 si
611 2215 785 2271 quidem
814 2230 865 2256 ex
899 2215 952 2256 ea
980 2215 1170 2256 nascitur
1201 2216 1361 2268 odium,
1394 2217 1511 2273 quod
1533 2222 1599 2259 est
1619 2232 1690 2260 ve-

131 2286 290 2313 nenum
321 2271 546 2322 amicitiae,
578 2273 655 2314 sed
687 2272 940 2328 obsequium
971 2273 1104 2314 multo
1131 2273 1368 2324 molestius,
1401 2274 1517 2329 quod
1538 2289 1690 2330 pecca-

133 2327 188 2369 tis
210 2328 450 2384 indulgens,
471 2328 735 2384 praecipitem
751 2329 936 2370 amicum
957 2328 1054 2369 ferri
1070 2328 1183 2370 sinit.
1231 2329 1426 2370 Maxima
1438 2337 1582 2372 autem
1600 2332 1692 2373 cul-

130 2399 189 2440 pa
209 2383 253 2425 in
273 2398 324 2426 eo
346 2392 426 2436 est,
475 2384 517 2425 ui
539 2392 582 2427 et
600 2385 822 2426 veritatem
835 2386 1127 2442 adspernatur,
1150 2393 1194 2426 et
1212 2386 1256 2426 in
1273 2386 1464 2428 fraudem
1481 2387 1689 2444 obsequio

132 2441 380 2497 impellitur.
440 2400 571 2482 gumi
601 2441 732 2497 igitur
762 2442 846 2483 hac
879 2441 920 2482 in
954 2457 996 2483 re
1028 2442 1226 2484 habenda
1256 2442 1361 2484 ratio
1395 2449 1438 2485 et
1467 2443 1692 2500 diligentia

131 2505 214 2545 est,
249 2497 446 2553 primum,
482 2504 532 2540 ut
566 2498 747 2540 monitio
779 2499 1027 2550 acerbitate,
1059 2498 1215 2540 deinde
1246 2506 1294 2540 ut
1324 2499 1567 2555 objurgatio
1588 2515 1692 2541 con-

136 2553 314 2595 tumelia
345 2560 513 2596 careat:
554 2554 598 2595 in
630 2555 837 2611 obsequio
870 2563 1012 2597 autem
1043 2555 1267 2612 (quoniam
1286 2555 1541 2597 Terentiano
1562 2556 1691 2598 verbo

136 2610 334 2652 lubenter
353 2611 527 2664 utimur)
550 2612 732 2653 comitas
749 2612 881 2667 quit:
901 2613 1151 2664 assentatio,
1165 2612 1364 2654 vitiorum
1381 2612 1581 2667 adjutrix,
1598 2627 1694 2668 pro-

138 2667 208 2709 cul
240 2677 512 2719 amoveatur3
553 2683 649 2725 quae
684 2683 770 2710 non
809 2669 936 2709 modo
971 2667 1125 2720 amico,
1165 2669 1241 2710 sed
1271 2683 1324 2709 ne
1355 2667 1488 2709 libero
1519 2669 1694 2724 quidem

139 2723 271 2779 digna
301 2731 390 2765 est:
429 2724 555 2766 aliter
586 2725 699 2767 enirn
731 2740 829 2766 cum
859 2732 1055 2780 tyranno,
1087 2725 1210 2766 aliter
1238 2740 1337 2766 cum
1364 2724 1504 2766 amico
1524 2725 1694 2767 vivitur.

138 2779 275 2836 Cujus
305 2786 449 2824 autem
478 2795 602 2826 aures
633 2781 800 2827 veritati
832 2781 990 2826 clausae
1012 2788 1127 2839 sunt,
1159 2788 1205 2824 ut
1225 2781 1279 2824 ab
1299 2780 1436 2840 amico
1457 2796 1602 2826 verum
1621 2796 1696 2840 au-
