1790 3090
82 148 171 216 3³⁵0

780 150 833 189 IN
864 156 1080 192 PISONEM.

161 228 207 280 ii,
233 228 259 271 a
282 229 437 287 quibus
459 229 658 272 dicebare
689 235 850 286 consul,
882 241 925 278 te
955 235 1051 277 luce
1082 233 1261 291 dignum
1280 249 1366 278 non
1387 244 1600 293 putarent,
1632 238 1716 280 nisi

164 286 357 343 nequior,
380 287 511 343 quam
538 286 764 341 Gabinius,
786 292 1049 333 exstitisses:
1080 306 1148 333 me
1179 300 1336 335 cuncta
1367 294 1507 345 Italia,
1530 308 1597 335 me
1629 309 1718 335 om-

165 358 243 385 nes
278 344 462 394 ordines,
492 358 559 384 me
591 344 790 387 universa
820 348 986 399 civitas,
1006 363 1093 390 non
1124 348 1237 404 prius
1266 351 1423 392 tabella
1450 349 1579 406 quam
1600 365 1719 401 voce,

97 399 149 441 10
168 400 348 457 priorem
376 401 597 441 consulem
630 401 875 445 declaravit.

937 404 1023 445 Sed
1045 405 1210 456 omitto,
1232 413 1279 447 ut
1309 407 1366 447 sit
1385 408 1523 448 factus
1544 413 1721 462 uterque

167 456 378 506 nostrdm3
409 456 466 497 sit
486 456 588 497 sane
606 456 710 498 Fors
730 459 903 500 domina
920 461 1090 516 Campi3
1123 462 1468 516 magnificentius
1483 470 1548 504 est
1565 463 1721 514 dicere,

167 513 530 568 quemadmodum
551 515 806 568 gesserimus
828 517 1110 567 consulatum,
1129 517 1258 573 quam
1278 519 1639 574 quemadmodum
1656 533 1724 559 ce-

167 569 370 624 perimus.
429 568 525 625 Ego
547 570 750 612 Calendis
778 571 953 614 Januar.
984 580 1179 614 senatum
1213 580 1256 614 et
1287 576 1427 617 bonos
1447 590 1593 617 omnes
1615 575 1723 630 legis

169 625 344 680 agrariae
373 627 736 683 maximarumque
756 628 1031 684 largitionum
1063 637 1179 671 metu
1210 630 1399 673 liberavi.
1458 632 1554 688 Ego
1575 645 1724 687 agrum

100 684 152 724 15
171 681 452 737 Campanum,
502 682 537 723 si
587 683 720 724 dividi
769 699 855 726 non
895 687 1097 741 oportuit,
1133 687 1402 739 conservavi3
1452 688 1486 728 si
1518 687 1721 743 oportuit,

168 737 417 781 melioribus
439 740 683 781 auctoribus
701 741 923 783 reservavi.
960 742 1071 799 Ego,
1087 743 1130 783 in
1148 743 1198 785 C.
1215 742 1407 796 Rabirio,
1421 743 1723 799 perduellionis

169 809 243 836 reo
284 794 364 835 XL
404 795 527 836 annis
562 802 660 838 ante
698 812 766 838 me
806 799 1042 851 consulem,
1080 800 1377 855 interpositam
1418 801 1592 841 senatus
1628 814 1727 840 auc-

169 851 388 892 toritatem
419 851 603 893 sustinui
631 860 780 895 contra
808 854 1027 907 invidiam,
1057 863 1184 911 atque
1212 856 1398 897 defendi.
1457 856 1552 912 Ego
1582 856 1725 897 adole-

171 913 343 948 scentes
363 908 501 949 bonos
522 915 565 948 et
583 909 730 960 fortes,
751 910 827 951 sed
849 925 950 951 usos
971 911 1024 952 ea.
1044 912 1289 953 conditione
1307 913 1502 964 fortunae,
1520 919 1581 963 ut,
1602 912 1639 952 si
1661 927 1727 952 es-

99 965 156 1006 20
175 969 271 1004 sent
299 964 572 1025 magistratus
599 965 759 1019 adepti,
783 965 970 1021 Reipub.
998 974 1158 1009 statum
1179 968 1446 1010 ¹‘convulsuri
1470 969 1725 1019 viderentur,

173 1019 279 1062 meis
305 1018 555 1070 inlmicitiis,
575 1021 717 1061 enulla
744 1022 914 1062 senatus
946 1023 1060 1063 mala
1087 1024 1238 1079 gratia,
1263 1024 1533 1066 comitiorum
1563 1024 1726 1065 ratione

172 1075 354 1132 privavi3
385 1090 465 1133 ego
487 1076 725 1118 Antonium
754 1078 982 1133 collegam,
1007 1080 1212 1135 cupidum
1242 1081 1488 1136 provinciae,
1519 1081 1653 1121 multa
1683 1079 1728 1120 in

172 1132 397 1189 republica
411 1132 672 1187 molientem,
689 1133 899 1190 patientia
913 1142 1041 1191 atque
1059 1135 1267 1192 obsequio
1281 1150 1377 1178 meo
1393 1135 1600 1194 mitigavi.
1631 1135 1726 1192 Ego

323 1343 342 1369 ¹³
347 1347 577 1400 perdituri.

216 1573 248 1602 8.
274 1569 400 1611 Neqnior
423 1570 510 1612 quam
540 1571 715 1614 Gabinius]
778 1573 931 1606 Gabinius

174 1613 239 1650 ille,
252 1620 286 1644 ut
300 1613 377 1645 dicit
392 1614 503 1645 Cicero
517 1615 549 1645 in
565 1616 653 1646 Orat.
684 1620 754 1657 post
778 1616 931 1648 Reditum

173 1657 207 1686 in
223 1657 296 1687 Sen.
313 1658 412 1698 prima
427 1658 526 1688 aetatis
541 1669 603 1689 suae
617 1664 757 1699 tempora
772 1660 811 1689 ad
825 1671 931 1691 omnes

172 1699 322 1730 libidines
338 1700 531 1740 divulgavit3
555 1706 588 1731 et
603 1707 774 1741 egestatem
789 1708 821 1733 et
843 1703 930 1734 luxu-

172 1742 249 1771 riam
266 1743 437 1773 domestico
450 1743 604 1773 lenocinio
619 1745 822 1783 sustentavit3
840 1751 882 1782 et,
897 1751 932 1776 ut

174 1783 371 1820 Plutarchus,
399 1785 480 1815 inter
510 1796 617 1816 omnes
644 1787 790 1828 Pompeii
814 1799 930 1819 scurras

174 1832 347 1858 assentator
361 1827 429 1857 fuit.

219 1871 250 1901 9.
287 1870 403 1900 Tabellct
438 1870 523 1911 qutim
560 1873 652 1914 voca]
719 1872 932 1904 Declarabant

174 1923 268 1953 quem
283 1912 504 1952 eligebant,vel
517 1914 694 1955 scripto,vel
704 1925 791 1945 voce.
819 1916 931 1946 Cicero

175 1957 332 1985 communi
342 1956 474 1986 omnium
484 1967 561 1987 voce
573 1958 679 1988 consul
690 1958 863 1988 declaratus
873 1964 929 1989 est.

219 2001 273 2028 11.
296 1998 423 2028 Domina
451 1998 579 2039 Compi]
627 2000 761 2030 Fortuna
783 2007 814 2031 et
843 2012 932 2031 casus

176 2040 290 2080 saepisis
317 2042 468 2081 regebant
503 2041 627 2072 comitia
654 2053 723 2082 quae
752 2043 784 2072 in
813 2043 933 2084 Campo

175 2082 294 2113 :Martio
307 2084 509 2118 habebantur,
519 2084 610 2124 quam
624 2085 786 2115 consilium
800 2092 831 2116 et
847 2088 934 2117 ratio.

222 2128 273 2156 13.
299 2125 433 2155 Calendis
447 2126 630 2167 hatuariis]
683 2127 779 2158 Initio
794 2129 934 2159 Januarii

177 2168 318 2199 consules
342 2169 551 2209 magistratum
568 2170 710 2206 inibant;
735 2172 818 2210 quod
836 2172 936 2202 mani-

176 2211 255 2241 feste
272 2212 366 2242 docet
382 2212 525 2248 Ovidius,
540 2212 594 2243 lib.
611 2214 642 2244 4.
659 2223 696 2243 ex
711 2212 825 2244 Ponto.

178 2294 258 2337 Ergo
283 2297 346 2333 ubi,
374 2296 449 2327 June
477 2298 577 2337 biceps,
607 2298 725 2339 longum
767 2301 936 2330 reseraveris

306 2351 426 2376 annum,

222 2380 329 2412 Pulsus
340 2389 365 2412 et
377 2382 394 2411 ὰ
409 2392 489 2412 sacro
501 2393 591 2413 mense
606 2383 758 2413 December
767 2386 836 2421 erit,-

178 2422 323 2464 Purpura
360 2425 526 2464 Pompeium
560 2427 664 2456 summi
706 2428 809 2457 velabit
847 2428 934 2458 hono-

303 2478 355 2502 ris,

221 2507 267 2539 Ne
279 2509 375 2540 titulis
388 2510 543 2550 quidquam
557 2510 655 2541 debeat
670 2511 720 2542 ille
730 2514 800 2544 suis.

219 2593 270 2624 Ib.
292 2593 378 2635 Legis
401 2596 555 2636 ogi-arim]
602 2596 710 2627 Cassio
740 2602 771 2627 et
798 2597 930 2627 Proculo

177 2636 266 2667 Coss.
283 2636 413 2677 primum
436 2638 498 2668 lata
521 2643 568 2669 cst
582 2639 631 2669 lex
653 2640 783 2680 agraria,
799 2645 831 2670 et
847 2651 932 2681 mag-

175 2680 224 2710 nis
248 2680 358 2719 posteri
382 2690 482 2711 rerum
509 2681 641 2711 motibus
668 2692 725 2722 per
750 2693 846 2713 annos
867 2683 931 2714 fere

173 2722 298 2762 triginta
317 2725 448 2762 jactata,
471 2728 504 2754 et
526 2729 695 2755 restaurata
720 2724 737 2754 ἲ]
763 2724 858 2756 Rullo
880 2726 933 2756 tri·

172 2765 258 2797 buno
274 2765 386 2807 plebis,
402 2766 463 2808 qua
479 2766 674 2810 Campanum
690 2777 795 2809 agrum
812 2768 931 2810 populo

810 1349 956 1391 ‘nullo
974 1350 1069 1391 odio
1087 1355 1284 1405 concepto
1304 1351 1352 1391 in
1372 1353 1582 1393 senatum.

977 1575 1156 1615 dividebat3
1178 1576 1232 1607 sed
1255 1577 1335 1608 hanc
1355 1576 1459 1617 legem
1481 1574 1605 1606 sustulit
1619 1572 1730 1606 Cicero

976 1619 1079 1649 statim
1095 1625 1188 1659 atque
1205 1620 1313 1651 consul
1336 1620 1527 1650 renuntiatus
1543 1624 1600 1649 est.
1644 1617 1730 1648 Vide

977 1661 1064 1692 Orat.
1079 1663 1119 1692 de
1135 1662 1219 1703 Lege
1233 1662 1375 1703 Agraria.

1018 1707 1070 1735 16.
1094 1704 1261 1736 Melioribus
1282 1704 1474 1745 auctoribus]
1522 1701 1675 1744 Pompeio
1699 1707 1731 1732 et

977 1746 1014 1777 C.
1031 1747 1157 1780 Caesari.

1018 1789 1067 1820 Ib.
1093 1790 1131 1820 Ιη
1146 1790 1267 1820 Rabirio
1284 1791 1491 1830 perduellionis
1512 1789 1588 1830 rem]
1633 1785 1732 1835 Rabi-

975 1833 1036 1862 rius
1052 1843 1122 1862 cum
1139 1833 1202 1863 telo
1218 1834 1318 1863 suerat
1332 1834 1363 1862 in
1387 1833 1548 1863 collisione
1565 1831 1732 1865 Saturnini,

975 1874 1028 1914 qui
1044 1875 1229 1906 seditionem
1245 1875 1382 1905 tribunus
1396 1875 1495 1915 plebis
1514 1874 1702 1920 excitaverat
1717 1882 1726 1909 3

974 1917 1089 1948 deinde
1111 1918 1250 1959 oppressi
1273 1919 1340 1957 ejus
1366 1924 1461 1958 caput
1487 1927 1542 1957 per
1565 1915 1733 1946 ludibrium

975 1960 1213 1991 circumtulerat.
1259 1961 1400 2000 Triginta
1427 1970 1478 1989 sex
1504 1959 1593 1988 annis
1618 1956 1688 1997 pdst
1713 1957 1732 1986 εὶ

976 2002 1114 2032 Labieno
1124 2003 1245 2032 tribuno
1257 2003 1355 2042 plebis
1367 2001 1564 2041 injudiciurn
1576 1999 1735 2035 Rabirius,

978 2045 1061 2085 apud
1085 2046 1246 2086 populum,
1264 2045 1484 2084 perduellionis
1506 2054 1588 2080 reus,
1604 2047 1733 2072 vocatus

979 2092 1036 2122 est,
1053 2093 1083 2116 et
1102 2089 1248 2118 defensus
1264 2088 1282 2117 a
1298 2087 1449 2118 Cicerone
1464 2086 1602 2118 consule.
1622 2118 1623 2121 ,
1647 2084 1732 2115 Vide

980 2129 1046 2170 ejus
1063 2130 1152 2162 Orat.

1023 2175 1075 2203 18.
1111 2174 1304 2203 Adolescentes
1340 2173 1449 2213 bonos]
1509 2170 1595 2202 Tulit
1631 2170 1732 2209 legem

980 2215 1141 2246 Cornelius
1170 2216 1269 2257 Sylla,
1298 2221 1332 2245 ut
1367 2215 1607 2256 proscriptorum
1644 2212 1732 2243 liberi

979 2259 1130 2288 bonorum
1141 2259 1345 2298 petendorum
1355 2263 1510 2298 potestate
1520 2257 1712 2297 privarentur
1725 2265 1732 2283 :

978 2300 1050 2331 cum
1078 2307 1182 2331 tamen
1211 2306 1318 2341 petere
1340 2301 1468 2335 vellent,
1491 2300 1602 2330 Cicero
1626 2302 1733 2328 contra

979 2354 1032 2373 eos
1053 2344 1226 2374 orationem
1250 2344 1369 2376 habuit.
1416 2343 1498 2374 Vide
1522 2341 1604 2373 Ptin.
1625 2340 1678 2370 lib.
1697 2342 1729 2370 7.

976 2397 1047 2427 cap.
1063 2388 1117 2417 30.

1020 2432 1072 2460 22.
1099 2430 1244 2468 Cnpirlum
1257 2427 1438 2467 provinciae]
1483 2426 1646 2466 obtigerat
1660 2424 1733 2455 Ma-

975 2472 1109 2502 cedonia
1122 2472 1267 2502 Ciceroni
1281 2473 1312 2502 in
1326 2470 1485 2501 sortitione
1498 2468 1733 2508 provinciarum,

976 2519 1007 2543 et
1023 2513 1160 2544 Antonio
1177 2514 1291 2544 Gallia.
1337 2512 1417 2544 Cim]
1432 2515 1554 2551 optaret
1576 2510 1732 2540 Macedo-

975 2556 1057 2586 niam
1085 2556 1251 2592 Antonius,
1278 2556 1351 2596 quia
1376 2553 1562 2595 opulentior,
1588 2563 1657 2582 cum
1693 2563 1731 2582 eo

977 2598 1109 2628 Galliam
1120 2600 1321 2629 commutavit
1335 2597 1444 2627 Cicero
1454 2608 1463 2633 ;
1476 2602 1507 2626 et
1518 2595 1572 2631 sic,
1585 2595 1732 2636 pactione

976 2641 1154 2681 provinciae,
1170 2651 1239 2671 eum
1256 2641 1293 2670 ad
1312 2640 1427 2680 Remp.
1444 2638 1610 2669 revocavit.

1018 2683 1068 2714 Ib.
1090 2683 1109 2713 Ι
1111 2695 1129 2713 η
1143 2683 1287 2722 republica
1303 2681 1494 2721 molientem]
1537 2681 1653 2711 Favere
1664 2679 1734 2710 An-

976 2726 1076 2756 tonius
1093 2726 1238 2757 Catilinae
1252 2736 1315 2756 non
1327 2724 1455 2758 obscure
1467 2724 1638 2761 videbatur,
1650 2728 1684 2754 ut
1699 2733 1732 2754 se

977 2778 1036 2803 aere
1052 2769 1153 2802 alieno
1168 2768 1322 2802 liberaret.
