1790 3090
37 183 123 228 364
698 182 788 215 PRO
814 180 1076 216 MARCELLO.

35 262 90 303 '75
109 259 296 312 miretur,
323 259 582 316 jampridem
612 261 746 302 multa
777 261 932 313 habet3
967 276 1097 313 nunc,
1128 259 1257 302 etiam
1285 271 1383 318 quae
1413 259 1576 316 laudet,
1607 259 1680 307 bx-

107 325 291 375 spectat.
328 317 652 373 Obstupescent
667 318 825 373 posteri
840 319 969 370 certe,
985 317 1175 373 imperia,
1189 318 1448 375 provincias,
1462 319 1678 373 Rhenumj

108 376 345 424 Oceanum,
380 373 540 422 Nilum,
572 389 736 430 pugnas
773 375 1121 427 innumerabiles,
1153 375 1428 418 incredibiles
1459 375 1679 431 victorias}

105 433 381 480 monimenta,
415 445 605 482 munera,
638 431 876 488 triumphos
900 432 1123 473 audientes
1145 440 1189 474 et
1209 433 1402 489 legentes
1423 440 1548 475 tuos:
1587 434 1678 486 sed3

104 490 186 530 nisi
209 489 303 529 haec
326 488 424 528 urbs
447 488 638 529 stabilita
665 489 750 529 tuis
780 489 974 530 consiliis
1007 496 1050 530 et
1080 489 1291 530 institutis
1323 489 1418 541 erit,
1448 491 1678 547 vagabitur

30 544 86 587 80
105 544 271 587 mmodo
292 559 447 586 nomen
469 551 592 585 tuum
612 545 741 600 longe
774 553 903 602 atque
932 545 1042 597 late3
1074 546 1221 587 sedem
1248 546 1425 603 quidem
1461 547 1677 600 stabilem,

103 608 146 645 et
178 601 440 643 domicilium
471 611 650 654 certum,
683 617 767 643 non
801 603 991 644 habebit.
1053 602 1163 655 Erit,
1193 603 1304 644 inter
1334 618 1408 646 eos
1441 604 1572 646 etiam
1602 604 1678 662 qui

100 666 346 710 nascentur,
382 659 495 700 sicut
526 659 636 701 inter
669 674 749 700 nos
781 659 878 710 fuit,
911 675 1067 716 magna
1099 660 1327 712 dissensio,
1358 660 1455 702 cum
1483 661 1556 702 alii
1590 662 1678 703 lau-

101 717 228 758 dibus
258 717 312 758 ad
348 717 505 757 coelum
536 731 601 757 res
638 723 733 757 tuas
771 725 916 773 gestas
949 718 1139 766 efferent,
1179 717 1254 758 alii
1294 717 1479 760 fortasse
1513 717 1679 775 aliquid

101 774 329 830 requirent,
380 773 511 829 idque
553 774 617 814 vel
667 774 915 826 maximum,
966 774 1050 815 nisi
1096 774 1200 816 belli
1244 774 1382 816 civilis
1428 774 1678 832 incendium

28 829 81 871 85
102 832 243 881 salute¹
261 829 408 885 patriae
442 830 709 882 restinxeris3
742 838 789 872 ut
820 831 927 872 illud
955 831 1032 872 fati
1060 831 1193 873 fuisse
1223 831 1433 884 videatur,
1464 832 1549 875 hoc
1574 847 1679 875 con-

101 887 227 941 silit}
262 887 382 927 Servi
414 887 543 942 igitur
578 886 629 927 iis
663 887 792 927 etiam
818 887 1055 943 judicibus,
1093 888 1166 944 qui
1199 889 1346 930 multis
1379 889 1481 946 post
1507 889 1677 941 saeculis

100 944 153 985 de
203 949 245 985 te
296 943 572 998 judicabunt,
636 950 678 983 et
727 943 902 999 quidem
953 945 1093 985 ¹¹haud
1139 945 1229 987 scio
1279 960 1333 987 an
1392 946 1676 1004 incorruptius

100 999 230 1057 quam
253 1013 352 1051 nos3
384 1014 483 1042 nam
507 1007 549 1040 et
570 997 662 1039 sine
684 1014 827 1041 amore
862 1006 905 1041 et
933 999 1025 1041 sine
1047 1001 1300 1057 cupiditate,
1332 1009 1374 1044 et
1404 1016 1549 1045 rursus
1580 1003 1676 1045 sine

99 1057 200 1099 odio
222 1063 265 1098 et
286 1055 379 1098 sine
402 1055 582 1107 invidia,
609 1057 883 1112 judicabunt.
945 1057 995 1098 Id
1027 1064 1172 1099 autem
1200 1059 1330 1100 etiam
1358 1059 1393 1099 si
1414 1065 1519 1101 tunc
1539 1060 1594 1102 ad
1614 1067 1674 1113 te,

23 1117 80 1159 90
100 1123 147 1156 ut
186 1114 360 1171 quidam
399 1113 509 1154 falso
543 1121 711 1170 putant,
752 1129 839 1155 non
873 1114 1123 1170 pertinebit,
1168 1129 1284 1157 nunc
1328 1115 1444 1158 certe
1473 1116 1674 1173 pertinet,

99 1177 140 1213 te
176 1186 271 1213 esse
316 1171 459 1221 talem,
502 1178 549 1211 ut
587 1179 683 1212 tuas
724 1171 874 1212 laudes
916 1172 1201 1214 obscuratura
1238 1172 1355 1214 nulla
1392 1187 1583 1230 unquam
1618 1173 1678 1216 sit

97 1228 272 1272 oblivio.
334 1228 526 1270 Diversae
558 1228 803 1271 voluntates
840 1228 1000 1272 civium
1030 1229 1219 1282 fuerunt,
1250 1229 1554 1289 distractaeque
1581 1230 1677 1275 sen-‘-

275 1451 612 1492 ²⁸¹ta7ztmmnoch).
859 1451 940 1490 ”ut
960 1447 1161 1502 arbitror,
1181 1444 1490 1505 incorruptius.

905 1689 1052 1721 militibus
1090 1688 1145 1732 qul
1179 1682 1258 1720 bene
1292 1698 1356 1720 rem
1392 1692 1550 1729 gesserant
1578 1686 1677 1721 dabat

905 1744 1046 1770 munera,
1062 1744 1131 1774 quae
1144 1732 1312 1774 Congiaria
1320 1732 1515 1764 dicebantur.
1539 1732 1676 1764 Possunt

906 1777 1000 1808 etiam
1036 1777 1169 1817 intelligi
1209 1776 1322 1816 epulae,
1367 1776 1560 1813 venationes,
1605 1776 1673 1807 ludi

907 1819 1021 1851 scenici
1050 1826 1082 1850 et
1110 1820 1287 1855 theatrales,
1311 1819 1428 1860 populo
1452 1818 1592 1860 exhibiti,
1618 1818 1673 1862 qui

135 1685 187 1718 76.
212 1686 366 1730 Imperia.]
418 1689 521 1720 Caesar
547 1688 716 1730 imperator
739 1687 798 1720 fuit
830 1689 861 1720 in

92 1731 210 1768 Gallia,
227 1731 402 1769 Britannia,
420 1732 601 1769 Germania,
619 1739 650 1763 et
666 1733 786 1769 Africa,
800 1732 861 1774 qus)

93 1774 182 1805 duxit
198 1775 361 1806 exercitus.

135 1817 186 1850 Il).
211 1817 409 1859 Provincias]
444 1818 559 1850 Caesari
575 1820 700 1850 decreta
716 1819 775 1848 fuit
787 1818 862 1850 His—

90 1862 185 1902 pania
222 1867 293 1903 post
326 1868 508 1903 praetura1n3
553 1870 624 1904 post
660 1862 856 1894 consulatum

92 1903 208 1935 Gallia.

134 1947 183 1978 Ib.
217 1948 380 1990 Rhenum]
428 1948 548 1979 Primus
566 1949 713 1979 Rhenum
731 1949 856 1979 fluvium

90 1997 186 2030 ponte
214 1993 379 2027 commisit,
403 1998 434 2022 et
457 2003 525 2023 cuin
544 1993 677 2022 exercitu
705 1993 856 2031 transivit,

91 2035 272 2074 domuitque
289 2034 462 2066 Germanos
476 2047 552 2075 quos
569 2036 618 2066 hic
634 2035 721 2065 alluit
734 2035 856 2066 fluvius.

133 2079 185 2107 77.
212 2077 382 2118 Oceanum]
425 2079 545 2109 Primus
558 2089 627 2109 cum
642 2079 739 2109 classe
759 2085 857 2108 trans-

88 2120 147 2150 ivit
162 2121 193 2150 in
208 2121 414 2157 Britanniam,
431 2133 499 2163 quae
514 2122 643 2152 Oceano
658 2122 842 2152 continetur.

133 2163 182 2194 Ib.
199 2163 329 2206 Nilum]
355 2166 522 2206 Superat-it
536 2176 639 2205 regern
652 2165 856 2195 Ptolemaeum

87 2206 119 2237 in
134 2207 290 2249 AEgypto.
337 2208 427 2238 Nilus
444 2215 547 2238 autem
561 2208 648 2238 alluit
664 2209 854 2249 JEgyptum.

131 2250 182 2283 Ib.
207 2250 331 2292 Pugnas
354 2252 605 2293 innumerabiles.]
653 2252 705 2282 De
732 2253 779 2282 his
803 2262 854 2282 su-

87 2293 191 2334 perius
203 2294 329 2325 dictum.
344 2305 449 2336 parag.
466 2295 498 2326 ii.
514 2295 533 2325 l.
549 2299 581 2327 4.

131 2335 182 2368 Ib.
206 2336 389 2368 Incredibiles
403 2339 563 2379 victorina]
610 2338 726 2369 Praeter
747 2338 854 2370 civiles

87 2378 241 2416 victorias,
266 2382 414 2412 undecies
425 2387 548 2412 centum
566 2387 597 2412 et
612 2382 779 2421 nonaginta
792 2383 855 2412 duo

87 2421 183 2452 millia
215 2423 373 2454 hominum
394 2425 427 2454 in
451 2425 565 2465 proeliis
600 2425 730 2455 occidit.
790 2425 853 2455 Sed

86 2465 172 2495 nulla
186 2466 340 2502 illustrior,
363 2467 457 2508 quam
474 2479 542 2508 quae
557 2468 595 2497 ab
612 2479 649 2498 eo
665 2468 704 2498 de
721 2468 854 2499 Vercin-

86 2509 225 2550 'getorige
248 2510 287 2539 ad
304 2510 443 2541 Alesiam
460 2511 556 2541 relata
579 2517 636 2546 est,
664 2521 757 2551 quein
782 2521 853 2541 cum

85 2553 232 2583 trecentis
246 2553 405 2583 hominurn
423 2553 554 2584 millibus
572 2554 738 2594 superavit.

128 2597 182 2626 ¹78.
222 2595 432 2638 Monimenta]
490 2597 604 2627 Caesari
630 2603 698 2636 post
727 2597 850 2628 civilem

84 2637 243 2670 victoriam
260 2639 402 2676 honores,
416 2645 449 2670 ut
465 2640 536 2676 deo,
550 2641 654 2670 tributi
665 2646 744 2670 sunt.
776 2641 849 2670 Mo-

83 2681 222 2712 nimenta
245 2689 277 2713 et
299 2688 408 2714 statuae
431 2684 462 2713 in
479 2683 602 2723 templis
618 2685 718 2724 posita
736 2690 806 2714 sunt
822 2689 854 2714 et

84 2720 159 2754 locis
177 2725 321 2766 publicis,
346 2738 401 2768 per
420 2727 527 2766 tribus,
552 2727 732 2767 municipia,
757 2733 789 2757 et
805 2738 854 2758 re·

83 2767 191 2807 giones
208 2768 359 2800 Romanis
382 2770 506 2801 amicas.
552 2771 637 2802 Vide
652 2770 848 2812 Appianum,

82 2811 135 2842 lib.
151 2814 182 2842 Ξ.
197 2811 248 2842 De
267 2812 359 2843 Bello
373 2813 475 2844 Civili.

125 2854 177 2890 ΙΙ).
201 2854 359 2901 Munera]
404 2856 480 2889 Post
502 2857 660 2891 victoriam
681 2857 849 2900 imperator

900 1864 1026 1893 nornine
1044 1874 1205 1893 munerum
1220 1862 1483 1903 significabantur.

945 1906 996 1937 Ib.
1023 1905 1219 1947 Triumphus]
1259 1905 1435 1947 Quinquies
1448 1905 1553 1937 Caesar
1563 1905 1672 1936 trium-

900 1950 1021 1989 phavit,
1034 1949 1192 1985 deGalhfi,
1204 1950 1243 1979 de
1254 1949 1369 1987 Ponto,
1382 1949 1537 1990 AEgypto,
1550 1948 1670 1987 Africa,

901 1993 1071 2032 Hispania.
1115 1993 1197 2023 Vide
1214 1991 1369 2022 Velleiuni
1388 1992 1510 2022 Patere.
1524 1992 1579 2023 lib.
1595 1994 1626 2024 2.

945 2037 998 2066 85.
1049 2035 1089 2066 Ut
1117 2035 1193 2065 illud
1206 2034 1273 2076 fati
1286 2035 1411 2076 finisse]
1458 2032 1579 2066 Posteri
1602 2034 1669 2067 fato

901 2078 1000 2120 Reip.
1012 2080 1079 2110 haec
1093 2078 1175 2109 bella
1191 2078 1293 2108 civilia
1308 2078 1454 2109 tribuent.

943 2122 993 2153 Ib.
1018 2122 1082 2152 Hoc
1105 2121 1246 2162 consilii]
1293 2120 1439 2163 Respub.
1460 2121 1602 2153 restituta
1615 2121 1669 2153 tri-

901 2166 1012 2196 buetur
1028 2165 1156 2196 Caesaris
1172 2164 1355 2206 prudentiae.

943 2211 996 2240 86.
1021 2207 1244 2250 Iisjndicibus]
1284 2207 1436 2249 Intelligit
1450 2212 1601 2249 posteros,
1613 2208 1669 2250 qui

898 2252 1103 2293 incorruptius
1109 2252 1300 2292 judicabunt
1309 2252 1349 2283 de
1360 2251 1496 2288 Caesare,
1506 2250 1600 2293 quom
1614 2252 1669 2294 qui

897 2295 978 2326 illius
993 2301 1085 2326 aetate
1102 2294 1223 2326 vivunt.

943 2341 995 2370 89.
1027 2339 1064 2369 Id
1092 2338 1217 2379 autenm]

900 2382 1067 2419 Caesarem,
1094 2382 1159 2424 qui,
1185 2387 1221 2412 ut
1246 2386 1378 2412 testatur
1405 2380 1579 2418 Sallustius,
1603 2391 1666 2412 non

898 2426 1042 2461 credidit,
1054 2430 1275 2467 postmortem,
1288 2424 1446 2455 hominum
1463 2424 1583 2465 animos
1596 2434 1665 2456 esse

897 2468 1099 2501 immortales.
1647 2500 1649 2502 .

941 2513 993 2543 90.
1023 2511 1092 2542 Non
1117 2509 1313 2551 pertinebit]
1342 2510 1470 2541 Mortuo
1490 2520 1618 2551 corpore
1631 2515 1665 2542 et

894 2554 1009 2590 animo,
1024 2555 1100 2584 nihil
1116 2555 1255 2585 homines
1270 2553 1419 2585 sentiunt.
1453 2553 1609 2596 Loquitur
1624 2564 1663 2585 ex

894 2604 998 2628 mente
1015 2597 1158 2629 Caesaris.

938 2643 988 2672 92.
1014 2640 1141 2671 Diversae
1153 2642 1315 2671 voluntates
1325 2639 1457 2680 civium]
1518 2639 1556 2670 In
1573 2639 1665 2672 bellis

897 2684 1038 2715 civilibus
1063 2684 1115 2715 alii
1134 2684 1331 2725 Pompeium,
1354 2683 1408 2714 alii
1431 2684 1586 2714 Caesarem
1612 2694 1663 2716 se-

897 2728 958 2758 cuti
976 2734 1057 2760 sunt.
1597 2759 1603 2762 .

936 2771 989 2803 Ib.
1023 2771 1182 2802 Distractae
1207 2769 1384 2810 sententiae.]
1439 2769 1507 2801 Alii
1536 2779 1661 2805 causam

894 2814 1023 2848 Caesaris
1047 2814 1220 2855 meliorem,
1247 2813 1300 2847 alii
1325 2813 1486 2857 Pompeii.
1519 2813 1665 2859 credide-¹

891 2863 976 2893 Iuntv

1262 2333 1326 2373 Hic
1352 2336 1463 2369 leviter
1489 2336 1668 2380 perstringit
