1858 3095
659 150 709 187 IN
734 149 989 184 CATILINAM
1013 149 1076 183 lv.
1649 152 1729 195 127

89 223 285 267 minerim
305 236 472 279 semper
491 235 586 278 quae
607 222 828 278 gesserim,
845 236 1077 285 curemque
1099 227 1147 263 ut
1168 235 1218 263 ea
1239 221 1411 271 virtute,
1428 236 1516 263 non
1539 237 1659 275 casu,
1677 225 1732 266 75

92 289 215 344 gesta
236 296 331 322 esse
353 280 592 321 videantur.
650 278 758 330 Vos,
776 278 982 329 Quirites,
1033 279 1204 320 uoniam
1220 279 1312 334 jam
1334 293 1417 320 nox
1436 286 1517 329 est,
1533 295 1661 322 vene·

93 338 243 379 rammi
265 338 385 378 illum
405 335 572 386 Jovern,
593 336 819 377 custodem
838 335 964 391 hujus
988 294 1148 376 firbis
1140 350 1191 376 ac
1213 336 1428 386 vestrum3
1461 343 1593 390 atque
1617 337 1661 378 iu

93 403 236 436 vestra
251 401 368 435 tecta
384 392 617 442 discedite3
656 398 699 432 et
713 407 776 443 ea,
791 405 1052 448 quamquam
1065 393 1156 447 jam
1174 392 1412 448 periculum
1431 398 1498 433 est
1511 393 1662 447 depul-

95 467 191 493 sum
212 459 354 492 tamen
374 463 512 503 aequc,
536 463 587 490 ac
607 447 733 504 priori
766 454 908 498 nocte,
926 449 1139 490 custodiis
1161 448 1403 514 vigiliisque
1426 448 1660 490 defendite.

98 508 146 550 ld
170 523 222 549 ne
242 504 364 547 vobis
386 504 550 546 dlutius
571 505 817 548 faciendum
839 504 897 546 sit
918 512 1047 560 atque
1070 513 1119 546 ut
1139 505 1183 545 in
1204 513 1394 561 perpetu·
1388 504 1413 545 ξι
1435 520 1540 562 pace
1563 520 1658 547 esse
1680 505 1735 548 80

96 562 286 622 possitis,
307 560 560 618 providebo.

138 679 192 708 76.
212 675 281 706 Jam
296 686 354 706 nox
366 681 416 706 est
420 675 435 716 ]
474 674 576 711 Patet,
592 675 648 705 sub
661 680 785 706 noctem
799 675 855 705 ha-
898 673 1030 714 primam
1047 673 1215 704 oralionem
1231 673 1262 704 iu
1280 673 1447 704 Catilinam
1462 675 1581 706 habuit.

99 721 194 752 bitum
210 720 289 750 hanc
304 717 399 749 fuisse
415 719 607 757 orationem,
631 719 714 760 quod
731 723 763 748 et
781 717 856 748 Plu·
945 719 997 747 81.
1022 715 1206 764 Provideb05]
1238 716 1290 747 De
1307 717 1446 748 senatus·
1449 718 1587 750 consulto
1605 729 1661 759 pro

98 763 222 794 tarchus
239 767 380 794 testatur.
902 759 1068 800 puniendis
1116 759 1282 800 conjuratis
1332 760 1488 796 habendo,
1522 762 1661 800 provisu-

142 805 310 835 77.11[ιιηι
336 804 462 845 Jovem.]
524 804 675 834 Hortatur
700 803 742 834 ad
767 813 863 833 vene·
906 813 972 832 rum
997 812 1030 832 se
1054 812 1091 833 ac
1116 810 1328 834 exsecuturum
1344 803 1570 845 quamprimum
1592 805 1662 847 pol-

103 849 253 880 rationem
284 847 303 879 J
308 858 373 878 ovis
405 846 546 883 Statoris,
571 846 659 888 cujus
685 846 717 877 in
746 845 863 890 templo
907 844 1028 877 licetur.

593 1381 855 1428 ORATIO
891 1381 1178 1436 QUARTA

392 1612 504 1674 IN
582 1611 657 1672 L.
724 1609 1389 1685 CATILINAM,

740 1834 792 1862 IN
831 1833 1043 1864 SENATU.

723 2233 1071 2266 ARGUMENTUM.

179 2334 320 2377 CUM
339 2333 485 2376 Cicero
505 2334 754 2384 audivisset,
775 2337 956 2391 opifices,
979 2337 1168 2388 aliosque
1188 2334 1334 2389 &fcece
1348 2339 1516 2390 populi,
1538 2336 1564 2379 ιὶ
1584 2352 1680 2382 con-

113 2394 369 2446 juratorum
389 2392 616 2432 clientibus
635 2396 675 2432 et
696 2392 843 2432 amicis
857 2394 1093 2441 sollicitari,
1108 2393 1164 2432 acl
1179 2406 1246 2433 eos
1256 2407 1337 2446 per
1352 2396 1435 2434 vim
1450 2409 1502 2435 ειν
1515 2410 1682 2439 carcere

125 2449 420 2498 eoetralzendos,
452 2449 668 2501 dispositis
693 2449 984 2502 ztndequaque
1007 2450 1243 2502 prcesidiiS,
1273 2449 1411 2490 Nouis
1439 2452 1682 2495 Decembris

123 2511 323 2547 senatum
337 2507 385 2545 in
400 2507 566 2545 curiam
583 2507 838 2555 cmzvoeavit,
851 2507 1097 2558 retulitque,
1115 2506 1332 2560 quidfieri
1349 2507 1465 2548 cleiis
1475 2511 1680 2561 placeret,

126 2565 200 2615 qui
221 2563 373 2604 traditi
392 2567 521 2602 eraut
540 2563 588 2602 in
608 2576 832 2602 carcerem.
890 2563 1091 2612 Silanus,
1112 2564 1264 2603 consul
1283 2563 1548 2615 designatus,
1561 2569 1683 2617 prior

124 2624 301 2672 rogatus
312 2621 583 2668 sententiam,
596 2623 726 2659 morte
741 2633 808 2659 eos
822 2619 1068 2660 multandos
1083 2633 1169 2660 esse
1181 2622 1497 2672 pronuntiavit.
1533 2622 1684 2664 Caesar

126 2676 235 2725 verti,
255 2673 414 2727 remotli
433 2677 579 2717 mortis
597 2677 826 2723 sententia,
843 2680 1021 2716 caeteras
1035 2678 1227 2717 omnium
1241 2678 1550 2730 suppliciorum
1569 2692 1684 2721 acer-

131 2733 283 2774 bitates
296 2734 517 2786 anapleoeus
529 2737 602 2774 est.
660 2734 806 2775 Cicero
818 2734 867 2773 iu
879 2737 1108 2786 utramque
1120 2735 1377 2775 senteutiam
1388 2735 1452 2774 ita
1464 2734 1682 2787 disseruit,

133 2794 185 2832 ut
203 2790 435 2837 inclinaret
459 2790 601 2844 peaes
630 2791 679 2834 iu
708 2791 857 2834 Silani
881 2792 1143 2834 severiorem.
1203 2791 1358 2843 Itaque
1387 2794 1523 2834 totum
1550 2793 1684 2844 liujus
