1790 3090
55 149 141 199 ’224

57 290 113 331 30
132 288 266 331 deret.

768 156 860 190 PRO
886 157 1047 191 COELIO.

131 230 321 274 nandum
342 231 533 283 inducta,
549 230 685 273 oratio
706 227 761 274 ad
783 233 948 275 animos
969 238 1134 275 vestros
1152 233 1311 276 sensim
1332 248 1384 277 ac
1403 234 1558 278 leniter
1572 252 1692 281 acce-

327 288 452 330 Dixit
472 287 585 329 enim
606 289 741 331 multa
762 290 815 331 de
836 290 1016 341 luxuria,
1040 291 1175 332 multa
1196 291 1249 332 de
1271 291 1466 345 libidine,
1484 294 1619 336 multa
1638 296 1692 338 de

129 346 246 388 'vitiis
272 344 528 402 juventutis,
551 347 686 387 multa
720 347 772 387 de
800 347 1014 389 moribus:
1047 354 1103 398 et,
1125 347 1199 403 qui
1218 347 1261 388 in
1282 349 1447 405 reliqua
1468 349 1556 391 vita
1576 350 1692 394 mitis

128 410 261 454 esset,
283 410 325 443 et
346 402 391 442 in
411 401 495 443 hac
517 402 726 444 suavitate
745 403 1039 455 humanitatis,
1057 403 1145 460 qua
1166 405 1300 460 prope
1314 406 1405 461 jam
1427 406 1695 448 delectantur

128 459 338 507 homines,
370 459 526 499 versari
559 459 822 515 perjucunde
851 460 1023 511 soleret,
1043 461 1124 501 fuit
1143 460 1187 501 in
1207 460 1292 502 hac
1320 463 1453 503 causa
1481 463 1691 518 pertristis

129 516 306 571 quidam
328 522 517 571 patruus,
537 530 701 567 censor,
719 516 937 572 magister.

55 574 110 614 35
130 571 344 614 neminem
376 586 563 628 unquam
599 588 776 628 parens:
810 573 945 614 multa
975 572 1028 614 de
1061 574 1388 626 incontinentia,
1409 576 1695 633 intemperan-

589 630 706 678 Quid
727 629 931 686 quaeritis,
948 630 1151 686 judices?
1184 631 1463 687 ignoscebam
1488 633 1609 674 vobis
1631 639 1694 674 at-

127 628 291 684 tiaque,
312 628 526 670 disseruit.

999 516 1255 573 Objurgavit
1278 517 1340 559 M.
1362 519 1562 568 Coelium,
1580 519 1694 561 sicut

127 684 247 727 tente
282 686 570 738 audientibus,
606 686 836 743 propterea
871 686 985 742 quod
1023 695 1195 743 egomet
1229 694 1318 729 tam
1356 688 1477 730 triste
1508 688 1616 730 illud
1651 695 1695 730 et

127 749 216 783 tam
236 757 433 798 asperum
454 757 589 799 genus
612 744 815 785 orationis
847 744 1086 786 horrebam.
1146 745 1213 785 Ac
1233 744 1369 801 prima
1389 760 1487 801 pars
1506 745 1587 786 fuit
1603 746 1691 797 illa,

127 814 224 854 quae
249 814 316 840 me
335 798 474 840 minus
496 800 707 850 movebat,
724 800 856 841 fuisse
876 815 973 842 meo
991 801 1233 842 necessario
1253 801 1411 842 Bestiae
1429 802 1616 843 Coelium
1633 801 1693 844 fa-

127 915 196 952 rae.

54 856 110 897 40
127 855 349 904 miliarem,
364 855 563 897 coenasse
581 857 695 912 apud
718 872 830 909 eum,
844 857 1080 899 ventitasse
1102 858 1292 910 domum,
1310 858 1524 900 studuisse
1543 863 1696 914 praetu-

257 911 357 952 Non
378 927 445 953 me
467 913 561 953 haec
583 922 769 962 movent,
786 929 882 969 quae
902 913 1128 970 perspicue
1150 915 1260 955 falsa
1281 922 1405 956 sunt:
1439 916 1598 956 etenim
1619 929 1694 956 eos

127 967 214 1008 una
238 967 434 1009 coenasse
471 968 591 1016 dicit,
614 969 688 1024 qui
720 970 890 1020 absunt,
913 976 987 1011 aut
1019 971 1175 1025 quibus
1208 986 1385 1013 necesse
1407 977 1473 1012 est
1492 971 1608 1013 idem
1630 971 1694 1012 di-

129 1039 239 1065 cere.

124 1081 320 1135 *sodalem
338 1096 431 1122 esse
450 1080 636 1122 Coelium
656 1082 778 1123 dixit.

300 1024 452 1081 Neque
488 1024 586 1065 verb
621 1026 728 1066 illud
761 1040 828 1067 me
867 1033 1124 1077 commovet,
1148 1027 1263 1082 quod
1299 1027 1379 1068 sibi
1412 1028 1458 1068 in
1489 1028 1691 1083 Lupercis

840 1081 946 1123 Fera
966 1083 1163 1138 quaedam
1181 1083 1402 1134 sodalitas,
1421 1090 1465 1124 et
1480 1083 1604 1140 plane
1621 1099 1692 1141 pa-

53 1139 108 1180 45
128 1137 294 1178 storitia
314 1145 443 1193 atque
476 1138 671 1193 agrestis,
705 1138 1037 1195 dgermanorum
1073 1139 1386 1195 Lupercorum3
1417 1154 1598 1196 quorum
1620 1155 1692 1182 co-

126 1194 205 1234 itio
227 1195 300 1235 illa
321 1194 529 1235 silvestris
562 1193 661 1235 ante
694 1203 761 1236 est
791 1195 1004 1247 instituta,
1026 1195 1158 1251 quam
1199 1196 1442 1237 humanitas
1474 1203 1604 1252 atque
1631 1197 1693 1238 le-

127 1265 228 1306 ges3
260 1250 473 1308 siquidem
493 1265 579 1292 non
608 1253 736 1293 modo
769 1252 943 1293 nomina
977 1253 1174 1293 deferunt
1207 1252 1318 1294 inter
1338 1268 1384 1294 se
1407 1252 1594 1305 sodales,
1616 1255 1693 1304 sed

125 1307 255 1348 etiam
287 1315 623 1349 commemorant
657 1308 932 1351 sodalitatem
966 1308 1010 1350 in
1044 1309 1317 1360 accusando;
1347 1315 1408 1360 ut,
1428 1324 1482 1351 ne
1515 1309 1613 1366 quis
1642 1308 1687 1352 id

125 1363 236 1405 forte
257 1363 438 1416 nesciat,
458 1365 607 1406 timere
639 1365 873 1407 videantur.

934 1364 1022 1406 Sed
1043 1366 1137 1407 haec
1165 1366 1384 1407 omittam:
1416 1366 1471 1407 ad
1491 1366 1574 1418 illa,
1596 1368 1694 1423 quae

51 1422 107 1464 50
125 1435 192 1463 me
215 1419 350 1478 magis
371 1429 609 1473 moverunt,
631 1422 915 1478 respondebo.
949 1421 1214 1464 Deliciarum
1237 1423 1477 1479 objurgatio
1498 1422 1581 1464 fuit
1600 1423 1691 1464 lon-

125 1492 195 1533 ga,
216 1484 260 1519 et
275 1493 326 1519 ea
345 1478 504 1519 lenior:
536 1479 720 1534 plusque
742 1478 1050 1534 disputationis
1083 1479 1250 1529 habuit,
1272 1479 1406 1534 quam
1428 1479 1694 1531 atrocitatis3

125 1550 213 1590 quo
234 1534 364 1576 etiam
396 1534 544 1575 audita
578 1542 644 1576 est
663 1536 884 1576 attentius.

943 1535 1057 1576 Nam
1079 1535 1130 1576 P.
1153 1535 1347 1587 Clodius,
1371 1535 1534 1577 amicus
1555 1548 1691 1588 meus,

125 1591 223 1632 cum
237 1606 281 1632 se
297 1590 546 1647 gravissime
561 1590 1024 1648 vehementissimeque
1031 1593 1230 1647 jactaret,
1246 1599 1289 1633 et
1301 1592 1444 1633 omnia
1455 1592 1694 1634 inflamma-

124 1654 194 1690 tus
210 1655 358 1704 ageret
369 1647 625 1689 tristissimis
641 1648 796 1700 verbis,
810 1663 916 1689 voce
931 1648 1143 1700 maxima3
1165 1649 1337 1690 tametsi
1351 1649 1585 1712 probabam
1599 1649 1635 1705 ej
1643 1663 1691 1712 us

50 1707 106 1748 55
125 1704 433 1763 eloquentiam,
455 1712 599 1747 tamen
620 1720 707 1747 non
731 1705 1116 1762 pertimescebam:
1149 1705 1316 1762 aliquot
1343 1720 1457 1747 enim
1484 1705 1528 1747 in
1549 1720 1691 1748 causls

787 1819 803 1842 ‘¹
820 1833 1024 1861 verorum.

167 1935 220 1965 33.
244 1933 395 1963 Pertristis
420 1934 538 1973 quidam
565 1933 719 1974 patruus}
766 1932 804 1962 Id
825 1937 883 1969 est,

124 1987 249 2007 severus
272 1987 400 2012 censor3
426 1976 488 2016 qua
511 1976 738 2016 significatione
753 1987 809 2008 vox
825 1976 884 2006 ista

124 2020 252 2050 sumitur
267 2020 306 2049 ab
323 2019 466 2055 Horatio,
483 2020 547 2049 Sat.
559 2021 591 2051 3.
607 2020 659 2050 lib.
675 2022 705 2050 2.

168 2124 592 2138 .................
606 2105 670 2134 Sive
683 2115 734 2145 ego
746 2103 835 2143 prave*
841 2126 849 2140 ,

168 2148 224 2179 Seu
237 2148 313 2178 recte}
326 2148 376 2177 hoc
389 2148 480 2186 volui,
496 2158 531 2178 oze
544 2149 582 2178 sis
592 2154 719 2187 patruus
733 2147 816 2177 mihi.

167 2236 220 2265 39.
245 2233 407 2264 Necessario
428 2233 556 2274 Bestiae.]
600 2233 707 2263 Bestia
721 2232 771 2262 hic
788 2231 886 2261 ambi-

124 2276 173 2306 tus
197 2282 357 2307 accusatus
382 2282 440 2312 est,
456 2277 509 2306 sed
535 2277 680 2307 defensus
696 2276 713 2305 a
729 2275 883 2306 Cicerone

124 2321 202 2356 fuit3
226 2319 314 2359 cujus
338 2320 405 2359 ipse
431 2319 569 2349 meminit
591 2319 693 2360 Epist.
717 2320 749 2348 7.
775 2318 814 2347 ad
840 2317 881 2353 Q.

123 2363 271 2393 Fratrem.
316 2362 514 2402 Arguebatur
531 2368 632 2392 autem
651 2361 767 2392 Coelius
783 2361 882 2390 habu-

121 2405 183 2436 isse
195 2415 264 2435 cum
281 2405 389 2435 Bestia
405 2405 656 2435 familiaritatem.

168 2451 220 2478 40.
255 2447 404 2478 Striduisse
430 2449 592 2489 proetnrae.]
640 2447 744 2488 Opem
774 2445 880 2476 tulisse

123 2490 241 2521 Bestiae
256 2491 287 2520 in
313 2491 462 2530 petitione
490 2496 640 2532 praeturae,
662 2495 694 2520 et
719 2488 832 2530 saepius
848 2488 879 2519 in

124 2533 189 2574 ejus
204 2533 327 2564 venisse
343 2533 480 2569 domum,
497 2532 710 2573 objiciebatur.

167 2579 219 2607 42.
249 2576 313 2606 Aut
335 2576 438 2616 quibus
465 2586 568 2606 necesse
595 2581 634 2605 est
664 2577 736 2605 idem
762 2574 881 2615 dicere-J

122 2619 276 2660 Intelligit
301 2618 416 2649 amicos
432 2618 563 2655 Clodiae,
580 2619 633 2659 qui
650 2619 761 2648 eadem
777 2617 881 2648 dicere

123 2672 192 2692 cum
208 2663 262 2692 illa
278 2661 446 2692 debebant.

129 2740 132 2742 ,
163 2707 216 2736 43.
241 2704 278 2735 In
293 2703 458 2745 Lupercis]
503 2702 688 2744 Lupercalia
711 2708 796 2734 erant
813 2703 880 2734 dies

120 2749 203 2784 festi,
222 2749 283 2789 ,qui
310 2748 477 2778 Februario
505 2757 610 2777 mense
636 2747 716 2776 Pani
743 2746 882 2776 dedicati

119 2793 361 2832 peragebantur,
386 2800 517 2832 quorum
542 2790 718 2822 sacerdotes
746 2789 881 2830 Luperci

927 1932 1014 1968 nudi,
1026 1931 1224 1972 subligaculis
1239 1932 1399 1969 succincti,
1411 1943 1464 1974 per
1480 1932 1585 1964 urbem
1597 1942 1692 1973 vaga-

927 1975 1050 2014 bantur,
1076 1975 1164 2016 quasi
1190 1975 1280 2016 lupos
1311 1982 1461 2006 arcerent.
1506 1975 1556 2006 Ita
1579 1976 1691 2013 Varro,

929 2018 1060 2054 Plinius,
1085 2024 1117 2048 et
1144 2018 1278 2051 Servius.
1325 2019 1461 2059 Luperci
1491 2017 1594 2059 por-rb,
1619 2029 1688 2050 cum

929 2061 1052 2090 Potitiis
1077 2061 1221 2091 Herculis
1244 2062 1469 2098 sacerdotibus,
1485 2062 1690 2102 antiquissimi

930 2104 1067 2133 omnium
1083 2104 1218 2140 fuerunt,
1231 2104 1296 2144 jam
1313 2104 1385 2135 inde
1398 2105 1437 2134 ab
1448 2104 1591 2134 Evandro
1605 2104 1690 2145 ipso,

932 2152 1004 2176 ante
1021 2147 1132 2176 AEneae
1149 2147 1179 2176 in
1194 2147 1318 2177 Italiam
1335 2148 1517 2183 adventum,
1532 2147 1676 2180 instituti.

972 2191 1026 2220 44.
1049 2189 1203 2230 Sodalem.]
1229 2190 1359 2220 Sodales
1373 2195 1455 2226 sunt,
1468 2189 1569 2230 inquit
1583 2189 1690 2226 Caius,

929 2232 983 2272 qui
999 2233 1140 2272 ejusdem
1156 2232 1279 2273 collegii
1292 2239 1375 2269 sunt,
1391 2233 1444 2263 lib.
1458 2236 1490 2264 4.
1515 2234 1555 2263 de
1575 2233 1688 2274 colleg.

928 2281 960 2305 et
976 2286 1061 2316 corp.

972 2318 1020 2350 lb.
1044 2318 1119 2348 Fera
1131 2318 1257 2358 quaedam
1271 2317 1435 2359 sodalitas]
1471 2317 1581 2347 Feram
1599 2322 1689 2348 vocat

926 2361 1125 2391 sodalitatem
1150 2367 1277 2402 propter
1292 2360 1357 2401 ejus
1371 2361 1590 2402 antiquitatem
1604 2369 1613 2398 ;
1636 2365 1686 2390 ut·

925 2410 1000 2445 pote
1017 2415 1086 2445 quae
1102 2405 1229 2434 condita
1245 2405 1285 2434 sit
1299 2409 1371 2434 ante
1390 2403 1536 2434 Romam.

968 2448 1020 2477 52.
1047 2447 1174 2483 Clodius,
1189 2448 1298 2478 amicus
1312 2446 1416 2487 meus]
1461 2444 1578 2475 Itonia.
1608 2444 1686 2475 Cer-

925 2488 955 2519 te
979 2490 1052 2519 olim
1075 2501 1195 2520 summa
1217 2490 1318 2520 fuerat
1341 2489 1525 2521 Ciceronem
1550 2487 1631 2530 inter
1654 2493 1686 2517 et

926 2531 1074 2562 Clodium
1094 2533 1252 2570 amicitia3
1275 2533 1342 2568 sed,
1356 2532 1394 2562 ab
1411 2542 1448 2561 eo
1464 2535 1606 2571 tempore
1622 2540 1685 2571 quo

925 2581 1031 2605 contra
1057 2585 1127 2604 eum
1149 2580 1279 2605 testatus
1295 2580 1343 2605 est
1358 2574 1481 2609 Cicero,
1497 2574 1582 2614 quod
1599 2583 1686 2604 sacra

924 2617 1023 2648 Bonae
1052 2617 1132 2647 Deae
1156 2617 1313 2653 violasset5
1337 2627 1456 2647 summa
1471 2617 1530 2646 fuit
1552 2615 1684 2646 inimici-

925 2660 989 2698 tia3
1013 2666 1087 2691 tunc
1103 2666 1206 2690 autern
1226 2659 1356 2690 maxime
1376 2658 1448 2689 cum
1474 2659 1556 2689 hanc
1571 2658 1683 2688 oratio-

922 2704 996 2733 ‘nem
1026 2703 1144 2734 habuit.
1204 2702 1283 2744 [Sed
1311 2702 1393 2733 recte
1423 2702 1505 2733 hunc
1537 2700 1683 2732 Clodium

925 2745 1018 2776 alium
1033 2747 1072 2777 ab
1088 2747 1147 2779 isto
1163 2746 1201 2779 P.
1217 2746 1331 2779 Clodio
1355 2745 1450 2777 fuisse
1477 2749 1585 2779 censet
1609 2744 1684 2775 Ma-

925 2789 1056 2831 nutius]
