1790 3090
105 145 188 188 132
765 140 818 174 IN
842 140 1101 176 CATILINAM
1124 142 1186 177 1v.

185 220 242 262 tis
253 220 429 263 baffines
445 234 554 273 esse,
566 218 840 262 vehementer
856 221 1016 263 erratis.
1048 219 1195 263 Latius
1208 219 1410 277 opinione
1424 219 1751 263 disseminatum

117 279 170 321 10
189 284 255 320 est
273 278 358 320 hoc
379 279 563 319 malum:
595 277 799 328 manavit,
831 291 918 319 non
950 277 1088 320 solum
1117 293 1193 334 per
1224 279 1408 328 Italiam,
1439 277 1585 319 verum
1619 278 1751 320 etiam.

187 335 453 377 transcendit
465 335 600 389 Alpes
611 350 621 384 3
636 333 892 382 et‚⁰obscure
905 349 1094 391 serpens,
1106 336 1263 377 multas
1270 336 1361 392 jam
1374 334 1618 390 provincias
1625 349 1753 377 occu-

188 392 321 448 pavit.
383 391 433 432 Id
449 390 633 447 opprimi
651 390 668 415 ‘³
681 392 964 433 sustentando
980 407 1032 433 ac
1048 392 1302 448 prolatando
1315 392 1433 433 nullo
1447 397 1576 448 pacto
1589 397 1753 449 potest3

189 451 460 505 quacumque
482 447 644 489 ratione
664 447 823 504 placet,
844 449 1038 490 celeriter
1059 448 1181 490 vobis
1202 448 1510 491 vindicandum
1530 455 1611 490 est-

302 561 322 585 ἲ)
336 564 533 604 conscios.
707 567 722 586 ⁰
737 563 936 603 latenter.
1110 560 1314 617 dferendo
1332 568 1372 605 et
1393 564 1636 620 differendo.

631 730 848 764 PARTITIO
872 732 928 764 ET
952 731 1227 764 CONTENTIO.

247 836 459 887 Proponit
493 837 724 886 utramque
757 835 1030 883 sententiam,
1063 848 1112 874 ac
1151 835 1215 874 ita
1249 834 1442 884 discutit,
1475 838 1528 874 ut
1552 831 1758 885 Caesaris,

189 895 317 945 quasi
333 893 601 945 popularem,
624 891 787 940 laudet,
822 891 896 932 sed
915 892 1077 942 Silani,
1094 893 1143 932 in
1163 905 1293 944 quam
1313 893 1513 941 inclinat,
1539 892 1670 932 latius
1688 905 1757 932 ea:-

184 952 332 1002 plicet.

249 1036 335 1078 ΙΙΙ.
365 1034 506 1077 Video
529 1036 634 1077 duas
668 1035 812 1077 adhuc
846 1049 940 1076 esse
975 1036 1237 1089 sententias3
1267 1051 1398 1078 unam
1418 1035 1478 1078 D.
1498 1035 1649 1085 Silani,
1680 1036 1756 1092 qui

190 1100 342 1136 censet
366 1108 452 1142 eos,
485 1093 558 1149 qui
586 1093 681 1134 haec
713 1093 855 1134 delere
889 1092 1033 1133 conati
1062 1100 1174 1144 sunt,
1206 1099 1342 1134 morte
1365 1107 1459 1134 esse
1480 1092 1753 1144 multandos;

188 1152 366 1193 alteram
387 1150 437 1191 C.
459 1149 655 1201 Caesaris,
686 1149 762 1206 qui
783 1148 930 1190 mortis
951 1164 1124 1205 poenam
1153 1156 1359 1201 removet,
1390 1155 1641 1191 caeterorum
1661 1164 1761 1205 sup-

189 1208 417 1264 pliciorum
449 1221 597 1248 omnes
633 1206 890 1248 acerbitates
912 1206 1197 1262 amplectitur.
1257 1206 1466 1263 Uterque,
1497 1213 1542 1247 et
1569 1220 1646 1262 pro
1678 1206 1758 1247 sua

116 1262 143 1301 5
194 1264 423 1321 dignitate,
446 1270 489 1304 et
509 1278 585 1319 pro
612 1278 753 1304 rerum
781 1262 1093 1318 magnitudine,
1115 1263 1160 1304 in
1181 1263 1352 1305 summa
1373 1262 1599 1305 severitate
1619 1275 1759 1305 versa-

191 1329 272 1363 tur.
334 1321 454 1361 Alter
489 1335 578 1372 eOS,
610 1319 685 1376 qui
721 1334 799 1361 nos
829 1334 992 1372 omnes,
1024 1320 1098 1376 qui
1130 1322 1340 1377 populum
1377 1320 1636 1371 Romanum,
1667 1319 1758 1361 vita

188 1378 353 1435 privare
370 1376 514 1419 conati
545 1384 658 1426 sunt,
680 1377 755 1432 qui
776 1377 917 1417 delere
947 1376 1186 1433 imperium,
1207 1377 1282 1434 qui
1310 1377 1457 1434 populi
1473 1376 1659 1418 Romani
1679 1390 1757 1418 ηο-

188 1450 288 1476 men
320 1434 607 1489 exstinguere,
639 1439 849 1490 punctum
878 1434 1081 1489 temporis
1111 1434 1190 1475 frui
1223 1433 1314 1475 vita
1346 1441 1390 1475 et
1423 1435 1510 1475 hoc
1541 1433 1759 1476 communi

190 1491 368 1548 aspiritu
387 1505 474 1531 non
495 1496 619 1553 putat
645 1496 869 1546 oportere3
900 1497 1031 1545 atque
1051 1491 1137 1532 hoc
1157 1505 1292 1547 genus
1309 1504 1449 1547 poenae
1468 1505 1581 1546 saepe
1611 1490 1658 1531 in
1676 1490 1758 1531 im-

120 1545 172 1586 lO
188 1549 346 1604 probos
362 1547 479 1588 cives
492 1561 537 1587 ln
552 1546 638 1587 hac
650 1546 838 1602 Republ.
857 1560 951 1587 esse
967 1553 1218 1603 usurpatum
1233 1548 1494 1589 recordatur.
1539 1546 1663 1588 Alter
1691 1546 1757 1587 in-

189 1604 359 1661 telligit,
381 1608 564 1645 mortem
583 1601 609 1645 ἒι
630 1601 712 1643 diis
733 1602 1044 1644 immortalibus
1065 1617 1153 1645 non
1169 1619 1263 1646 esse
1282 1603 1485 1660 supplicii
1501 1603 1636 1645 causa
1654 1617 1755 1645 con-

189 1661 400 1713 stitutam,
421 1660 497 1702 sed
517 1665 592 1701 aut
606 1659 911 1701 necessitatem
929 1665 1107 1713 naturae,
1123 1667 1198 1702 aut
1212 1660 1404 1702 laborum
1423 1675 1476 1702 ac
1490 1659 1758 1701 miseriarum

190 1718 394 1774 quietem,
416 1731 530 1759 esse:
560 1716 707 1772 itaque
725 1731 820 1757 eam
841 1716 1057 1773 sapientes
1074 1732 1295 1774 nunquam
1315 1717 1453 1769 inviti,
1474 1717 1605 1758 fortes
1625 1716 1755 1758 etiam

191 1774 307 1831 saepe
342 1774 536 1823 libenter,
569 1773 881 1830 oppetiverunt.
940 1773 1155 1816 bVincula
1174 1774 1287 1827 vero,
1320 1781 1362 1816 et
1397 1789 1448 1816 ea
1480 1773 1756 1830 sempiterna,

121 1829 171 1870 15
191 1831 308 1873 certe
343 1832 398 1872 ad
431 1831 690 1886 singularem
711 1845 885 1886 poenam
904 1831 1056 1871 nefarii
1079 1832 1253 1873 sceleris
1284 1831 1459 1873 inventa
1479 1837 1595 1871 sunt.
1656 1831 1756 1872 Mu—

189 1888 358 1943 nicipiis
391 1887 605 1943 dispertiri
631 1887 770 1942 jubet.
835 1886 1004 1928 Habere
1038 1887 1207 1929 videtur
1241 1889 1325 1929 ista
1361 1903 1428 1929 res
1460 1887 1753 1943 iniquitatem,

191 1945 227 1986 si
250 1945 457 2000 imperare
482 1943 608 1994 velis3
642 1943 954 1995 difficultatem,
986 1944 1022 1984 si
1042 1959 1209 2000 rogare:
1242 1946 1495 1986 decernatur
1528 1951 1686 1996 tamen,
1719 1945 1756 1985 si

188 2002 345 2057 placet.
406 2001 501 2056 Ego
534 2000 648 2040 enim
681 1999 956 2056 csuscipiam,
988 2007 1031 2041 et
1061 2005 1128 2052 (ut
1159 2005 1302 2057 spero)
1333 2001 1554 2056 reperiam,
1585 2001 1660 2056 qui
1692 2000 1753 2052 id,

188 2058 308 2113 quod
329 2057 479 2098 salutis
502 2056 692 2097 omnium
715 2056 847 2098 causa
875 2057 1125 2109 statueritis,
1156 2072 1243 2099 non
1262 2064 1385 2114 putet
1418 2073 1507 2098 suae
1528 2057 1753 2114 dignitatis

114 2113 171 2154 20
189 2129 400 2158 recusare.
431 2112 646 2169 Adjungit
658 2127 831 2170 gravem
843 2128 1017 2170 poenam
1030 2114 1335 2172 municipibus,
1350 2113 1491 2171 siquis
1505 2129 1652 2156 eorum
1663 2115 1754 2156 vin-

301 2255 318 2271 ⁸
330 2254 439 2290 affre.
619 2246 637 2270 ¹³
648 2251 889 2302 perpetuus
906 2261 1066 2290 carcer.
1240 2255 1256 2273 ⁰
1270 2251 1476 2304 recipiam
1494 2247 1539 2290 in
1559 2262 1642 2290 me.

232 2386 262 2414 1.
285 2384 406 2424 Silani]
433 2383 571 2423 Silanus,
587 2383 694 2413 consul
708 2383 902 2424 designatus,
919 2389 951 2414 et
994 2384 1135 2426 quietem
1151 2385 1190 2415 ab
1205 2384 1310 2425 aliquo
1322 2384 1522 2415 incommodo
1538 2382 1594 2413 sibi
1611 2384 1753 2425 quaerat?

189 2427 226 2458 C.
245 2427 361 2462 Caesar,
374 2427 463 2468 primi
478 2438 548 2457 suas
561 2427 732 2458 sententias
745 2426 950 2467 protulerunt,
1038 2431 1090 2458 16.
1115 2428 1314 2469 llfimicipiis]
1357 2427 1533 2468 Municipia
1543 2426 1648 2458 liberae
1664 2431 1752 2458 erant

189 2480 265 2511 quas
275 2470 392 2510 passim
408 2470 519 2510 reliqui
532 2470 631 2501 secuti
644 2476 725 2500 sunt.
992 2470 1146 2501 civitates.

234 2516 286 2543 12.
333 2511 531 2543 Necessitatem
560 2513 702 2553 rimaran]
764 2510 843 2542 Cinn
881 2513 949 2553 quis
1037 2513 1086 2545 lb.
1112 2513 1226 2545 Habere
1253 2514 1378 2550 videtur,
1398 2511 1466 2554 ἔξω]
1511 2511 1670 2543 Dilemma
1698 2511 1750 2544 hic

188 2554 324 2586 extrema
340 2561 498 2586 senectute
523 2562 576 2586 aut
592 2557 697 2586 morbo
719 2555 809 2596 perit,
835 2554 947 2586 dicitur
989 2557 1064 2587 facit
1081 2556 1213 2588 Cicero:
1236 2562 1290 2587 aut
1304 2557 1356 2587 illa
1368 2555 1536 2596 municipia
1551 2565 1671 2596 rogare,
1692 2561 1748 2586 aut

189 2598 376 2629 necessitate
399 2604 514 2629 naturae
531 2600 618 2635 mori,
643 2599 717 2640 quia
734 2598 837 2629 omnia
863 2600 945 2630 occi·
987 2599 1024 2630 iis
1037 2600 1188 2640 imperare
1203 2605 1337 2641 oportet,
1352 2605 1386 2630 ut
1410 2599 1568 2639 accipiant
1587 2598 1657 2630 illos
1672 2609 1748 2630 con-

190 2643 267 2672 dant
281 2653 409 2672 necesse
425 2648 481 2673 est.
548 2680 552 2681 ⁷
984 2642 1103 2684 juratos
1115 2655 1124 2673 z
1150 2644 1235 2684 quod
1251 2648 1416 2682 utrumque
1428 2642 1551 2673 refellit.

236 2687 284 2716 13.
309 2685 438 2719 Quietem
449 2685 531 2724 essa]
580 2683 661 2715 Cum
685 2685 754 2725 quis
779 2684 836 2714 sibi
865 2696 944 2716 mor·
1032 2688 1083 2716 17.
1108 2686 1320 2727 Decemzatun]
1365 2685 1405 2716 Id
1433 2691 1490 2720 est,
1515 2686 1698 2716 decernatur
1725 2684 1744 2715 εἴ

189 2732 251 2757 tem
281 2728 446 2763 inferebat,
482 2737 554 2758 tunc
579 2738 657 2758 mors
699 2729 737 2757 ab
768 2727 826 2758 illis
855 2729 943 2767 quies
987 2734 1095 2760 senatu
1110 2735 1144 2759 ut
1165 2740 1221 2770 per
1248 2729 1417 2769 municipia
1434 2728 1668 2769 distribuantur,
1690 2738 1746 2759 ne-

188 2771 368 2802 diccbatur:
394 2771 488 2813 quare
513 2770 596 2802 enim
620 2771 697 2802 mori
711 2771 789 2812 vult,
819 2771 879 2802 nisi
908 2777 943 2803 ut
986 2783 1100 2814 moque
1114 2774 1229 2804 audeat
1245 2783 1298 2803 eos
1311 2772 1486 2804 sublevare.
