1790 3090
75 147 156 190 140

720 147 773 180 IN
798 147 1057 181 CATILINAM
1077 148 1140 181 IV.

150 220 344 263 Africam
375 222 528 273 redire,
557 227 687 278 atque
718 238 772 265 ex
805 225 933 267 Italia
964 226 1189 278 decedere,
1209 232 1389 268 coactus
1416 231 1510 269 est:
1541 235 1712 271 ornetur

149 278 257 319 alter
277 278 436 320 eximi-21
467 279 593 320 laude
614 280 859 335 Africanus,
882 283 956 340 qui
979 284 1084 324 duas
1105 284 1232 325 urbes
1264 284 1366 325 huic
1386 283 1564 340 imperio
1584 285 1712 327 infes-

147 334 352 387 tissimas,
393 335 700 391 Carthaginem
745 337 1126 396 Numantiamque,
1173 340 1356 382 delevit:
1388 341 1598 382 habeatur
1647 343 1710 383 vir

74 391 130 433 40
147 392 343 448 egregius
375 392 423 433 L.
444 392 620 444 Paulus,
648 393 734 445 ille,
757 397 879 451 cujus
912 412 1080 438 currum
1109 411 1182 438 rex
1213 398 1540 453 potentissimus
1570 412 1708 453 quon—

146 448 245 490 dam
262 455 306 490 et
325 448 634 501 nobilissimus,
649 449 818 502 Perses,
829 453 1089 504 honestavit3
1118 453 1236 494 sitin
1253 455 1412 496 aeterna
1429 455 1562 511 gloria
1579 454 1710 496 Mari-

144 520 211 557 us,
232 505 304 561 qui
324 505 391 546 bis
415 505 585 547 Italiam
606 507 829 549 obsidione
851 515 893 550 et
913 516 1030 550 metu
1051 509 1268 551 servitutis
1289 511 1508 553 liberavit:
1531 518 1709 567 antepo-

143 568 269 603 natur
289 562 487 604 omnibus
509 563 759 619 Pompeius,
781 565 902 621 cujus
933 580 1000 607 res
1026 573 1160 622 gestae
1180 574 1310 623 atque
1330 567 1508 610 virtutes
1537 568 1709 619 iisdem,

143 619 301 674 quibus
341 619 456 660 Solis
493 635 657 672 cursuS‚
689 622 936 677 regionibus
978 637 1030 664 ac
1070 623 1262 665 terminis
1299 625 1598 666 continentur:
1628 624 1709 666 erit

68 674 125 716 45
142 675 352 731 profecto,
384 675 495 718 inter
527 677 681 718 horum
714 679 879 731 laudes,
915 679 1078 736 aliquid
1110 681 1195 722 loci
1230 688 1388 722 nostrae
1423 682 1591 737 gloriae3
1621 681 1706 722 nisi

142 731 254 773 forte
289 733 427 789 majus
465 740 531 775 est
577 735 819 790 patefacere
859 736 985 778 nobis
1034 738 1293 793 provincias,
1330 736 1416 794 quo
1455 738 1571 780 exire
1609 744 1709 794 pos:

141 788 292 842 simus,
323 789 455 845 quam
485 805 644 842 curare,
670 798 718 832 ut
745 792 875 833 etiam
905 793 965 833 illi
993 794 1067 850 qui
1097 795 1267 846 absunt,
1297 794 1485 836 habeant
1509 795 1594 851 quo
1622 794 1710 835 vic·

140 851 256 888 tores
300 854 595 900 revertantur3
625 864 884 904 quamquam
925 856 992 891 est
1041 865 1125 892 uno
1172 852 1269 893 loco
1316 851 1508 893 conditio
1557 850 1710 892 melior

142 908 329 943 externae
349 903 555 956 victoriae,
577 905 709 960 quam
731 906 996 959 domesticae,
1018 908 1134 963 qued
1164 908 1314 950 hostes
1334 908 1615 964 ”alienigenae
1635 913 1711 948 aut

67 961 123 1002 50
141 959 335 1014 oppressi
357 959 563 1011 serviunt,
580 968 667 1012 aut,
687 963 849 1018 recepti
871 963 914 1004 in
935 963 1184 1017 amicitiam,
1200 965 1414 1007 beneficio
1429 980 1474 1006 se
1492 964 1708 1021 obligatos

140 1022 317 1071 putant:
350 1016 424 1072 qui
454 1024 597 1058 autem
629 1032 683 1058 ex
722 1033 898 1060 numero
929 1020 1103 1072 civium,
1135 1021 1354 1063 dementia
1384 1021 1530 1091 aliqua
1559 1022 1708 1076 depra-

139 1072 242 1124 vati,
273 1073 421 1114 hostes
451 1074 599 1128 patriae
639 1076 771 1116 semel
802 1090 896 1117 esse
925 1084 1163 1131 coeperunt,
1195 1093 1284 1129 eos,
1316 1077 1415 1118 cum
1453 1093 1480 1118 a
1519 1078 1708 1132 pernicie

139 1129 386 1185 reipublicae
425 1131 648 1186 repuleris,
689 1145 829 1187 neque
860 1133 901 1173 vi
939 1133 1151 1185 coercere,
1186 1148 1326 1189 neque
1364 1133 1578 1175 beneficio

491 1186 634 1237 Quare
670 1188 777 1229 mihi
812 1189 1128 1256 curp4pe1·ditis
1168 1190 1335 1232 civibus
1375 1198 1583 1232 aeternum
1619 1190 1710 1231 bel-

64 1245 120 1285 55
138 1243 228 1284 lum
261 1249 510 1299 susceptum
542 1259 638 1286 esse
663 1245 816 1307 vide03
848 1247 966 1303 qued
999 1261 1080 1303 ego
1109 1253 1249 1290 vestro
1283 1248 1580 1304 bonorumque
1617 1261 1708 1288 om-

139 1200 253 1238 eare,
275 1186 429 1242 possis.

1618 1134 1709 1189 pla-

136 1299 258 1342 nium
304 1300 480 1353 auxilio,
522 1301 814 1358 memoriaque
853 1310 1070 1345 tantorum
1115 1304 1419 1361 periculorum,
1458 1308 1574 1361 (quae
1619 1317 1708 1345 non

136 1358 268 1399 modo
303 1357 349 1398 in
382 1358 467 1399 hoc
503 1360 680 1415 populo,
710 1360 786 1416 qui
823 1367 1016 1402 servatus
1056 1368 1138 1413 est,
1170 1362 1248 1403 sed
1279 1361 1410 1403 etiam
1440 1361 1486 1403 in
1518 1360 1707 1403 omnium

137 1413 330 1470 gentium
360 1415 629 1457 sermonibus
661 1430 713 1457 ac
745 1417 964 1459 mentibus
995 1432 1164 1474 semper
1193 1419 1392 1471 haerebit)
1419 1418 1446 1459 a
1477 1432 1545 1460 me
1575 1423 1706 1473 atque

137 1470 166 1511 ὲ
200 1471 307 1513 meis
338 1471 466 1513 facile
500 1473 739 1529 propulsari
778 1489 909 1530 posse
945 1475 1132 1517 confido.
1191 1475 1346 1532 Neque
1386 1476 1474 1516 ulla
1510 1473 1706 1534 profecto

63 1531 119 1573 60
137 1533 257 1570 tanta
275 1528 341 1570 vis
361 1536 609 1584 reper1etur‚
631 1545 726 1587 quae
745 1532 843 1588 >conj
851 1530 1101 1573 unctionem
1116 1537 1302 1574 vestram
1317 1532 1598 1595 equitumque
1621 1530 1709 1572 Ro-

136 1600 375 1637 manorum,
395 1592 438 1627 et
467 1592 632 1627 tantam
663 1585 1028 1645 conspirationem
1057 1589 1269 1631 bonorum
1298 1603 1504 1641 omnium,
1525 1587 1709 1644 perfrin-

135 1656 237 1699 gere
255 1649 299 1685 et
317 1642 577 1686 labefactare
597 1644 750 1701 possit.
810 1644 919 1694 Quae
944 1644 1043 1688 cum
1072 1646 1136 1688 ita
1165 1646 1268 1700 sint,
1289 1652 1432 1704 patres
1452 1644 1704 1702 conscripti,

815 1805 1020 1848 heoetemi.

135 1972 244 2014 major,
263 1984 345 2005 anno
369 1975 419 2006 15.
440 1974 572 2007 secundi
594 1974 668 2005 belli
694 1974 817 2012 Punici,
833 1980 894 2006 tra-

136 2017 224 2046 duxit
243 2018 416 2052 exercitum'
430 2019 462 2048 in
486 2017 641 2049 Africam:
666 2020 759 2059 quare
775 2019 896 2049 Hanni-

135 2059 187 2089 bal
202 2060 356 2091 decedere
370 2051 527 2097 ex'Italia,
544 2066 576 2091 et
591 2062 754 2092 subvenire
771 2063 893 2102 patriae,

133 2108 260 2133 coactus
275 2109 333 2134 est.
376 2104 461 2135 Vide
478 2104 610 2139 Livium,
626 2104 678 2135 lib.
693 2107 747 2135 30.

178 2147 230 2177 37.
254 2146 382 2177 Ornetur
397 2147 500 2188 altem]
543 2147 650 2177 Minor
664 2148 841 2184 Africanus,
857 2148 891 2178 fi-

133 2188 190 2219 lius
207 2189 310 2228 Pauli,
327 2191 494 2232 adoptatus
518 2195 565 2219 est
587 2190 605 2220 a
628 2191 793 2231 superioris
808 2191 893 2221 Afri-

131 2232 205 2262 cani
219 2232 294 2263 filio.
340 2234 427 2264 Vide
444 2233 526 2264 Flor.
541 2233 595 2264 lib.
611 2235 642 2265 2.
657 2244 727 2274 cap.
747 2238 776 2266 1.
793 2240 825 2264 et
841 2237 893 2265 18.

177 2277 231 2307 39.
254 2275 491 2318 Carthaginem]
552 2276 709 2318 Carthago
733 2277 792 2307 fuit
820 2279 892 2308 urbs

132 2317 248 2349 Africae
263 2320 475 2358 celeberrima,
489 2324 521 2349 et
537 2319 649 2349 Itomae
665 2320 788 2355 aemula,
801 2320 820 2350 ὰ
834 2321 893 2351 Di-

133 2361 216 2392 done
247 2362 374 2393 condita
402 2362 631 2403 septuagesimo
656 2367 728 2402 post
755 2363 891 2393 Romam

133 2414 234 2435 anno:
259 2405 277 2434 a
298 2406 446 2446 Scipione
470 2405 576 2436 deleta
591 2404 659 2444 suit,
675 2416 746 2436 cum
758 2406 888 2436 Cartha-

133 2448 205 2487 gine
220 2447 300 2477 nova
315 2449 347 2478 in
362 2448 518 2489 Hispania
533 2447 665 2479 Baetica.

176 2491 224 2522 1b.
243 2490 465 2534 Numantiam]
520 2491 694 2521 Numantia
731 2492 802 2522 urbs
830 2491 890 2522 fuit

132 2534 295 2575 Hispaniae
310 2534 586 2571 Tarraconensia&
598 2534 753 2565 Romanis
765 2536 890 2566 obsessa

132 2583 165 2608 et
179 2577 274 2611 victa.

175 2624 229 2651 40.
254 2620 368 2651 Paulus
393 2621 470 2661 illa]
518 2621 620 2662 Hujus
646 2622 741 2653 vitam
767 2622 889 2664 scripsit

130 2663 328 2697 Plutarchus.

136 2727 139 2730 -
171 2707 225 2739 Ib.
249 2707 342 2748 Cujus
365 2708 515 2750 currum]
541 2706 621 2739 Cfim
643 2708 888 2749 triumphabant,

129 2750 274 2787 victores,
303 2755 375 2782 ante
405 2761 513 2782 eorum
541 2761 663 2784 currum
688 2753 763 2785 victi
792 2752 887 2785 duces

128 2794 204 2833 duci
215 2793 361 2828 solebant
370 2794 404 2828 'm
418 2804 580 2838 pompam.

981 1977 1034 2006 41.
1058 1974 1205 2018 Marius]
1251 1974 1372 2006 Marius
1394 1973 1553 2006 Teutones
1574 1980 1607 2006 et
1622 1972 1701 2006 Am·

936 2018 1048 2049 brones
1064 2019 1186 2049 duobus
1209 2018 1324 2059 proeliis
1339 2019 1381 2048 ad
1395 2017 1504 2059 Aquas
1527 2019 1648 2050 Sextias
1668 2019 1701 2049 in

938 2061 1115 2098 Provincia,
1130 2067 1162 2092 et
1178 2061 1318 2092 Cimbros
1335 2072 1442 2092 eorum
1462 2061 1562 2093 socios
1576 2062 1609 2092 in
1625 2072 1699 2103 agro

938 2103 1084 2141 Claudio,
1109 2104 1279 2146 superavit,
1304 2105 1391 2135 caesis
1416 2115 1525 2136 eorum
1553 2105 1696 2135 ducentis

936 2148 1083 2185 millibus,
1096 2153 1128 2179 et
1143 2148 1244 2188 captis
1257 2147 1440 2188 nonaginta.
1477 2148 1562 2180 Vide
1576 2148 1699 2179 Plutar-

935 2192 1028 2221 chum
1043 2192 1076 2221 in
1090 2191 1155 2221 vite
1170 2191 1277 2222 Marii.

979 2237 1031 2265 43.
1056 2233 1240 2275 Pmnpeius]
1290 2233 1343 2265 De
1359 2244 1397 2265 eo
1411 2232 1480 2265 fuse
1502 2233 1535 2265 in
1557 2234 1695 2265 oratione

936 2287 992 2318 pro
1009 2278 1095 2318 Lege
1110 2277 1226 2308 Manil.

978 2322 1032 2352 47.
1056 2320 1118 2355 Qu&
1144 2322 1263 2351 victores
1297 2320 1506 2360 revertantur]
1567 2319 1697 2350 Debent

935 2364 1050 2394 habere
1067 2365 1199 2394 victores
1222 2364 1329 2394 urbem
1352 2363 1413 2404 quo
1436 2368 1643 2399 revertantur,
1661 2369 1696 2393 ut

935 2406 979 2436 ibi
995 2408 1136 2438 debitum
1152 2417 1214 2437 suae
1225 2407 1331 2438 virtuti
1342 2407 1529 2446 triumphum
1542 2406 1694 2436 referant:

936 2450 1031 2486 unde,
1040 2450 1094 2481 lib.
1106 2454 1121 2480 1
1128 2471 1135 2480 .
1145 2449 1236 2482 Offic.
1246 2450 1341 2481 refert
1350 2450 1417 2490 ipse
1426 2449 1538 2480 Cicero
1547 2449 1588 2479 de
1598 2448 1693 2479 Pom-

933 2492 1019 2533 peio,
1035 2492 1119 2534 quod
1135 2493 1194 2523 sibi
1210 2493 1334 2529 dixerit,
1334 2491 1458 2534 frustra
1471 2502 1499 2523 se
1512 2492 1693 2531 triumphum

932 2537 1051 2566 tertium
1087 2537 1308 2575 deportaturum
1331 2535 1441 2577 fuisse,
1474 2537 1532 2565 nisi
1567 2545 1626 2565 meo
1660 2537 1695 2566 in

896 2580 900 2583 ”
933 2578 1072 2618 Rempub.
1094 2579 1236 2619 beneficio,
1249 2579 1300 2609 ubi
1321 2578 1525 2618 triumpharet,
1541 2578 1693 2609 haimarus

931 2628 1008 2654 esset.
1055 2621 1136 2653 Cam
1160 2627 1264 2652 autem
1280 2622 1404 2652 arderet
1425 2622 1491 2653 haec
1505 2621 1692 2662 conjuratio,

932 2670 998 2696 tum
1013 2665 1046 2696 in
1060 2664 1140 2695 Asia
1154 2665 1324 2706 Pompeius
1338 2675 1409 2697 cum
1423 2665 1610 2697 Mithridate
1624 2665 1692 2696 bel-

930 2708 996 2739 lum
1011 2708 1149 2750 gerebat.

975 2752 1030 2783 50.
1052 2751 1198 2793 Recepti]
1224 2750 1290 2789 Qui
1302 2762 1337 2783 se
1351 2752 1485 2795 dedunt,
1495 2751 1690 2796 recipiuntur

925 2795 962 2828 in
977 2795 1089 2839 populi
1101 2795 1198 2830 Rom.
1210 2794 1391 2842 amicitiam·
