1790 3090
42 103 147 156 ,xxvi
597 103 648 135 Μ.
668 101 820 135 ”surm
845 101 1087 142 crcanNrs

46 175 268 226 clamasse.
314 175 426 219 Cum
445 175 529 218 illis
544 176 698 221 Cicero
719 194 764 222 se
785 180 946 237 recepit
966 180 1011 221 in
1029 178 1306 236 Capitolium,
1326 192 1465 236 neque
1486 178 1643 221 adduci

44 231 190 288 potuit
213 238 257 274 ut
284 233 339 275 ad
368 234 606 275 Antonium
628 235 722 279 iret.
783 236 893 278 Post
913 237 1028 278 diem
1048 237 1220 279 tertium
1239 236 1283 277 in
1305 236 1441 277 aedem
1459 235 1641 277 Telluris

43 288 176 338 venit,
192 289 264 331 ubi
279 289 465 331 Senatus
483 291 740 345 habebatur;
773 301 816 335 et
834 294 887 334 ad
901 309 1050 350 pacem
1064 294 1178 335 cives
1200 295 1393 334 hortatus
1411 299 1490 344 est,
1506 292 1642 333 Athe-

43 345 258 396 niensium
291 347 485 403 exemplo
502 363 510 388 :
543 348 692 389 habuit
724 365 896 406 quoque
929 351 1146 393 Antonius
1187 351 1422 392 orationem
1453 350 1506 390 de
1538 364 1641 390 con-

46 402 209 445 cordia.
268 403 420 444 Cicero
442 403 565 445 initio
589 405 751 461 Aprilis
769 420 821 446 ex
843 407 944 448 urbe
966 422 1036 448 rus
1057 407 1274 463 profectus
1296 414 1376 457 est,
1398 406 1518 447 villas
1541 419 1640 446 suas

43 458 315 501 lustraturus.
347 459 396 500 In
410 459 495 501 hac
516 460 796 502 rusticatione
814 468 899 503 tres
913 463 1041 504 libros
1055 464 1108 504 de
1123 463 1289 504 Natura
1307 464 1496 504 Deorum
1512 461 1643 517 scrip-

45 514 130 567 sit3
159 515 268 557 duos
290 516 342 570 de
366 516 666 569 Divinatione;
699 524 742 559 et
758 518 978 574 dialogum
997 519 1050 560 de
1073 519 1321 571 Senectute,
1343 526 1417 561 aut
1437 517 1642 574 sanejam

42 571 252 627 scriptum
271 573 326 613 ad
350 572 545 614 Atticum
566 573 697 615 misit.
749 573 916 615 Eodem
944 582 1150 631 tempore,
1183 575 1281 617 cum
1308 590 1456 617 omnes
1479 574 1643 631 cogita-

40 626 183 669 tiones
194 643 293 669 suas
304 629 466 670 defixas
480 629 523 669 in
537 629 772 671 concordia
781 631 936 672 civium
949 632 1140 681 haberet,
1153 638 1283 688 atque
1298 632 1501 683 omnium,
1513 632 1641 673 etiam

43 684 239 735 Antonii,
261 685 493 726 amicitiam
513 687 691 728 retinere
712 689 854 736 vellet,
876 688 1047 743 scripsit
1068 688 1258 740 Laelium,
1288 688 1378 729 sive
1404 688 1558 728 librum
1588 687 1641 727 de

44 739 263 783 Amicitia.
325 742 452 783 Circa
471 742 576 783 illud
602 750 770 800 tempus
800 743 1023 796 Octavius,
1046 745 1118 800 qui
1140 746 1366 801 Augustus
1388 744 1530 784 dictus
1559 751 1639 794 est,

42 797 192 838 audita
213 804 349 839 morte
364 798 562 850 Caesaris,
580 800 654 855 qui
670 815 849 856 magnus
864 801 898 856 ej
906 816 955 842 us
972 802 1207 842 avunculus
1222 808 1326 852 erat,
1344 799 1578 856 Apollonia
1594 799 1640 839 in

45 853 215 896 Italiam
242 854 373 906 venit,
396 861 439 896 et
465 855 693 912 Neapolim
715 857 925 908 transivit,
955 857 1027 898 ubi
1053 857 1287 899 honorifice
1310 872 1408 899 cum
1431 856 1639 899 Cicerone

42 909 126 950 fuit
138 916 181 951 et
193 910 344 952 amice.
376 911 460 952 Hic
473 911 626 967 postea
643 927 785 954 mense
806 913 926 955 Maio
941 929 1039 955 cum
1053 914 1210 966 Hirtio,
1225 914 1327 955 Cos.
1342 913 1584 967 designato,
1596 912 1642 952 in

43 964 283 1007 Puteolano
301 975 590 1009 commoratus
608 975 688 1020 est,
704 969 775 1009 ubi
794 970 846 1011 de
864 969 971 1011 Fato
991 985 1229 1012 sermonem
1249 970 1414 1011 habuit.
1435 969 1639 1010 Extremo

43 1036 190 1064 mense
212 1022 332 1063 Maio
354 1023 538 1064 Romam
558 1024 702 1065 versus
724 1026 942 1080 profectus
963 1033 1043 1078 est,
1066 1034 1114 1068 ut
1133 1027 1234 1068 Kal.
1261 1027 1379 1067 Junii
1398 1026 1442 1066 in
1463 1026 1639 1075 Senatu,

43 1078 159 1120 sicut
177 1079 394 1120 Antonius
416 1080 622 1131 edixerat,
639 1082 826 1123 adesset.
857 1082 959 1134 Sed,
979 1082 1076 1124 cum
1095 1083 1168 1124 ille
1185 1098 1230 1124 se
1250 1083 1433 1123 Romam
1456 1081 1639 1137 stipatus

41 1134 169 1176 armis
190 1135 418 1184 retulisset,
434 1136 678 1187 Senatores,
698 1145 814 1177 metu
831 1138 1054 1192 perterriti,
1072 1138 1246 1194 repente
1264 1138 1540 1194 diffugerunt.
1562 1136 1639 1178 IV.

43 1191 191 1232 Nonas
205 1191 336 1247 igitur
353 1191 505 1232 Cicero
521 1192 573 1232 ab
588 1192 703 1233 Urbe
719 1193 869 1245 abfuit,
884 1194 1017 1235 necin
1030 1194 1193 1235 Urbem
1209 1194 1402 1246 rediisse,
1415 1193 1639 1250 nisipridie

41 1246 139 1289 Kal.
159 1247 378 1304 Septemb.
398 1247 582 1290 videtur.
641 1248 706 1289 Eo
728 1256 920 1305 tempore
943 1251 995 1291 de
1017 1250 1184 1292 Officiis
1202 1251 1388 1292 scribere
1410 1264 1639 1306 aggressus

44 1311 129 1346 est:
163 1310 219 1355 et,
237 1303 335 1345 cum
349 1304 527 1346 haberet
533 1305 605 1361 jus
621 1306 851 1361 legationis
868 1307 1025 1358 liberae,
1042 1307 1121 1348 iter
1136 1307 1181 1347 in
1196 1307 1409 1348 Graeciam
1431 1305 1638 1362 suscepit,

41 1367 91 1402 ut
109 1360 259 1402 Romae
281 1361 454 1402 adesset
473 1361 572 1402 Kal.
593 1361 797 1413 Januarii,
819 1363 976 1419 quibus
998 1363 1165 1404 Hirtius
1194 1371 1237 1405 et
1270 1363 1415 1404 Pansa
1436 1363 1642 1403 Consula-

41 1424 134 1459 tum
154 1424 275 1460 erant
294 1417 449 1459 inituri.
509 1417 678 1459 Veliam
699 1419 816 1460 venit
839 1434 950 1461 xrrr.
972 1420 1058 1461 Kal
1077 1419 1226 1461 sextil.
1242 1419 1302 1461 ibi
1337 1435 1389 1461 ue
1407 1420 1522 1461 diem
1540 1433 1643 1460 con-

43 1474 168 1516 stitit.
198 1474 328 1515 Velia
347 1473 638 1531 proficiscens,
659 1475 822 1531 Topica
835 1477 889 1517 ad
903 1476 1166 1528 Trebatium,
1183 1476 1227 1516 in
1238 1476 1336 1532 ipsa
1352 1476 1642 1531 navigatione,

41 1530 315 1586 conscripsit.
375 1531 557 1571 Miserat
583 1531 711 1572 etiam
732 1533 859 1587 paulo
883 1532 982 1572 ante
1005 1533 1059 1573 ad
1081 1532 1277 1573 Atticum
1298 1533 1406 1573 duos
1433 1532 1567 1573 libros
1589 1532 1643 1573 de

44 1587 210 1639 Gloria,
225 1602 407 1643 quorum
427 1587 623 1628 meminit
643 1587 715 1629 lib.
737 1589 763 1629 2
787 1588 840 1629 de
862 1588 1045 1630 Officiis.
1094 1588 1201 1630 Inde
1223 1589 1340 1630 venit
1359 1588 1403 1629 in
1435 1588 1643 1640 Siciliam,

43 1643 295 1700 Syracusas,
316 1651 359 1685 et
375 1644 697 1699 Leucopetram,
718 1644 792 1685 ubi
814 1644 956 1686 navim
978 1645 1232 1687 conscendit
1250 1645 1576 1687 transmissurus
1599 1644 1643 1684 in

44 1700 271 1745 Graeciam.
304 1700 452 1742 Stadia
472 1707 664 1741 trecenta
684 1701 855 1743 circiter
873 1709 1118 1757 provectus,
1138 1703 1324 1757 rejectus
1343 1704 1502 1743 Austro
1516 1701 1641 1742 vehe-

44 1757 178 1799 menti
199 1764 265 1799 est
281 1757 334 1798 ad
356 1758 677 1812 Leucopetram,
746 1758 847 1809 Sed,
871 1758 968 1799 cum
990 1759 1033 1799 in
1054 1758 1159 1799 villa
1181 1758 1231 1800 P.
1257 1759 1416 1800 Valerii
1437 1764 1640 1808 maneret,

44 1814 191 1870 ibique
207 1820 381 1855 ventum
395 1814 665 1854 commodum
681 1822 964 1870 exspectaret,
974 1814 1164 1871 Rhegini
1178 1815 1353 1871 quidam
1365 1815 1443 1856 viri
1458 1815 1642 1855 illustres

44 1870 188 1912 Roma
213 1871 298 1912 huc
319 1869 548 1921 redierunt,
571 1871 643 1926 qui
670 1871 926 1913 nuntiabant
950 1887 1070 1927 spem
1091 1886 1201 1923 esse,
1225 1872 1315 1913 fore
1348 1878 1397 1913 ut
1427 1870 1641 1912 Antonius

46 1928 231 1977 cederet,
264 1942 330 1968 res
351 1926 611 1975 conveniret,
634 1926 818 1968 Caesaris
838 1928 1131 1969 interfectores
1151 1927 1350 1982 redirent.
1410 1928 1644 1968 Addebant

47 1984 176 2026 etiam
197 1984 453 2025 Ciceronem
470 1984 716 2025 desiderari.
777 1984 894 2025 Nihil
910 1992 1100 2026 moratus
1121 1985 1194 2025 ille
1217 1984 1364 2026 statim
1378 1985 1548 2026 Veliam
1569 1983 1642 2024 ad-

48 2042 205 2082 ductus
223 2047 302 2082 est.
335 2039 550 2081 Convenit
571 2040 765 2092 Brutum,
783 2041 857 2096 qui
879 2042 993 2096 apud
1015 2041 1214 2082 Heletem
1231 2041 1408 2082 fluvium
1429 2041 1543 2082 circa
1559 2039 1643 2080 Ve-

45 2098 146 2139 liam
163 2112 262 2138 cum
281 2097 461 2137 navibus
475 2103 588 2146 erat;
620 2103 747 2152 atque
762 2096 863 2138 inde
879 2098 923 2137 in
939 2097 1118 2153 patriam
1131 2098 1247 2138 omni
1263 2097 1537 2138 festinatione
1550 2110 1645 2152 pro-

47 2154 228 2212 peravit.
257 2153 496 2194 Accedenti
517 2153 570 2193 ad
589 2152 746 2195 Urbem
760 2160 878 2194 tanta
890 2154 1121 2194 multitudo
1135 2153 1306 2195 obviam
1319 2154 1449 2203 venit,
1462 2160 1523 2204 ut,
1541 2154 1643 2194 dum

51 2212 106 2252 ad
123 2217 267 2267 portas
281 2208 591 2251 civesRomani
605 2210 915 2266 ingredientem
931 2210 1165 2266 excipiunt,
1178 2211 1494 2266 adventumque
1505 2216 1645 2265 gratu-

49 2268 205 2317 lantur,
227 2267 317 2307 dies
338 2265 425 2307 fere
448 2274 727 2322 consumptus
749 2267 888 2307 fuerit.
918 2267 1127 2308 Kalendis
1145 2266 1266 2322 Sept.
1283 2267 1496 2307 Antonius
1512 2266 1643 2306 Sena-

51 2330 143 2365 tum
163 2323 315 2364 habuit
335 2323 387 2363 de
410 2323 791 2378 supplicationibus
813 2323 972 2364 Caesari
994 2322 1296 2364 decernendis:
1330 2322 1580 2364 Ciceronem
1600 2322 1644 2363 in

53 2380 216 2423 curiam
235 2379 427 2429 vocavit3
460 2379 535 2419 sed
553 2378 650 2420 cum
667 2378 689 2421 ὲ
706 2379 777 2420 via
796 2380 1033 2435 langueret,
1049 2394 1134 2421 non
1149 2379 1301 2430 adfuit,
1321 2386 1522 2420 causatus
1534 2379 1646 2420 vale-

51 2437 259 2479 tudinem.
318 2435 548 2486 Antonius,
572 2435 616 2476 id
639 2435 751 2492 aegre
772 2436 926 2487 ferens,
948 2435 1091 2491 palam
1111 2435 1156 2476 in
1173 2435 1350 2487 Senatu,
1371 2435 1453 2477 nisi
1468 2436 1644 2487 veniret,

52 2494 194 2535 fabros
217 2508 262 2535 se
283 2492 524 2543 missurum,
557 2498 599 2532 et
623 2493 796 2534 domum
819 2493 910 2548 ejus
943 2493 1291 2541 disturbaturum,
1313 2492 1435 2534 dixit.
1494 2493 1647 2533 Adfuit

50 2550 257 2607 postridie
278 2548 322 2590 in
337 2556 465 2590 enatu
476 2548 644 2601 Cicero,
656 2550 731 2590 sed
744 2549 958 2590 Antonius
977 2549 1132 2590 abfuit.
1146 2548 1300 2591 Cicero
1319 2548 1456 2590 minus
1472 2549 1646 2605 quidem

53 2606 187 2648 libere
217 2607 270 2648 de
302 2605 524 2661 republica
559 2604 668 2647 dixit
691 2605 821 2662 quam
854 2621 931 2647 sua
962 2606 1254 2657 consuetudo,
1284 2605 1459 2646 liberius
1487 2613 1645 2657 tamen,

87 2678 185 2705 uam
207 2662 397 2720 pericula
420 2662 629 2719 minaeque
664 2662 952 2719 postulabant.
1013 2663 1177 2704 Habuit
1201 2662 1245 2703 in
1278 2662 1441 2704 Senatu
1468 2663 1647 2718 primam

55 2678 344 2778 {hilefflfflm
364 2717 450 2779 qua
470 2719 533 2779 sic
553 2719 769 2776 Antonius
787 2719 976 2763 offensus
998 2726 1080 2773 est,
1105 2726 1156 2762 ut
1178 2718 1427 2762 inimicitias
1449 2719 1648 2763 Ciceroni
