1790 3090
87 148 173 190 212

813 140 904 173 PRO
930 139 1089 172 COELIO.

855 260 1047 289 PARTES

363 352 473 392 Tres
492 353 619 390 sunt.-
652 349 912 397 Emi-dium,
947 348 1218 403 C'mzfutatiO,
1250 352 1291 388 et
1313 344 1552 388 Peroratio.

837 473 1073 501 EVENTUS.

241 567 347 606 Vicit
371 561 549 610 Cicero;
599 566 639 602 ct
674 561 895 600 absolutus
928 560 1089 600 Coelius
1110 557 1257 612 posted
1285 563 1530 612 praeturam
1562 558 1743 611 adeptus

174 628 236 665 est
253 640 265 670 ;
298 621 552 676 inteifectus
575 623 637 660 est
651 619 766 659 civili
787 618 889 658 bello
908 617 1125 658 Ccesarem
1144 618 1259 656 inter
1280 620 1320 656 et
1341 613 1609 670 Pompeium.

819 849 1103 879 EXORDIUM.

236 942 271 982 I.
302 940 356 981 SI
379 939 490 995 quis,
522 937 708 993 judiceS‚
739 936 848 978 forte
868 951 983 978 nunc
1013 936 1139 988 adsit,
1173 936 1344 993 ignarus
1376 936 1536 991 legum,
1560 933 1748 990 judicio-

179 1013 288 1048 rum,
312 994 637 1038 consuetudinis
658 1001 841 1044 nostrae3
872 994 1047 1034 miretur
1066 992 1274 1048 profecti),
1304 1007 1398 1048 quae
1421 992 1476 1032 sit
1496 998 1617 1033 tanta
1637 997 1746 1032 atro-

179 1054 287 1095 citas
307 1054 488 1108 hujusce
509 1065 664 1100 causae,
686 1049 816 1106 quod,
838 1049 990 1090 diebus
1010 1049 1146 1099 festis,
1169 1049 1368 1104 ludisque
1389 1047 1590 1103 publicis,
1612 1047 1746 1089 omni-

177 1111 258 1152 bus
279 1109 466 1165 negotiis
487 1107 729 1149 forensibus
751 1106 1021 1156 intermissis,
1044 1120 1176 1146 unum
1196 1105 1280 1146 hoc
1293 1103 1507 1161 judicium
1530 1111 1747 1146 aexercea-

133 1172 161 1212 5
179 1174 271 1217 tur3
303 1181 384 1208 nec
405 1164 573 1207 dubitet
593 1164 698 1220 quin
729 1163 838 1204 tanti
864 1162 1066 1204 facinoris
1095 1177 1190 1204 reus
1211 1161 1450 1217 '’arguatur,
1479 1167 1541 1211 ut,
1572 1175 1624 1203 eo
1646 1175 1748 1216 neg-

179 1223 472 1276 lecto‚civitas
487 1228 599 1264 stare
612 1235 699 1262 non
712 1219 872 1276 possit3
892 1219 1022 1272 idem,
1041 1219 1141 1261 cum
1154 1218 1301 1261 audiat
1313 1233 1406 1260 esse
1419 1217 1575 1275 legem,
1585 1232 1680 1275 quae
1694 1219 1748 1259 de

751 1406 1183 1435 INTERPRETATIO.

606 1511 715 1562 {fisca

1061 1507 1284 1549 baccusem
1291 1521 1322 1546 r.

903 1619 1054 1652 NOTAE.

227 1713 256 1739 1.
280 1708 410 1749 Ignarus
421 1706 544 1749 legum]
591 1706 653 1738 Hic
666 1706 789 1743 Cicero,
805 1716 860 1747 per
875 1706 950 1737 istas

183 1753 283 1792 leges,
316 1751 449 1781 Plotiam
479 1750 638 1790 intelligit,
668 1761 737 1791 quae
768 1750 831 1779 lata
862 1756 908 1780 est
932 1749 950 1779 ὲ

182 1796 233 1825 Μ.
261 1794 367 1824 Plotio
397 1794 520 1824 tribuno
555 1793 666 1833 plebis,
702 1794 761 1823 Cn.
792 1792 948 1833 Pompeio

185 1838 337 1868 Strabone
365 1842 397 1867 et
420 1837 457 1867 L.
476 1836 589 1866 Porcio
608 1836 730 1866 Catone
753 1835 841 1865 Coss.
865 1846 947 1865 anno

182 1881 277 1911 Urbis
294 1881 368 1909 664.
394 1885 438 1915 ut,
461 1880 500 1908 de
522 1879 560 1908 iis
576 1879 631 1919 qui
647 1879 707 1908 vim
726 1878 882 1918 publicam
899 1888 945 1907 ar-

183 1924 274 1953 matis
301 1922 476 1952 bominibus
496 1922 656 1957 fecissent,
679 1922 808 1962 quaestio
832 1921 946 1951 consti-

183 1971 331 1997 tueretur.

227 2012 257 2039 2.
282 2006 528 2045 Consuetudinis.]
579 2006 782 2036 Consuetudo
805 2006 864 2035 suit
879 2005 947 2035 Ro-

183 2061 355 2086 manorum,
378 2055 412 2079 ut.
435 2050 534 2089 primo
558 2059 686 2089 quoque
704 2055 845 2088 tempore
861 2049 946 2078 sedi·

182 2094 282 2124 tiones
298 2093 545 2122 vindicarentur:
570 2091 707 2132 alioquin
731 2092 814 2121 enim
837 2091 946 2122 diebus

182 2137 270 2167 sestis
283 2135 403 2176 judicia
418 2146 481 2165 non
498 2135 730 2165 exercebantur.

226 2181 257 2210 3.
282 2178 509 2220 Diebusfestis]
555 2178 634 2207 Dies
647 2178 718 2208 festi
734 2177 794 2207 diis
810 2176 950 2207 dedicati

181 2222 394 2252 habebantur:
424 2221 518 2261 quare
537 2220 575 2250 ab
592 2221 674 2250 ouini
691 2230 786 2260 opere
799 2220 859 2249 alio
876 2221 946 2249 abs-

181 2265 345 2295 tinendum
372 2264 449 2293 suit:
481 2274 583 2303 neque
614 2264 661 2293 his
689 2263 809 2303 praetori
832 2262 948 2292 licebat

181 2308 239 2337 fari
255 2308 311 2337 tria
332 2308 397 2336 liaec
421 2306 524 2341 verba,
548 2307 593 2339 do,
615 2307 688 2341 dico,
711 2307 823 2336 addico.
870 2304 947 2335 Dies

183 2356 285 2380 autern
311 2349 363 2379 alii
379 2349 455 2379 Festi
477 2349 551 2378 dicti
576 2354 647 2377 sunt
669 2349 752 2388 apud
775 2347 948 2383 Romanos,

182 2393 232 2422 alii
259 2392 395 2433 Prqfesti,
419 2392 471 2421 alii
497 2391 636 2420 Intercisi.
697 2390 772 2420 Festi
796 2391 861 2420 dies
885 2391 944 2420 diis

183 2436 279 2465 dicati
304 2441 412 2464 erant:
436 2434 563 2474 ΡνρῙὲέῑὶ
584 2433 760 2463 horninibus
783 2433 820 2462 ad
847 2434 946 2462 admi-

182 2478 373 2507 nistrandam
390 2488 451 2506 rem
471 2476 619 2516 privatam
638 2475 856 2516 publicamque
872 2486 946 2505 con-

183 2522 279 2551 cessi:
306 2520 440 2549 Intercisi
465 2523 592 2549 deorum
616 2519 836 2558 hominumque
860 2523 948 2547 erant

182 2573 370 2593 communes.
410 2562 508 2592 Festis
525 2563 645 2591 inerant
657 2561 817 2596 sacrificia,
833 2560 944 2600 epulae,

181 2606 262 2642 ludi,
278 2606 361 2635 seriae
373 2617 381 2633 ·.
406 2605 549 2644 profestis
565 2605 646 2639 fasti,
661 2604 844 2639 comitiales,
861 2614 944 2633 com-

183 2647 361 2688 perendini,
387 2648 470 2681 stati,
487 2647 655 2686 proeliares.
701 2646 842 2677 intercisi
859 2646 944 2682 inse,

181 2702 242 2720 non
256 2692 285 2720 in
298 2691 372 2720 alios
386 2689 621 2720 dividebantur:
643 2689 765 2719 illorum
780 2689 859 2719 enim
875 2689 941 2719 die-

181 2745 247 2764 rum
269 2733 451 2774 quibusdam
476 2733 556 2763 horis
579 2733 625 2762 sas
648 2738 725 2767 erat,
752 2733 940 2773 quibusdam

180 2778 226 2807 sas
243 2787 303 2808 non
320 2781 397 2813 erat,
415 2775 467 2817 jus
481 2775 596 2809 dicere.
657 2775 741 2807 Fasti
755 2776 824 2806 dies
840 2780 939 2812 erant,

996 1705 1107 1747 quibus
1134 1705 1250 1737 licebat
1271 1705 1396 1748 praetori
1417 1705 1475 1736 sari
1497 1705 1555 1736 tria
1578 1705 1684 1742 verba,
1705 1706 1754 1741 do,

994 1751 1066 1785 dico,
1089 1750 1208 1779 addico:
1237 1749 1284 1780 his
1314 1748 1456 1780 contrarii
1481 1749 1598 1791 affuisti.
1657 1747 1754 1779 Pom}

993 1792 1167 1823 comitiales
1183 1799 1282 1829 erant,
1306 1793 1417 1833 quibus
1433 1802 1502 1822 cum
1520 1791 1636 1833 populo
1653 1791 1703 1832 agi
1717 1791 1755 1821 li·

992 1836 1100 1866 cebat:
1125 1841 1157 1865 et
1179 1836 1265 1865 fastis
1294 1835 1420 1876 quidem
1445 1835 1515 1876 lege
1544 1835 1594 1876 agi
1619 1839 1753 1874 poterat,

990 1888 1059 1908 cum
1083 1877 1198 1918 populo
1223 1878 1272 1918 agi
1294 1889 1357 1908 non
1382 1882 1522 1917 poterat:
1546 1876 1754 1907 comitialibus

990 1927 1154 1961 utrumque
1183 1927 1317 1960 poterat.
1362 1920 1619 1961 Comperendini‚
1642 1919 1753 1960 quibus

990 1963 1198 1993 vadimonium
1215 1963 1330 1993 licebat
1346 1963 1459 1993 dicere.
1507 1963 1588 1992 Stati
1603 1962 1753 2003 denique,

991 2007 1044 2047 qui
1056 2006 1168 2046 judicii
1183 2006 1277 2035 causa
1289 2017 1358 2036 cum
1373 2006 1536 2046 peregrino
1549 2005 1754 2036 institueban-

991 2055 1050 2079 tur.
1093 2049 1178 2079 Vide
1195 2049 1404 2084 Macrobium,
1422 2048 1487 2078 Sat.
1503 2048 1554 2079 lib.
1569 2051 1598 2078 1.
1612 2058 1685 2089 cap.
1699 2050 1752 2078 16.

1034 2091 1083 2121 lb.
1109 2091 1257 2131 Ludisque
1274 2091 1426 2132 publicis]
1472 2091 1584 2121 Romae
1597 2091 1754 2121 ferieban-

992 2139 1051 2170 tur,
1076 2134 1149 2164 dum
1177 2134 1244 2164 ludi
1274 2134 1390 2174 publici
1414 2134 1627 2165 habebantur:
1659 2133 1754 2174 quare

993 2187 1093 2207 causae
1119 2177 1410 2213 intermittebantur,
1433 2181 1465 2207 et
1486 2177 1598 2207 clausis
1620 2176 1753 2206 tabernis

989 2220 1087 2250 sorum
1103 2220 1316 2250 exornabatur.
1362 2219 1448 2249 Nota
1465 2219 1564 2260 por-16,
1579 2218 1674 2260 quod,
1699 2229 1755 2259 per

990 2262 1080 2292 ludos
1095 2263 1126 2292 in
1138 2263 1260 2303 plurali,
1276 2262 1454 2302 spectacula
1467 2262 1576 2293 Cicero
1588 2261 1753 2301 intelligat.

992 2305 1042 2335 Sic
1058 2305 1089 2334 in
1105 2305 1204 2346 Epist.
1226 2307 1264 2335 ad
1291 2306 1334 2341 Q.
1352 2305 1487 2341 fratrem,
1510 2305 1616 2344 Scripsi
1633 2315 1688 2344 quo
1709 2305 1755 2334 die

992 2349 1056 2378 ludi
1070 2348 1328 2378 committebantur.
1374 2349 1481 2378 Ludus
1496 2347 1581 2383 νει-ὀ,
1602 2347 1635 2377 in
1651 2347 1755 2386 singu-

988 2390 1054 2426 lari,
1071 2392 1110 2421 de
1123 2391 1248 2431 privatis
1262 2391 1386 2425 dicitur,
1403 2396 1435 2420 et
1451 2391 1491 2420 de
1503 2391 1587 2420 omni
1605 2391 1756 2420 exercita-

990 2434 1072 2463 tione
1106 2434 1313 2474 gymnastica,
1352 2432 1422 2463 curn
1459 2438 1632 2474 praeceptor
1668 2432 1752 2463 solus

990 2475 1102 2506 multos
1117 2478 1222 2506 docet.
1269 2476 1318 2506 [ta
1334 2476 1503 2506 Pedianus.

1036 2519 1066 2548 6.
1091 2517 1158 2548 Esse
1172 2519 1288 2560 Iegem]
1326 2518 1377 2549 De
1387 2519 1416 2548 vi
1428 2517 1551 2558 publici}
1565 2517 1637 2548 tulit
1651 2517 1753 2556 legem

991 2560 1033 2596 Q.
1049 2561 1191 2591 Lutatius
1205 2561 1347 2597 Catulus,
1370 2561 1478 2591 consul
1495 2572 1564 2591 curn
1581 2560 1619 2591 C.
1636 2560 1753 2595 Mario,

989 2613 1070 2632 anno
1088 2603 1179 2633 Urbis
1193 2607 1269 2638 651,
1286 2609 1320 2633 ut
1336 2605 1375 2633 de
1392 2604 1546 2634 seditiosis
1563 2602 1755 2634 conscelera-

988 2646 1088 2686 tisque
1108 2647 1225 2676 civibus
1249 2647 1303 2686 qui
1327 2647 1436 2676 armati
1457 2653 1597 2676 senatum
1621 2646 1755 2676 obsede-

987 2688 1057 2725 rint,
1073 2689 1301 2729 magistratibus
1317 2689 1378 2718 vim
1395 2689 1571 2726 attulerint,·
1585 2688 1753 2730 rempubli-

985 2742 1052 2762 cam
1082 2732 1304 2772 oppugnarint.
1335 2732 1491 2773 quotidie,
1519 2732 1616 2763 etiam
1639 2732 1749 2762 diebus

984 2774 1081 2812 festis,
1104 2775 1250 2817 ludisque
1265 2774 1413 2817 publiciS,
1437 2775 1638 2818 quaereretu‘r.
