1790 3090
88 161 174 204 428

0 222 56 298 fl

776 158 1040 208 *PHILIPPICA
1065 157 1124 195 11.'⁴

166 237 316 280 esses?
375 235 463 278 Sed
480 223 802 291 jam⁴stii13ra'et
821 236 986 292 flagitia
1016 235 1236 287 omittam3
1267 240 1368 277 sunt
1397 232 1720 300 quaeda'mtquae

90 297 148 339 30
165 293 346 362 honeste
368 308 454 335 non
477 307 651 348 possum
674 292 836 335 dicere:
867 301 913 335 tu
935 300 1078 335 autem
1100 307 1150 334 eo
1173 292 1359 344 liberior,
1379 292 1496 349 quod
1527 307 1578 334 ea
1605 307 1650 334 m
1678 302 1721 337 te

165 349 393 401 a'd'itnisisti,
414 365 512 406 quae
534 349 560 390 ἒι
580 334 822 391 G'effi‘dfiiido
843 349 1016 391 inimico
1038 349 1183 391 audire
1203 364 1288 390 non
1311 364 1476 406 posses·
1524 348 1611 391 Sed
1627 349 1723 391 reli·-

164 423 297 465 quum
318 407 416 448 vitae
447 421 619 448 cursum
639 402 804 457 ‘videte3
838 421 967 462 quem
1005 406 1180 462 quidem
1203 408 1398 448 celeriter
1428 403 1790 462 persgingamffg·

164 465 236 506 Ad
266 465 359 505 haec
379 463 492 504 enim
513 478 609 519 quae
639 463 684 504 in
715 463 830 504 civili
864 464 991 514 bello,
1014 464 1058 503 in
1089 463 1285 504 maximis
1317 463 1518 519 Reipubl.
1539 463 1722 504 miseriis
1746 469 1790 503 (ψ’

164 520 281 572 fecit,
302 528 346 561 et
366 520 420 561 ad
443 535 492 561 ea
510 535 605 576 quae
626 519 820 576 quotidie
843 520 962 571 facit,
984 520 1162 560 festinat
1185 520 1375 561 animus:
1407 535 1516 576 quae,
1529 527 1647 575 peto,
1661 526 1728 575 ut‚'

91 579 146 621 35
165 575 426 634 quamquam
448 579 579 618 multo
611 577 779 618 notiora
798 577 920 618 vobis
941 575 1071 632 quam
1101 576 1204 617 mihi
1238 583 1350 629 sunt,
1370 583 1514 618 tamen
1533 580 1600 629 (ut
1619 575 1724 617 faci-

163 635 241 686 tis)
253 633 417 676 attente
432 633 630 675 audiatis.
662 633 808 675 Debet
828 634 955 685 enirn,
970 633 1130 674 talibus
1144 633 1187 673 in
1200 634 1340 682 rebus,
1354 633 1542 675 excitare
1556 632 1722 674 animos

162 705 251 733 non
271 690 464 747 cognitio
496 690 632 731 solum
663 705 815 742 rerum,
837 691 914 732 sed
949 690 1079 731 etiam
1110 689 1371 741 recordatio3
1403 690 1574 731 tametsi
1593 689 1759 744 dirigi-f

165 748 320 815 damps
342 754 512 803 oportet
541 747 697 799 media,
718 762 771 789 ne
799 747 925 788 nimis
958 746 1052 788 sero
1073 747 1128 788 ad
1151 755 1340 788 extrema
1360 747 1595 788 veniamus.
1655 745 1726 787 In·

163 805 294 846 timus
313 813 402 846 erat
422 804 465 844 in
486 803 705 845 tribunatu
727 804 898 855 Clodio,
920 804 994 860 qui
1026 819 1104 845 sua
1135 819 1237 859 erga
1266 819 1334 845 me
1364 803 1577 845 beneficia
1610 816 1725 844 com-

89 865 146 906 40
165 868 393 912 memorat3
441 862 533 916 ejus
571 861 762 916 omnium
798 861 1096 902 incendiorum
1133 861 1232 913 fax3
1273 861 1397 916 cujus
1436 861 1566 902 etiam
1607 859 1724 902 domi

163 917 475 983 quiddam‘jam
495 924 586 957 tum
616 912 789 957 molitus
811 924 898 957 est:
934 917 1039 973 quid
1071 917 1226 968 dicam,
1249 917 1342 972 ipse
1374 915 1536 973 optime
1567 916 1724 958 intelli-

162 975 238 1025 git.
297 968 530 1020 elfess'inde
562 973 868 1014 Alexandriam
893 981 1043 1013 contra
1077 973 1250 1014 senatfis
1282 974 1600 1025 auctoritatem,
1622 987 1725 1015 con·

160 1027 228 1072 tra
257 1030 512 1087 religiones:
553 1030 626 1070 sed
659 1030 847 1070 habebat
877 1030 1032 1070 ducem
1054 1029 1304 1080 Gabinium,
1329 1029 1522 1085 fquicum
1551 1030 1723 1086 quildvis

160 1087 397 1129 rectissime
418 1086 558 1127 facere
579 1094 741 1143 posset.
783 1086 868 1134 Qui
888 1093 978 1127 tum
996 1084 1098 1127 inde
1119 1087 1295 1137 reditus,
1315 1094 1389 1127 aut
1409 1086 1576 1141 qualis?
1606 1086 1722 1142 prius

1749 678 1790 742 las¹

87 1148 143 1189 45
160 1145 206 1185 in
225 1145 419 1186 ultimam
440 1143 628 1184 Galliam
650 1159 702 1185 ex
724 1143 931 1199 AEgypto,
953 1142 1084 1199 quam
1106 1143 1296 1184 domum.
1341 1142 1449 1190 Quae
1470 1149 1615 1184 autem
1634 1149 1725 1184 erat
1755 1195 1758 1198 ψ

0 1334 122 1438 [Χ

162 1201 342 1243 domus?
375 1215 495 1242 suam
527 1200 640 1242 enim
671 1201 855 1256 quisque
887 1201 1063 1241 domum
1092 1206 1183 1241 tum
1215 1200 1454 1252 obtinebat,
1475 1214 1613 1256 neque
1634 1206 1726 1241 erat

159 1273 343 1315 usquam
362 1265 451 1299 tua.
513 1257 701 1299 Domum
724 1258 854 1298 dico?
885 1257 989 1313 quid
1013 1264 1102 1298 erat
1135 1257 1177 1297 in
1198 1256 1336 1309 terriS,
1357 1257 1456 1297 gubi
1486 1256 1533 1297 in
1553 1263 1630 1298 tuo
1649 1271 1726 1312 pe-

159 1316 258 1357 dem
279 1329 475 1372 poneres,
497 1322 649 1371 praeter
671 1329 800 1355 unum
823 1314 1056 1365 Misenum,
1077 1315 1195 1370 quod
1212 1329 1311 1356 cum
1335 1313 1481 1365 sociis,
1498 1314 1725 1370 tamquam

161 1372 431 1430 Sisaponem,
443 1373 620 1414 tenebas
629 1372 646 1413 ’ἒ
677 1371 848 1415 Venisti
858 1371 880 1414 ὲ
891 1371 1036 1413 Gallia
1044 1372 1098 1413 ad
1107 1378 1366 1428 quaesturam
1376 1371 1621 1428 petendam.
1635 1370 1724 1412 Au-

790 1580 798 1585 (
882 1524 1096 1580 fqzcocum.

773 1586 1103 1637 {possessionem

159 1524 176 1549 ‘³
179 1529 510 1581 praetereamus.
637 1533 651 1552 ε
662 1529 750 1569 ivz‘z‘.

218 1602 224 1614 Ι
242 1615 244 1619 y
268 1594 373 1623 4⁴›*‘⁷(“'-‘

1226 1531 1242 1558 g
1255 1526 1381 1579 cujas
1402 1539 1492 1568 non
1511 1526 1724 1580 arriperes

1525 1578 1653 1644 “wf

204 1727 257 1759 38.
291 1724 418 1758 Intimus
446 1732 509 1757 erat
539 1726 573 1756 in
602 1727 757 1757 tribunatu
789 1726 917 1767 Clodia]

159 1769 315 1801 Antonius
339 1781 371 1800 se
395 1770 515 1800 addixit
530 1769 642 1800 Clodio
658 1770 781 1800 tribuno
794 1770 916 1811 plebis:

159 1814 228 1849 sed,
244 1813 314 1844 cum
330 1813 449 1843 videret
465 1813 574 1842 multos
590 1813 618 1843 ei
633 1824 700 1843 esse
712 1813 864 1849 inimicos,
879 1812 917 1842 ab

165 1867 203 1886 eo
217 1857 370 1892 discessit,
384 1861 415 1886 et
430 1857 462 1886 in
479 1855 630 1886 Graeciam
648 1856 815 1895 navigavit.

203 1902 258 1930 39.
284 1900 344 1934 Qui
371 1898 424 1929 s'ua
456 1909 525 1939 erga
561 1909 605 1928 me
638 1899 769 1939 beneficia
799 1908 916 1928 comme-

159 1942 278 1983 morat]
327 1942 479 1972 Antonius
492 1951 546 1971 sua
558 1942 589 1970 in
603 1941 784 1972 Ciceronem
798 1942 917 1971 benefi-

161 1985 209 2015 cia
225 1985 394 2026 praedicare
410 1995 471 2015 non
486 1984 607 2020 debuit,
621 1984 777 2024 siquidem
794 1984 919 2020 Clodio,

158 2027 363 2058 infensissimo
380 2027 445 2067 ejus
459 2026 595 2062 inimico,
612 2037 644 2056 se
661 2026 810 2066 adjunxit.

204 2074 258 2102 40.
280 2070 354 2110 Ejus
371 2071 496 2100 omnium
519 2070 712 2100 incendiorum
717 2070 803 2111 saiz]
850 2068 918 2099 An-

160 2114 264 2147 tonius
290 2115 342 2144 fax
366 2114 424 2143 fuit
446 2113 672 2148 incendiorum,
694 2123 764 2154 quaa
789 2112 917 2143 Clodius

162 2156 319 2188 excitavit.
364 2156 426 2186 Per
441 2156 672 2186 translationem
693 2156 842 2197 intelligit
857 2161 918 2185 tur-

160 2200 217 2230 bas
240 2206 272 2231 et
287 2199 467 2235 seditiones,
484 2200 523 2229 ad
545 2209 622 2240 quas
646 2199 792 2230 Clodium
815 2198 920 2229 Anto-

162 2243 231 2273 nius
247 2242 382 2284 impulit.

204 2285 253 2317 Ib.
279 2288 373 2326 Cujus
386 2286 473 2315 etiam
484 2285 586 2325 domi]
631 2283 787 2315 Antonius
799 2284 916 2315 Fulriae

164 2327 268 2360 Clodii
293 2329 393 2359 uxoris
424 2328 607 2369 pudicitiam
638 2328 779 2364 tentavit,
807 2338 911 2370 quam,

163 2378 283 2402 mortuo
300 2371 423 2407 Clodio,
440 2372 536 2401 duxit.

206 2417 259 2445 42.
285 2415 517 2455 Alexandriam]
543 2414 772 2445 Commemorat
785 2424 833 2449 ea,
847 2424 916 2454 quae

162 2457 246 2488 sacta
261 2463 332 2488 sunt
346 2468 401 2498 pro
418 2457 588 2487 Ptolemaeo
605 2457 741 2498 AEgypti
756 2467 841 2497 rege,
852 2457 916 2497 qui,

164 2501 204 2531 ab
219 2500 439 2531 Alexandrinis
458 2500 588 2540 ejectus,
604 2500 739 2530 Romam
753 2500 849 2533 venit,
865 2500 917 2529 ubi

163 2543 182 2574 ὲ
208 2543 359 2584 Pompeio
381 2550 528 2583 exceptus
548 2549 605 2579 est,
626 2543 644 2572 a
667 2553 728 2583 quo
755 2543 858 2572 reduci
885 2542 916 2571 iu

161 2597 292 2627 reguum
314 2586 580 2617 vehementissime
604 2586 766 2625 cupiebat3
793 2586 846 2615 sed
871 2595 917 2615 res

163 2630 354 2660 demandata
377 2629 437 2658 fuit
461 2628 608 2664 Gabinio,
635 2639 739 2669 quam,
764 2629 917 2658 suadente

161 2672 313 2710 Antonio,
336 2678 442 2704 contra
468 2671 592 2702 senatus
615 2673 826 2703 auctoritatem
853 2682 917 2702 sus-

160 2716 257 2756 cepit.

203 2757 253 2789 Ib.
279 2759 385 2790 Contra
402 2758 578 2800 religiones]
624 2757 779 2788 Antonius
794 2758 825 2788 id
843 2768 915 2800 per-

160 2801 256 2835 suasit
282 2802 418 2834 Gabinio
441 2808 549 2841 contra
571 2801 843 2846 religionem-quia
866 2802 916 2834 Si-

961 1724 1090 1767 byllinis
1113 1723 1245 1755 oraculis
1269 1723 1418 1765 scriptum
1442 1727 1519 1760 erat,
1532 1733 1574 1754 ne
1596 1733 1649 1754 rex
1665 1723 1725 1755 AE-

963 1769 1091 1810 gyptius
1104 1779 1173 1799 cum
1187 1768 1323 1798 exercitu
1338 1768 1557 1805 reduceretur3
1580 1766 1672 1798 immi]
1684 1767 1724 1798 ea

963 1813 1003 1842 de
1025 1822 1056 1842 re
1082 1812 1198 1841 factum
1222 1811 1282 1841 fuit
1308 1810 1636 1847 seminis-consultum,
1661 1820 1722 1850 quo

963 1855 1121 1885 decretum
1148 1859 1206 1889 est,
1238 1859 1272 1884 ut
1301 1853 1378 1884 nihil
1406 1859 1514 1884 contra
1540 1853 1722 1894 religionem

961 1897 1153 1927 oraculorum
1170 1897 1270 1928 fieret.

1005 1942 1058 1969 44.
1083 1939 1142 1973 Qui
1159 1946 1218 1969 tum
1235 1939 1303 1970 ind&
1317 1940 1456 1980 reditus]
1496 1937 1639 1969 Rediens
1655 1937 1725 1968 An·

961 1983 1064 2012 tonius
1080 1993 1117 2012 ex
1132 1982 1290 2022 EEgypto,
1303 1981 1363 2022 qud
1377 1992 1409 2012 se
1422 1992 1492 2011 curn
1503 1981 1638 2011 Gabinio
1649 1992 1724 2012 con-

964 2025 1086 2061 tulerat,
1103 2025 1220 2054 nullum
1237 2025 1405 2055 amicorum
1427 2023 1538 2054 Romae
1553 2024 1652 2062 vidit3
1666 2024 1723 2055 sed

961 2068 1062 2098 statim
1087 2079 1119 2098 se
1141 2067 1272 2098 contulit
1294 2068 1334 2098 ad
1359 2067 1514 2098 Caesarem
1536 2067 1570 2098 in
1585 2066 1722 2098 Galliam

963 2111 1211 2150 Transalpinam.

1005 2156 1057 2185 45.
1083 2153 1156 2188 Quae
1171 2160 1235 2185 erat
1257 2153 1391 2195 domus?]
1437 2152 1567 2184 Nullam
1585 2153 1723 2184 habebat

960 2197 1019 2227 sibi
1043 2198 1197 2238 propriam
1212 2197 1381 2234 Antonius,
1396 2197 1471 2238 quia
1487 2196 1556 2237 jam
1578 2195 1651 2227 ante
1669 2196 1722 2237 ju-

963 2240 1051 2271 venis
1067 2241 1246 2276 decoxerat,
1262 2241 1409 2281 expulsus
1425 2239 1557 2279 paterna
1571 2239 1678 2272 domo.

1005 2285 1059 2315 47.
1088 2283 1215 2324 Usquam
1240 2284 1320 2324 tucn]
1367 2283 1494 2314 Iudicat
1515 2283 1631 2312 furtum
1651 2281 1722 2314 An-

962 2327 1052 2362 tonii,
1075 2328 1142 2367 qui,
1163 2333 1284 2358 mortuo
1308 2327 1476 2368 Pompeio,
1497 2326 1624 2357 domurn
1652 2324 1718 2366 ejus

961 2371 1112 2411 possedit.
1149 2385 1157 2394 ··

1005 2416 1058 2444 48.
1082 2413 1193 2444 Prtrter
1217 2424 1311 2444 unum
1337 2411 1511 2452 Misenum]
1563 2409 1719 2442 Psaedium

961 2466 1055 2486 unum
1079 2457 1112 2487 in
1128 2457 1302 2498 Campania
1326 2457 1366 2486 ad
1389 2455 1549 2486 Misenum
1572 2463 1719 2495 promon-

962 2500 1084 2536 torium,
1113 2510 1212 2540 prope
1243 2499 1371 2535 Cumas,
1409 2498 1520 2528 habuit
1548 2496 1717 2533 Antonius,

961 2543 1014 2571 sed
1041 2553 1203 2573 commune
1227 2553 1295 2573 cum
1322 2542 1387 2572 aliis
1412 2540 1553 2581 parasitis
1577 2539 1626 2570 vel
1652 2550 1720 2571 cre·

962 2585 1112 2615 ditoribus
1142 2586 1214 2621 suis,
1236 2587 1310 2627 quia
1338 2590 1459 2625 partem
1485 2584 1553 2625 ejus
1583 2592 1720 2625 occupa-

961 2629 1046 2659 bant.

1005 2673 1059 2702 49.
1091 2670 1282 2712 Sisaponem]
1329 2670 1439 2712 Sisapo
1468 2670 1577 2701 civitas
1607 2674 1656 2701 est
1682 2669 1716 2700 in

962 2714 1129 2756 Hispania,
1144 2725 1237 2755 quam
1253 2716 1296 2744 ait
1317 2713 1448 2750 Plinius,
1463 2714 1517 2745 lib.
1531 2716 1586 2745 31.
1598 2723 1668 2754 cap.
1683 2715 1719 2744 7.

957 2758 1098 2789 miniario
1119 2758 1245 2788 metallo
1257 2757 1438 2795 abundare3
1463 2767 1533 2798 quae
1548 2756 1619 2788 esim
1634 2761 1719 2787 esset

956 2801 1118 2844 vectigalis
1140 2801 1251 2843 populi
1272 2800 1423 2840 Romani,
1438 2800 1459 2833 ἐι
1479 2800 1658 2844 publicanis
1670 2803 1719 2831 te·
