<?xml version="1.0" encoding="UTF-8"?>
<!DOCTYPE html PUBLIC "-//W3C//DTD XHTML 1.0 Transitional//EN"
    "http://www.w3.org/TR/xhtml1/DTD/xhtml1-transitional.dtd">
<html xmlns="http://www.w3.org/1999/xhtml" xml:lang="en" lang="en">
 <head>
  <title>
</title>
<meta http-equiv="Content-Type" content="text/html;charset=utf-8" />
  <meta name='ocr-system' content='tesseract 3.04.00' />
  <meta name='ocr-capabilities' content='ocr_page ocr_carea ocr_par ocr_line ocrx_word'/>
</head>
<body>
  <div class='ocr_page' id='page_1' title='image "./selectaeoratione00ciceuoft_0297.png"; bbox 0 0 1858 3095; ppageno 0'>
   <div class='ocr_carea' id='block_1_1' title="bbox 720 145 1009 181">
    <p class='ocr_par' dir='ltr' id='par_1_1' title="bbox 720 145 1009 181">
     <span class='ocr_line' id='line_1_1' title="bbox 720 145 1009 181; baseline 0.01 -4"><span class='ocrx_word' id='word_1_1' title='bbox 720 145 769 178; x_wconf 90' lang='lat' dir='ltr'><strong>IN</strong></span> <span class='ocrx_word' id='word_1_2' title='bbox 795 145 1009 181; x_wconf 75' lang='lat' dir='ltr'><strong>PlSONEM.</strong></span> 
     </span>
    </p>
   </div>
   <div class='ocr_carea' id='block_1_2' title="bbox 1624 147 1707 198">
    <p class='ocr_par' dir='ltr' id='par_1_2' title="bbox 1624 147 1707 198">
     <span class='ocr_line' id='line_1_2' title="bbox 1624 147 1707 198; baseline 0.084 -8"><span class='ocrx_word' id='word_1_3' title='bbox 1624 147 1707 198; x_wconf 69' lang='lat'><strong>25?</strong></span> 
     </span>
    </p>
   </div>
   <div class='ocr_carea' id='block_1_3' title="bbox 96 223 1717 956">
    <p class='ocr_par' dir='ltr' id='par_1_3' title="bbox 96 223 1717 956">
     <span class='ocr_line' id='line_1_3' title="bbox 96 223 1646 281; baseline -0.005 -9"><span class='ocrx_word' id='word_1_4' title='bbox 96 243 167 272; x_wconf 88' lang='lat' dir='ltr'><strong>me</strong></span> <span class='ocrx_word' id='word_1_5' title='bbox 199 227 356 269; x_wconf 79' lang='lat' dir='ltr'><strong>&#39;’domo</strong></span> <span class='ocrx_word' id='word_1_6' title='bbox 378 226 474 269; x_wconf 62' lang='lat' dir='ltr'><strong>mest</strong></span> <span class='ocrx_word' id='word_1_7' title='bbox 495 223 734 281; x_wconf 73' lang='lat' dir='ltr'><strong>expulisti8‚</strong></span> <span class='ocrx_word' id='word_1_8' title='bbox 755 223 835 265; x_wconf 88' lang='lat' dir='ltr'><strong>Cn.</strong></span> <span class='ocrx_word' id='word_1_9' title='bbox 858 223 1110 280; x_wconf 85' lang='lat' dir='ltr'><strong>Pompeium</strong></span> <span class='ocrx_word' id='word_1_10' title='bbox 1133 224 1306 265; x_wconf 91' lang='lat' dir='ltr'><strong>domum</strong></span> <span class='ocrx_word' id='word_1_11' title='bbox 1327 236 1448 265; x_wconf 84' lang='lat' dir='ltr'><strong>suam</strong></span> <span class='ocrx_word' id='word_1_12' title='bbox 1468 236 1646 280; x_wconf 85' lang='lat' dir='ltr'><strong>compu-</strong></span> 
     </span>
     <span class='ocr_line' id='line_1_4' title="bbox 99 279 1644 340; baseline -0.004 -13"><span class='ocrx_word' id='word_1_13' title='bbox 99 285 236 335; x_wconf 87' lang='lat' dir='ltr'><strong>listis;</strong></span> <span class='ocrx_word' id='word_1_14' title='bbox 267 299 405 340; x_wconf 87' lang='lat' dir='ltr'><strong>neque</strong></span> <span class='ocrx_word' id='word_1_15' title='bbox 425 281 551 330; x_wconf 86' lang='lat' dir='ltr'><strong>enim,</strong></span> <span class='ocrx_word' id='word_1_16' title='bbox 573 296 639 322; x_wconf 88' lang='lat' dir='ltr'><strong>me</strong></span> <span class='ocrx_word' id='word_1_17' title='bbox 661 287 858 322; x_wconf 85' lang='lat' dir='ltr'><strong>manente</strong></span> <span class='ocrx_word' id='word_1_18' title='bbox 879 287 923 322; x_wconf 88' lang='lat' dir='ltr'><strong>et</strong></span> <span class='ocrx_word' id='word_1_19' title='bbox 944 288 1082 321; x_wconf 84' lang='lat' dir='ltr'><strong>stante</strong></span> <span class='ocrx_word' id='word_1_20' title='bbox 1105 280 1146 320; x_wconf 92' lang='lat' dir='ltr'><strong>in</strong></span> <span class='ocrx_word' id='word_1_21' title='bbox 1175 280 1303 322; x_wconf 87' lang='lat' dir='ltr'>Urbis</span> <span class='ocrx_word' id='word_1_22' title='bbox 1324 279 1484 336; x_wconf 58' lang='lat' dir='ltr'><strong>vigilia,</strong></span> <span class='ocrx_word' id='word_1_23' title='bbox 1506 295 1644 336; x_wconf 88' lang='lat' dir='ltr'><strong>neque</strong></span> 
     </span>
     <span class='ocr_line' id='line_1_5' title="bbox 103 337 1646 393; baseline -0.005 -9"><span class='ocrx_word' id='word_1_24' title='bbox 103 342 327 384; x_wconf 81' lang='lat' dir='ltr'><strong>resistente</strong></span> <span class='ocrx_word' id='word_1_25' title='bbox 357 340 435 380; x_wconf 88' lang='lat' dir='ltr'><strong>Cn.</strong></span> <span class='ocrx_word' id='word_1_26' title='bbox 453 337 661 393; x_wconf 90' lang='lat' dir='ltr'><strong>Pompeio</strong></span> <span class='ocrx_word' id='word_1_27' title='bbox 684 337 871 377; x_wconf 86' lang='lat' dir='ltr'><strong>omnium</strong></span> <span class='ocrx_word' id='word_1_28' title='bbox 895 337 1085 392; x_wconf 80' lang='lat' dir='ltr'><strong>gentium</strong></span> <span class='ocrx_word' id='word_1_29' title='bbox 1117 337 1291 387; x_wconf 83' lang='lat' dir='ltr'><strong>victore,</strong></span> <span class='ocrx_word' id='word_1_30' title='bbox 1312 350 1498 391; x_wconf 85' lang='lat' dir='ltr'><strong>unquam</strong></span> <span class='ocrx_word' id='word_1_31' title='bbox 1519 350 1564 377; x_wconf 83' lang='lat' dir='ltr'><strong>se</strong></span> <span class='ocrx_word' id='word_1_32' title='bbox 1587 337 1646 377; x_wconf 90' lang='lat' dir='ltr'><strong>illi</strong></span> 
     </span>
     <span class='ocr_line' id='line_1_6' title="bbox 102 392 1713 454; baseline -0.005 -13"><span class='ocrx_word' id='word_1_33' title='bbox 102 397 406 454; x_wconf 86' lang='lat' dir='ltr'><strong>rempublicam</strong></span> <span class='ocrx_word' id='word_1_34' title='bbox 427 394 565 435; x_wconf 88' lang='lat' dir='ltr'><strong>delere</strong></span> <span class='ocrx_word' id='word_1_35' title='bbox 587 408 712 450; x_wconf 84' lang='lat' dir='ltr'><strong>posse</strong></span> <span class='ocrx_word' id='word_1_36' title='bbox 733 394 959 435; x_wconf 81' lang='lat' dir='ltr'><strong>duxerunt.</strong></span> <span class='ocrx_word' id='word_1_37' title='bbox 1018 394 1055 434; x_wconf 93' lang='lat' dir='ltr'><strong>A</strong></span> <span class='ocrx_word' id='word_1_38' title='bbox 1078 407 1142 434; x_wconf 88' lang='lat' dir='ltr'><strong>me</strong></span> <span class='ocrx_word' id='word_1_39' title='bbox 1160 393 1334 448; x_wconf 87' lang='lat' dir='ltr'><strong>quidem</strong></span> <span class='ocrx_word' id='word_1_40' title='bbox 1352 392 1480 434; x_wconf 85' lang='lat' dir='ltr'><strong>etiam</strong></span> <span class='ocrx_word' id='word_1_41' title='bbox 1498 407 1647 448; x_wconf 78' lang='lat' dir='ltr'><strong>poenas</strong></span> <span class='ocrx_word' id='word_1_42' title='bbox 1686 394 1713 433; x_wconf 87' lang='grc'><em>5</em></span> 
     </span>
     <span class='ocr_line' id='line_1_7' title="bbox 104 448 1649 510; baseline -0.003 -15"><span class='ocrx_word' id='word_1_43' title='bbox 104 453 340 510; x_wconf 83' lang='lat' dir='ltr'><strong>expetistis,</strong></span> <span class='ocrx_word' id='word_1_44' title='bbox 360 450 515 507; x_wconf 87' lang='lat' dir='ltr'><strong>quibus</strong></span> <span class='ocrx_word' id='word_1_45' title='bbox 551 451 865 506; x_wconf 82' lang='lat' dir='ltr'><strong>conjuratorum</strong></span> <span class='ocrx_word' id='word_1_46' title='bbox 904 465 1048 490; x_wconf 83' lang='lat' dir='ltr'><strong>manes</strong></span> <span class='ocrx_word' id='word_1_47' title='bbox 1079 457 1339 490; x_wconf 87' lang='lat' dir='ltr'><strong>mortuorum</strong></span> <span class='ocrx_word' id='word_1_48' title='bbox 1368 448 1649 505; x_wconf 66' lang='lat' dir='ltr'><strong>cexpiaretis:</strong></span> 
     </span>
     <span class='ocr_line' id='line_1_8' title="bbox 103 505 1652 561; baseline -0.003 -10"><span class='ocrx_word' id='word_1_49' title='bbox 103 525 228 551; x_wconf 90' lang='lat' dir='ltr'><strong>omne</strong></span> <span class='ocrx_word' id='word_1_50' title='bbox 250 509 395 550; x_wconf 90' lang='lat' dir='ltr'><strong>odium</strong></span> <span class='ocrx_word' id='word_1_51' title='bbox 422 506 634 548; x_wconf 88' lang='lat' dir='ltr'><strong>inclusum</strong></span> <span class='ocrx_word' id='word_1_52' title='bbox 670 506 840 547; x_wconf 78' lang='lat' dir='ltr'><strong>nefariis</strong></span> <span class='ocrx_word' id='word_1_53' title='bbox 879 507 1076 547; x_wconf 78' lang='lat' dir='ltr'><strong>sensibus</strong></span> <span class='ocrx_word' id='word_1_54' title='bbox 1110 505 1334 560; x_wconf 88' lang='lat' dir='ltr'><strong>impiorum</strong></span> <span class='ocrx_word' id='word_1_55' title='bbox 1356 505 1398 545; x_wconf 87' lang='lat' dir='ltr'><strong>in</strong></span> <span class='ocrx_word' id='word_1_56' title='bbox 1420 520 1485 545; x_wconf 90' lang='lat' dir='ltr'><strong>me</strong></span> <span class='ocrx_word' id='word_1_57' title='bbox 1508 505 1652 561; x_wconf 89' lang='lat' dir='ltr'><strong>profu-</strong></span> 
     </span>
     <span class='ocr_line' id='line_1_9' title="bbox 104 561 1651 620; baseline -0.004 -12"><span class='ocrx_word' id='word_1_58' title='bbox 104 565 254 608; x_wconf 84' lang='lat' dir='ltr'><strong>distis:</strong></span> <span class='ocrx_word' id='word_1_59' title='bbox 285 578 465 620; x_wconf 85' lang='lat' dir='ltr'><strong>quorum</strong></span> <span class='ocrx_word' id='word_1_60' title='bbox 488 577 567 619; x_wconf 81' lang='lat' dir='ltr'><strong>ego</strong></span> <span class='ocrx_word' id='word_1_61' title='bbox 590 563 717 603; x_wconf 82' lang='lat' dir='ltr'><strong>furori</strong></span> <span class='ocrx_word' id='word_1_62' title='bbox 740 563 820 603; x_wconf 76' lang='lat' dir='ltr'><strong>nisi</strong></span> <span class='ocrx_word' id='word_1_63' title='bbox 842 561 1138 612; x_wconf 79' lang='lat' dir='ltr'><strong>cessissem‚in</strong></span> <span class='ocrx_word' id='word_1_64' title='bbox 1159 561 1356 601; x_wconf 70' lang='lat' dir='ltr'><strong>Catilinae</strong></span> <span class='ocrx_word' id='word_1_65' title='bbox 1374 561 1515 611; x_wconf 88' lang='lat' dir='ltr'><strong>busto,</strong></span> <span class='ocrx_word' id='word_1_66' title='bbox 1530 561 1651 603; x_wconf 86' lang='lat' dir='ltr'><strong>vobis</strong></span> 
     </span>
     <span class='ocr_line' id='line_1_10' title="bbox 105 616 1652 672; baseline -0.003 -9"><span class='ocrx_word' id='word_1_67' title='bbox 105 621 298 671; x_wconf 76' lang='lat' dir='ltr'><strong>ducibuS,</strong></span> <span class='ocrx_word' id='word_1_68' title='bbox 310 627 519 661; x_wconf 84' lang='lat' dir='ltr'><strong>mactatus</strong></span> <span class='ocrx_word' id='word_1_69' title='bbox 535 634 688 660; x_wconf 85' lang='lat' dir='ltr'><strong>essem.</strong></span> <span class='ocrx_word' id='word_1_70' title='bbox 725 619 849 667; x_wconf 82' lang='lat' dir='ltr'><strong>Quod</strong></span> <span class='ocrx_word' id='word_1_71' title='bbox 870 628 1011 660; x_wconf 86' lang='lat' dir='ltr'><strong>autem</strong></span> <span class='ocrx_word' id='word_1_72' title='bbox 1027 619 1163 672; x_wconf 83' lang='lat' dir='ltr'><strong>majus</strong></span> <span class='ocrx_word' id='word_1_73' title='bbox 1179 616 1384 657; x_wconf 90' lang='lat' dir='ltr'><strong>indicium</strong></span> <span class='ocrx_word' id='word_1_74' title='bbox 1401 617 1652 672; x_wconf 80' lang='lat' dir='ltr'><strong>expectatis,</strong></span> 
     </span>
     <span class='ocr_line' id='line_1_11' title="bbox 104 671 1717 729; baseline -0.002 -11"><span class='ocrx_word' id='word_1_75' title='bbox 104 677 211 719; x_wconf 90' lang='lat' dir='ltr'><strong>nihil</strong></span> <span class='ocrx_word' id='word_1_76' title='bbox 232 676 340 718; x_wconf 87' lang='lat' dir='ltr'><strong>inter</strong></span> <span class='ocrx_word' id='word_1_77' title='bbox 361 691 436 716; x_wconf 91' lang='lat' dir='ltr'><strong>vos</strong></span> <span class='ocrx_word' id='word_1_78' title='bbox 459 684 502 717; x_wconf 87' lang='lat' dir='ltr'><strong>et</strong></span> <span class='ocrx_word' id='word_1_79' title='bbox 531 675 759 717; x_wconf 81' lang='lat' dir='ltr'><strong>Catilinam</strong></span> <span class='ocrx_word' id='word_1_80' title='bbox 796 674 1050 724; x_wconf 79' lang='lat' dir='ltr'><strong>interfuisse,</strong></span> <span class='ocrx_word' id='word_1_81' title='bbox 1075 672 1206 729; x_wconf 62' lang='lat' dir='ltr'><strong>quam</strong></span> <span class='ocrx_word' id='word_1_82' title='bbox 1238 671 1352 728; x_wconf 74' lang='lat' dir='ltr'><strong>quod</strong></span> <span class='ocrx_word' id='word_1_83' title='bbox 1389 673 1579 723; x_wconf 84' lang='lat' dir='ltr'><strong>eamdem</strong></span> <span class='ocrx_word' id='word_1_84' title='bbox 1606 673 1717 723; x_wconf 81' lang='lat' dir='ltr'><strong>il-lO</strong></span> 
     </span>
     <span class='ocr_line' id='line_1_12' title="bbox 102 728 1654 785; baseline -0.002 -11"><span class='ocrx_word' id='word_1_85' title='bbox 102 733 189 774; x_wconf 87' lang='lat' dir='ltr'><strong>lam</strong></span> <span class='ocrx_word' id='word_1_86' title='bbox 210 747 381 774; x_wconf 82' lang='lat' dir='ltr'><strong>manum</strong></span> <span class='ocrx_word' id='word_1_87' title='bbox 402 747 454 773; x_wconf 75' lang='lat' dir='ltr'><strong>ex</strong></span> <span class='ocrx_word' id='word_1_88' title='bbox 474 731 762 772; x_wconf 82' lang='lat' dir='ltr'><strong>intermortuis</strong></span> <span class='ocrx_word' id='word_1_89' title='bbox 783 730 979 770; x_wconf 79' lang='lat' dir='ltr'><strong>Catilinae</strong></span> <span class='ocrx_word' id='word_1_90' title='bbox 1007 729 1196 785; x_wconf 85' lang='lat' dir='ltr'><strong>reliquiis</strong></span> <span class='ocrx_word' id='word_1_91' title='bbox 1230 729 1504 779; x_wconf 67' lang='lat' dir='ltr'><strong>concitastis3</strong></span> <span class='ocrx_word' id='word_1_92' title='bbox 1536 728 1654 785; x_wconf 71' lang='lat' dir='ltr'><strong>quod</strong></span> 
     </span>
     <span class='ocr_line' id='line_1_13' title="bbox 105 785 1656 843; baseline -0.003 -12"><span class='ocrx_word' id='word_1_93' title='bbox 105 804 252 832; x_wconf 90' lang='lat' dir='ltr'><strong>omnes</strong></span> <span class='ocrx_word' id='word_1_94' title='bbox 283 789 472 843; x_wconf 90' lang='lat' dir='ltr'><strong>undique</strong></span> <span class='ocrx_word' id='word_1_95' title='bbox 507 787 696 842; x_wconf 89' lang='lat' dir='ltr'><strong>perditos</strong></span> <span class='ocrx_word' id='word_1_96' title='bbox 732 786 995 842; x_wconf 78' lang='lat' dir='ltr'><strong>collegistis3</strong></span> <span class='ocrx_word' id='word_1_97' title='bbox 1025 785 1144 841; x_wconf 66' lang='lat' dir='ltr'><strong>quoti</strong></span> <span class='ocrx_word' id='word_1_98' title='bbox 1165 785 1208 825; x_wconf 88' lang='lat' dir='ltr'><strong>in</strong></span> <span class='ocrx_word' id='word_1_99' title='bbox 1229 800 1296 829; x_wconf 86' lang='lat' dir='ltr'><strong>me</strong></span> <span class='ocrx_word' id='word_1_100' title='bbox 1322 800 1532 827; x_wconf 79' lang='lat' dir='ltr'><strong>carcerem</strong></span> <span class='ocrx_word' id='word_1_101' title='bbox 1550 785 1656 827; x_wconf 84' lang='lat' dir='ltr'><strong>effu-</strong></span> 
     </span>
     <span class='ocr_line' id='line_1_14' title="bbox 104 841 1655 901; baseline -0.003 -14"><span class='ocrx_word' id='word_1_102' title='bbox 104 845 253 895; x_wconf 81' lang='lat' dir='ltr'><strong>distis3</strong></span> <span class='ocrx_word' id='word_1_103' title='bbox 292 843 406 901; x_wconf 73' lang='lat' dir='ltr'><strong>quod</strong></span> <span class='ocrx_word' id='word_1_104' title='bbox 435 845 680 899; x_wconf 86' lang='lat' dir='ltr'><strong>conjuratos</strong></span> <span class='ocrx_word' id='word_1_105' title='bbox 715 842 933 891; x_wconf 61' lang='lat' dir='ltr'><strong>armastis3</strong></span> <span class='ocrx_word' id='word_1_106' title='bbox 979 842 1092 898; x_wconf 79' lang='lat' dir='ltr'><strong>quod</strong></span> <span class='ocrx_word' id='word_1_107' title='bbox 1125 856 1271 882; x_wconf 88' lang='lat' dir='ltr'><strong>eorum</strong></span> <span class='ocrx_word' id='word_1_108' title='bbox 1295 842 1403 882; x_wconf 86' lang='lat' dir='ltr'><strong>ferro</strong></span> <span class='ocrx_word' id='word_1_109' title='bbox 1439 856 1490 883; x_wconf 86' lang='lat' dir='ltr'><strong>ac</strong></span> <span class='ocrx_word' id='word_1_110' title='bbox 1525 841 1655 884; x_wconf 86' lang='lat' dir='ltr'><strong>furori</strong></span> 
     </span>
     <span class='ocr_line' id='line_1_15' title="bbox 104 898 1655 956; baseline -0.003 -14"><span class='ocrx_word' id='word_1_111' title='bbox 104 915 246 942; x_wconf 88' lang='lat' dir='ltr'><strong>meum</strong></span> <span class='ocrx_word' id='word_1_112' title='bbox 268 914 436 956; x_wconf 87' lang='lat' dir='ltr'><strong>corpus,</strong></span> <span class='ocrx_word' id='word_1_113' title='bbox 457 908 586 955; x_wconf 78' lang='lat' dir='ltr'><strong>atque</strong></span> <span class='ocrx_word' id='word_1_114' title='bbox 608 899 798 940; x_wconf 89' lang='lat' dir='ltr'><strong>omnium</strong></span> <span class='ocrx_word' id='word_1_115' title='bbox 829 900 1035 940; x_wconf 90' lang='lat' dir='ltr'><strong>bonorum</strong></span> <span class='ocrx_word' id='word_1_116' title='bbox 1057 898 1202 949; x_wconf 83' lang='lat' dir='ltr'><strong>vitam,</strong></span> <span class='ocrx_word' id='word_1_117' title='bbox 1225 898 1410 954; x_wconf 86' lang='lat' dir='ltr'><strong>objicere</strong></span> <span class='ocrx_word' id='word_1_118' title='bbox 1429 898 1655 940; x_wconf 80' lang='lat' dir='ltr'><strong>voluistis?</strong></span> 
     </span>
    </p>
   </div>
   <div class='ocr_carea' id='block_1_4' title="bbox 104 954 1354 1013">
    <p class='ocr_par' dir='ltr' id='par_1_4' title="bbox 104 954 1354 1013">
     <span class='ocr_line' id='line_1_16' title="bbox 104 954 1354 1013; baseline -0.002 -14"><span class='ocrx_word' id='word_1_119' title='bbox 104 956 192 999; x_wconf 84' lang='lat' dir='ltr'><strong>Sed</strong></span> <span class='ocrx_word' id='word_1_120' title='bbox 206 958 297 1013; x_wconf 87' lang='lat' dir='ltr'><strong>jam</strong></span> <span class='ocrx_word' id='word_1_121' title='bbox 314 956 442 998; x_wconf 86' lang='lat' dir='ltr'><strong>redeo</strong></span> <span class='ocrx_word' id='word_1_122' title='bbox 464 957 518 996; x_wconf 87' lang='lat' dir='ltr'><strong>ad</strong></span> <span class='ocrx_word' id='word_1_123' title='bbox 540 957 784 1012; x_wconf 86' lang='lat' dir='ltr'><strong>praeclaram</strong></span> <span class='ocrx_word' id='word_1_124' title='bbox 806 956 922 996; x_wconf 84' lang='lat' dir='ltr'><strong>illam</strong></span> <span class='ocrx_word' id='word_1_125' title='bbox 943 954 1193 996; x_wconf 82' lang='lat' dir='ltr'><strong>concionem</strong></span> <span class='ocrx_word' id='word_1_126' title='bbox 1225 961 1354 996; x_wconf 88' lang='lat' dir='ltr'><strong>tuam.</strong></span> 
     </span>
    </p>
   </div>
   <div class='ocr_carea' id='block_1_5' title="bbox 103 1011 1723 1402">
    <p class='ocr_par' dir='ltr' id='par_1_5' title="bbox 103 1011 1723 1402">
     <span class='ocr_line' id='line_1_17' title="bbox 104 1011 1654 1068; baseline -0.001 -14"><span class='ocrx_word' id='word_1_127' title='bbox 104 1013 174 1054; x_wconf 91' lang='lat' dir='ltr'><strong>cui</strong></span> <span class='ocrx_word' id='word_1_128' title='bbox 205 1012 436 1054; x_wconf 85' lang='lat' dir='ltr'><strong>crudelitas</strong></span> <span class='ocrx_word' id='word_1_129' title='bbox 475 1012 707 1068; x_wconf 79' lang='lat' dir='ltr'><strong>displicet?</strong></span> <span class='ocrx_word' id='word_1_130' title='bbox 739 1012 825 1068; x_wconf 86' lang='lat' dir='ltr'><strong>qui,</strong></span> <span class='ocrx_word' id='word_1_131' title='bbox 862 1011 959 1053; x_wconf 71' lang='lat' dir='ltr'><strong>cum</strong></span> <span class='ocrx_word' id='word_1_132' title='bbox 994 1018 1165 1051; x_wconf 87' lang='lat' dir='ltr'><strong>senatus</strong></span> <span class='ocrx_word' id='word_1_133' title='bbox 1190 1011 1352 1052; x_wconf 87' lang='lat' dir='ltr'><strong>luctum</strong></span> <span class='ocrx_word' id='word_1_134' title='bbox 1384 1025 1434 1052; x_wconf 85' lang='lat' dir='ltr'><strong>ac</strong></span> <span class='ocrx_word' id='word_1_135' title='bbox 1465 1011 1654 1054; x_wconf 88' lang='lat' dir='ltr'><strong>dolorem</strong></span> 
     </span>
     <span class='ocr_line' id='line_1_18' title="bbox 103 1067 1657 1118; baseline 0.001 -10"><span class='ocrx_word' id='word_1_136' title='bbox 103 1082 227 1109; x_wconf 88' lang='lat' dir='ltr'><strong>suum</strong></span> <span class='ocrx_word' id='word_1_137' title='bbox 248 1069 378 1108; x_wconf 77' lang='lat' dir='ltr'><strong>vestis</strong></span> <span class='ocrx_word' id='word_1_138' title='bbox 398 1069 634 1110; x_wconf 87' lang='lat' dir='ltr'><strong>mutatione</strong></span> <span class='ocrx_word' id='word_1_139' title='bbox 657 1068 961 1109; x_wconf 82' lang='lat' dir='ltr'><strong>declarandum</strong></span> <span class='ocrx_word' id='word_1_140' title='bbox 983 1067 1236 1118; x_wconf 85' lang='lat' dir='ltr'><strong>censuisset,</strong></span> <span class='ocrx_word' id='word_1_141' title='bbox 1253 1067 1351 1108; x_wconf 76' lang='lat' dir='ltr'><strong>cum</strong></span> <span class='ocrx_word' id='word_1_142' title='bbox 1366 1067 1530 1109; x_wconf 86' lang='lat' dir='ltr'><strong>videres</strong></span> <span class='ocrx_word' id='word_1_143' title='bbox 1549 1083 1657 1116; x_wconf 82' lang='lat' dir='ltr'><strong>moe-</strong></span> 
     </span>
     <span class='ocr_line' id='line_1_19' title="bbox 104 1122 1675 1178; baseline -0.001 -13"><span class='ocrx_word' id='word_1_144' title='bbox 104 1138 194 1166; x_wconf 89' lang='lat' dir='ltr'><strong>rere</strong></span> <span class='ocrx_word' id='word_1_145' title='bbox 215 1122 517 1178; x_wconf 83' lang='lat' dir='ltr'><strong>rempublicam</strong></span> <span class='ocrx_word' id='word_1_146' title='bbox 548 1122 798 1177; x_wconf 80' lang='lat' dir='ltr'><strong>amplissimi</strong></span> <span class='ocrx_word' id='word_1_147' title='bbox 834 1123 995 1164; x_wconf 86' lang='lat' dir='ltr'><strong>ordinis</strong></span> <span class='ocrx_word' id='word_1_148' title='bbox 1027 1124 1157 1173; x_wconf 83' lang='lat' dir='ltr'><strong>luctu,</strong></span> <span class='ocrx_word' id='word_1_149' title='bbox 1181 1138 1205 1164; x_wconf 94' lang='lat' dir='ltr'><strong>o</strong></span> <span class='ocrx_word' id='word_1_150' title='bbox 1227 1131 1372 1165; x_wconf 87' lang='lat' dir='ltr'><strong>noster</strong></span> <span class='ocrx_word' id='word_1_151' title='bbox 1392 1123 1632 1166; x_wconf 84' lang='lat' dir='ltr'><strong>misericors</strong></span> <span class='ocrx_word' id='word_1_152' title='bbox 1667 1125 1675 1164; x_wconf 86' lang='lat'>!</span> 
     </span>
     <span class='ocr_line' id='line_1_20' title="bbox 105 1178 1658 1236; baseline 0.002 -15"><span class='ocrx_word' id='word_1_153' title='bbox 105 1180 210 1236; x_wconf 92' lang='lat' dir='ltr'><strong>quid</strong></span> <span class='ocrx_word' id='word_1_154' title='bbox 232 1179 364 1220; x_wconf 73' lang='lat' dir='ltr'><strong>facis?</strong></span> <span class='ocrx_word' id='word_1_155' title='bbox 395 1178 511 1234; x_wconf 92' lang='lat' dir='ltr'><strong>quod</strong></span> <span class='ocrx_word' id='word_1_156' title='bbox 532 1179 645 1219; x_wconf 63' lang='lat' dir='ltr'><strong>nulli).</strong></span> <span class='ocrx_word' id='word_1_157' title='bbox 665 1179 707 1218; x_wconf 88' lang='lat' dir='ltr'><strong>in</strong></span> <span class='ocrx_word' id='word_1_158' title='bbox 729 1179 925 1219; x_wconf 70' lang='lat' dir='ltr'><strong>barbaria</strong></span> <span class='ocrx_word' id='word_1_159' title='bbox 952 1179 1179 1235; x_wconf 83' lang='lat' dir='ltr'><strong>quisquam</strong></span> <span class='ocrx_word' id='word_1_160' title='bbox 1212 1186 1430 1235; x_wconf 85' lang='lat' dir='ltr'><strong>tyrannus.</strong></span> <span class='ocrx_word' id='word_1_161' title='bbox 1490 1181 1658 1226; x_wconf 85' lang='lat' dir='ltr'><strong>Omitto</strong></span> 
     </span>
     <span class='ocr_line' id='line_1_21' title="bbox 107 1235 1723 1294; baseline 0.001 -17"><span class='ocrx_word' id='word_1_162' title='bbox 107 1236 220 1278; x_wconf 88' lang='lat' dir='ltr'><strong>enim</strong></span> <span class='ocrx_word' id='word_1_163' title='bbox 243 1236 362 1286; x_wconf 90' lang='lat' dir='ltr'><strong>illud,</strong></span> <span class='ocrx_word' id='word_1_164' title='bbox 384 1235 603 1276; x_wconf 88' lang='lat' dir='ltr'><strong>consulem</strong></span> <span class='ocrx_word' id='word_1_165' title='bbox 628 1235 808 1286; x_wconf 82' lang='lat' dir='ltr'><strong>edicere,</strong></span> <span class='ocrx_word' id='word_1_166' title='bbox 828 1241 874 1276; x_wconf 87' lang='lat' dir='ltr'><strong>ut</strong></span> <span class='ocrx_word' id='word_1_167' title='bbox 897 1243 1070 1276; x_wconf 88' lang='lat' dir='ltr'><strong>senatus</strong></span> <span class='ocrx_word' id='word_1_168' title='bbox 1092 1236 1485 1278; x_wconf 72' lang='lat' dir='ltr'><strong>senatus-consulto</strong></span> <span class='ocrx_word' id='word_1_169' title='bbox 1506 1252 1558 1283; x_wconf 82' lang='lat' dir='ltr'><strong>ue</strong></span> <span class='ocrx_word' id='word_1_170' title='bbox 1580 1237 1723 1294; x_wconf 75' lang='lat' dir='ltr'><strong>ob-2O</strong></span> 
     </span>
     <span class='ocr_line' id='line_1_22' title="bbox 106 1291 1657 1349; baseline 0.001 -15"><span class='ocrx_word' id='word_1_171' title='bbox 106 1299 340 1347; x_wconf 83' lang='lat' dir='ltr'><strong>temperet3</strong></span> <span class='ocrx_word' id='word_1_172' title='bbox 371 1305 456 1345; x_wconf 89' lang='lat' dir='ltr'><strong>quo</strong></span> <span class='ocrx_word' id='word_1_173' title='bbox 482 1291 639 1332; x_wconf 85' lang='lat' dir='ltr'><strong>foedius</strong></span> <span class='ocrx_word' id='word_1_174' title='bbox 675 1306 754 1332; x_wconf 89' lang='lat' dir='ltr'><strong>nec</strong></span> <span class='ocrx_word' id='word_1_175' title='bbox 782 1291 871 1331; x_wconf 86' lang='lat' dir='ltr'><strong>fieri</strong></span> <span class='ocrx_word' id='word_1_176' title='bbox 904 1307 985 1332; x_wconf 88' lang='lat' dir='ltr'><strong>nec</strong></span> <span class='ocrx_word' id='word_1_177' title='bbox 1020 1292 1198 1347; x_wconf 83' lang='lat' dir='ltr'><strong>cogitari</strong></span> <span class='ocrx_word' id='word_1_178' title='bbox 1231 1292 1466 1348; x_wconf 83' lang='lat' dir='ltr'><strong>quidquam</strong></span> <span class='ocrx_word' id='word_1_179' title='bbox 1486 1300 1657 1349; x_wconf 83' lang='lat' dir='ltr'><strong>potest:</strong></span> 
     </span>
     <span class='ocr_line' id='line_1_23' title="bbox 106 1346 1657 1402; baseline 0.001 -13"><span class='ocrx_word' id='word_1_180' title='bbox 106 1349 160 1389; x_wconf 83' lang='lat' dir='ltr'><strong>ad</strong></span> <span class='ocrx_word' id='word_1_181' title='bbox 195 1346 531 1389; x_wconf 88' lang='lat' dir='ltr'><strong>misericordiam</strong></span> <span class='ocrx_word' id='word_1_182' title='bbox 564 1347 691 1388; x_wconf 85' lang='lat' dir='ltr'><strong>redeo</strong></span> <span class='ocrx_word' id='word_1_183' title='bbox 725 1348 832 1402; x_wconf 86' lang='lat' dir='ltr'><strong>ejus,</strong></span> <span class='ocrx_word' id='word_1_184' title='bbox 855 1347 923 1388; x_wconf 91' lang='lat' dir='ltr'><strong>cui</strong></span> <span class='ocrx_word' id='word_1_185' title='bbox 945 1347 1073 1389; x_wconf 88' lang='lat' dir='ltr'><strong>nimis</strong></span> <span class='ocrx_word' id='word_1_186' title='bbox 1098 1348 1266 1389; x_wconf 87' lang='lat' dir='ltr'><strong>videtur</strong></span> <span class='ocrx_word' id='word_1_187' title='bbox 1287 1356 1460 1390; x_wconf 82' lang='lat' dir='ltr'><strong>senatus</strong></span> <span class='ocrx_word' id='word_1_188' title='bbox 1482 1350 1527 1390; x_wconf 91' lang='lat' dir='ltr'><strong>in</strong></span> <span class='ocrx_word' id='word_1_189' title='bbox 1554 1365 1657 1401; x_wconf 77' lang='lat' dir='ltr'><strong>con-</strong></span> 
     </span>
    </p>
   </div>
   <div class='ocr_carea' id='block_1_6' title="bbox 106 1402 848 1460">
    <p class='ocr_par' dir='ltr' id='par_1_6' title="bbox 106 1402 848 1460">
     <span class='ocr_line' id='line_1_24' title="bbox 106 1402 848 1460; baseline -0.003 -14"><span class='ocrx_word' id='word_1_190' title='bbox 106 1403 316 1446; x_wconf 67' lang='lat' dir='ltr'><strong>servanda</strong></span> <span class='ocrx_word' id='word_1_191' title='bbox 338 1402 476 1460; x_wconf 68' lang='lat' dir='ltr'><strong>patria</strong></span> <span class='ocrx_word' id='word_1_192' title='bbox 496 1403 627 1444; x_wconf 85' lang='lat' dir='ltr'><strong>fuisse</strong></span> <span class='ocrx_word' id='word_1_193' title='bbox 649 1404 848 1445; x_wconf 86' lang='lat' dir='ltr'><strong>crudelis.</strong></span> 
     </span>
    </p>
   </div>
   <div class='ocr_carea' id='block_1_7' title="bbox 907 1404 1659 1456">
    <p class='ocr_par' dir='ltr' id='par_1_7' title="bbox 907 1404 1659 1456">
     <span class='ocr_line' id='line_1_25' title="bbox 907 1404 1659 1456; baseline 0.008 -12"><span class='ocrx_word' id='word_1_194' title='bbox 907 1404 1087 1445; x_wconf 86' lang='lat' dir='ltr'><strong>Edicere</strong></span> <span class='ocrx_word' id='word_1_195' title='bbox 1114 1410 1181 1445; x_wconf 87' lang='lat' dir='ltr'><strong>est</strong></span> <span class='ocrx_word' id='word_1_196' title='bbox 1200 1419 1345 1456; x_wconf 84' lang='lat' dir='ltr'><strong>ausus,</strong></span> <span class='ocrx_word' id='word_1_197' title='bbox 1365 1420 1462 1446; x_wconf 90' lang='lat' dir='ltr'><strong>cum</strong></span> <span class='ocrx_word' id='word_1_198' title='bbox 1483 1407 1558 1449; x_wconf 90' lang='lat' dir='ltr'><strong>illo</strong></span> <span class='ocrx_word' id='word_1_199' title='bbox 1580 1421 1659 1450; x_wconf 84' lang='lat' dir='ltr'><strong>suo</strong></span> 
     </span>
    </p>
   </div>
   <div class='ocr_carea' id='block_1_8' title="bbox 106 1459 1659 1517">
    <p class='ocr_par' dir='ltr' id='par_1_8' title="bbox 106 1459 1659 1517">
     <span class='ocr_line' id='line_1_26' title="bbox 106 1459 1659 1517; baseline 0.003 -16"><span class='ocrx_word' id='word_1_200' title='bbox 106 1461 211 1517; x_wconf 89' lang='lat' dir='ltr'><strong>pari,</strong></span> <span class='ocrx_word' id='word_1_201' title='bbox 233 1475 360 1516; x_wconf 89' lang='lat' dir='ltr'><strong>quem</strong></span> <span class='ocrx_word' id='word_1_202' title='bbox 387 1467 530 1500; x_wconf 85' lang='lat' dir='ltr'><strong>tamen</strong></span> <span class='ocrx_word' id='word_1_203' title='bbox 564 1460 763 1501; x_wconf 89' lang='lat' dir='ltr'><strong>omnibus</strong></span> <span class='ocrx_word' id='word_1_204' title='bbox 796 1459 912 1501; x_wconf 86' lang='lat' dir='ltr'><strong>vitiis</strong></span> <span class='ocrx_word' id='word_1_205' title='bbox 940 1475 1135 1516; x_wconf 83' lang='lat' dir='ltr'><strong>superare</strong></span> <span class='ocrx_word' id='word_1_206' title='bbox 1165 1461 1377 1516; x_wconf 83' lang='lat' dir='ltr'><strong>cupiebat,</strong></span> <span class='ocrx_word' id='word_1_207' title='bbox 1399 1469 1448 1503; x_wconf 82' lang='lat' dir='ltr'><strong>ut</strong></span> <span class='ocrx_word' id='word_1_208' title='bbox 1473 1470 1659 1512; x_wconf 80' lang='lat' dir='ltr'><strong>senatus,</strong></span> 
     </span>
    </p>
   </div>
   <div class='ocr_carea' id='block_1_9' title="bbox 106 1515 1302 1573">
    <p class='ocr_par' dir='ltr' id='par_1_9' title="bbox 106 1515 1302 1573">
     <span class='ocr_line' id='line_1_27' title="bbox 106 1515 1302 1573; baseline 0.001 -15"><span class='ocrx_word' id='word_1_209' title='bbox 106 1516 255 1559; x_wconf 64' lang='lat' dir='ltr'><strong>contra</strong></span> <span class='ocrx_word' id='word_1_210' title='bbox 274 1515 405 1573; x_wconf 62' lang='lat' dir='ltr'><strong>quam</strong></span> <span class='ocrx_word' id='word_1_211' title='bbox 425 1516 517 1572; x_wconf 89' lang='lat' dir='ltr'><strong>ipse</strong></span> <span class='ocrx_word' id='word_1_212' title='bbox 538 1516 792 1568; x_wconf 83' lang='lat' dir='ltr'><strong>censuisset,</strong></span> <span class='ocrx_word' id='word_1_213' title='bbox 813 1517 868 1559; x_wconf 86' lang='lat' dir='ltr'><strong>ad</strong></span> <span class='ocrx_word' id='word_1_214' title='bbox 899 1517 1102 1559; x_wconf 81' lang='lat' dir='ltr'><strong>vestitum</strong></span> <span class='ocrx_word' id='word_1_215' title='bbox 1133 1517 1302 1559; x_wconf 82' lang='lat' dir='ltr'><strong>rediret.</strong></span> 
     </span>
    </p>
   </div>
   <div class='ocr_carea' id='block_1_10' title="bbox 427 1688 932 1729">
    <p class='ocr_par' dir='ltr' id='par_1_10' title="bbox 427 1688 932 1729">
     <span class='ocr_line' id='line_1_28' title="bbox 427 1688 932 1729; baseline -0.006 0"><span class='ocrx_word' id='word_1_216' title='bbox 427 1688 632 1729; x_wconf 70' lang='lat' dir='ltr'><strong>bnzisistis</strong></span> <span class='ocrx_word' id='word_1_217' title='bbox 653 1689 702 1728; x_wconf 76' lang='lat' dir='ltr'><strong>in</strong></span> <span class='ocrx_word' id='word_1_218' title='bbox 722 1688 932 1728; x_wconf 74' lang='lat' dir='ltr'><strong>exsilium.</strong></span> 
     </span>
    </p>
   </div>
   <div class='ocr_carea' id='block_1_11' title="bbox 106 1912 868 2808">
    <p class='ocr_par' dir='ltr' id='par_1_11' title="bbox 106 1912 864 2081">
     <span class='ocr_line' id='line_1_29' title="bbox 106 1912 863 1955; baseline -0.004 -10"><span class='ocrx_word' id='word_1_219' title='bbox 106 1948 109 1950; x_wconf 66' lang='grc'>,</span> <span class='ocrx_word' id='word_1_220' title='bbox 150 1915 181 1945; x_wconf 76' lang='grc'><strong>2.</strong></span> <span class='ocrx_word' id='word_1_221' title='bbox 207 1912 262 1944; x_wconf 84' lang='lat' dir='ltr'><strong>Cn.</strong></span> <span class='ocrx_word' id='word_1_222' title='bbox 278 1912 473 1955; x_wconf 69' lang='lat' dir='ltr'><strong>Pompeium]</strong></span> <span class='ocrx_word' id='word_1_223' title='bbox 519 1912 616 1943; x_wconf 89' lang='lat' dir='ltr'><strong>Domi</strong></span> <span class='ocrx_word' id='word_1_224' title='bbox 638 1922 700 1944; x_wconf 81' lang='lat' dir='ltr'><strong>suae</strong></span> <span class='ocrx_word' id='word_1_225' title='bbox 716 1922 749 1943; x_wconf 87' lang='lat' dir='ltr'><strong>se</strong></span> <span class='ocrx_word' id='word_1_226' title='bbox 764 1913 863 1943; x_wconf 86' lang='lat' dir='ltr'><strong>conti-</strong></span> 
     </span>
     <span class='ocr_line' id='line_1_30' title="bbox 106 1956 861 1997; baseline 0 -12"><span class='ocrx_word' id='word_1_227' title='bbox 106 1966 179 1986; x_wconf 87' lang='lat' dir='ltr'><strong>nere</strong></span> <span class='ocrx_word' id='word_1_228' title='bbox 195 1956 363 1997; x_wconf 76' lang='lat' dir='ltr'><strong>Pompeius</strong></span> <span class='ocrx_word' id='word_1_229' title='bbox 380 1962 506 1987; x_wconf 87' lang='lat' dir='ltr'><strong>coactus</strong></span> <span class='ocrx_word' id='word_1_230' title='bbox 523 1962 581 1992; x_wconf 88' lang='lat' dir='ltr'><strong>est,</strong></span> <span class='ocrx_word' id='word_1_231' title='bbox 597 1956 669 1996; x_wconf 86' lang='lat' dir='ltr'><strong>quia</strong></span> <span class='ocrx_word' id='word_1_232' title='bbox 686 1957 861 1996; x_wconf 85' lang='lat' dir='ltr'><strong>deprehen-</strong></span> 
     </span>
     <span class='ocr_line' id='line_1_31' title="bbox 108 1997 864 2037; baseline 0 -9"><span class='ocrx_word' id='word_1_233' title='bbox 108 2007 158 2028; x_wconf 72' lang='lat' dir='ltr'><strong>sus</strong></span> <span class='ocrx_word' id='word_1_234' title='bbox 182 1999 283 2028; x_wconf 87' lang='lat' dir='ltr'><strong>suerat</strong></span> <span class='ocrx_word' id='word_1_235' title='bbox 298 2009 401 2028; x_wconf 85' lang='lat' dir='ltr'><strong>servus</strong></span> <span class='ocrx_word' id='word_1_236' title='bbox 425 1998 530 2031; x_wconf 90' lang='lat' dir='ltr'><strong>Clodii</strong></span> <span class='ocrx_word' id='word_1_237' title='bbox 543 2009 613 2029; x_wconf 89' lang='lat' dir='ltr'><strong>cum</strong></span> <span class='ocrx_word' id='word_1_238' title='bbox 629 1997 705 2037; x_wconf 69' lang='lat' dir='ltr'><strong>sica,</strong></span> <span class='ocrx_word' id='word_1_239' title='bbox 721 2004 755 2028; x_wconf 90' lang='lat' dir='ltr'><strong>ut</strong></span> <span class='ocrx_word' id='word_1_240' title='bbox 771 1998 864 2029; x_wconf 88' lang='lat' dir='ltr'><strong>Pom-</strong></span> 
     </span>
     <span class='ocr_line' id='line_1_32' title="bbox 109 2040 424 2081; baseline 0 -10"><span class='ocrx_word' id='word_1_241' title='bbox 109 2040 213 2081; x_wconf 86' lang='lat' dir='ltr'><strong>peium</strong></span> <span class='ocrx_word' id='word_1_242' title='bbox 230 2041 424 2072; x_wconf 80' lang='lat' dir='ltr'><strong>interficeret.</strong></span> 
     </span>
    </p>

    <p class='ocr_par' dir='ltr' id='par_1_12' title="bbox 108 2083 868 2370">
     <span class='ocr_line' id='line_1_33' title="bbox 155 2083 865 2124; baseline -0.001 -11"><span class='ocrx_word' id='word_1_243' title='bbox 155 2085 185 2114; x_wconf 87' lang='lat'><strong>6.</strong></span> <span class='ocrx_word' id='word_1_244' title='bbox 212 2083 341 2124; x_wconf 64' lang='lat' dir='ltr'><strong>Manes]</strong></span> <span class='ocrx_word' id='word_1_245' title='bbox 379 2083 493 2114; x_wconf 86' lang='lat' dir='ltr'><strong>Manes</strong></span> <span class='ocrx_word' id='word_1_246' title='bbox 508 2083 662 2113; x_wconf 86' lang='lat' dir='ltr'><strong>veteribus</strong></span> <span class='ocrx_word' id='word_1_247' title='bbox 678 2087 865 2113; x_wconf 87' lang='lat' dir='ltr'><strong>mortuorum</strong></span> 
     </span>
     <span class='ocr_line' id='line_1_34' title="bbox 109 2125 867 2160; baseline -0.004 -4"><span class='ocrx_word' id='word_1_248' title='bbox 109 2126 220 2156; x_wconf 82' lang='lat' dir='ltr'><strong>animae</strong></span> <span class='ocrx_word' id='word_1_249' title='bbox 243 2127 436 2156; x_wconf 83' lang='lat' dir='ltr'><strong>dicebantur.</strong></span> <span class='ocrx_word' id='word_1_250' title='bbox 482 2126 593 2156; x_wconf 75' lang='lat' dir='ltr'><strong>Festus</strong></span> <span class='ocrx_word' id='word_1_251' title='bbox 623 2130 726 2154; x_wconf 88' lang='lat' dir='ltr'><strong>autem</strong></span> <span class='ocrx_word' id='word_1_252' title='bbox 750 2125 867 2160; x_wconf 82' lang='lat' dir='ltr'><strong>scribit,</strong></span> 
     </span>
     <span class='ocr_line' id='line_1_35' title="bbox 109 2167 867 2209; baseline -0.004 -10"><span class='ocrx_word' id='word_1_253' title='bbox 109 2179 215 2199; x_wconf 81' lang='lat' dir='ltr'><strong>inanes</strong></span> <span class='ocrx_word' id='word_1_254' title='bbox 241 2170 315 2199; x_wconf 86' lang='lat' dir='ltr'><strong>deos</strong></span> <span class='ocrx_word' id='word_1_255' title='bbox 333 2169 371 2198; x_wconf 87' lang='lat' dir='ltr'><strong>ab</strong></span> <span class='ocrx_word' id='word_1_256' title='bbox 388 2169 554 2209; x_wconf 82' lang='lat' dir='ltr'><strong>auguribus</strong></span> <span class='ocrx_word' id='word_1_257' title='bbox 571 2168 722 2203; x_wconf 82' lang='lat' dir='ltr'><strong>invocari,</strong></span> <span class='ocrx_word' id='word_1_258' title='bbox 738 2167 822 2207; x_wconf 70' lang='lat' dir='ltr'><strong>qudd</strong></span> <span class='ocrx_word' id='word_1_259' title='bbox 846 2168 867 2196; x_wconf 91' lang='lat' dir='ltr'><strong>ii</strong></span> 
     </span>
     <span class='ocr_line' id='line_1_36' title="bbox 108 2212 868 2254; baseline -0.004 -12"><span class='ocrx_word' id='word_1_260' title='bbox 108 2222 164 2254; x_wconf 87' lang='lat' dir='ltr'><strong>per</strong></span> <span class='ocrx_word' id='word_1_261' title='bbox 183 2212 285 2242; x_wconf 81' lang='lat' dir='ltr'><strong>onmia</strong></span> <span class='ocrx_word' id='word_1_262' title='bbox 301 2212 433 2242; x_wconf 80' lang='lat' dir='ltr'><strong>aetlierea</strong></span> <span class='ocrx_word' id='word_1_263' title='bbox 458 2217 641 2251; x_wconf 85' lang='lat' dir='ltr'><strong>terrenaque</strong></span> <span class='ocrx_word' id='word_1_264' title='bbox 665 2220 787 2240; x_wconf 84' lang='lat' dir='ltr'><strong>manare</strong></span> <span class='ocrx_word' id='word_1_265' title='bbox 803 2220 868 2240; x_wconf 88' lang='lat' dir='ltr'><strong>cre-</strong></span> 
     </span>
     <span class='ocr_line' id='line_1_37' title="bbox 108 2253 863 2294; baseline -0.003 -10"><span class='ocrx_word' id='word_1_266' title='bbox 108 2255 275 2284; x_wconf 83' lang='lat' dir='ltr'><strong>debantur:</strong></span> <span class='ocrx_word' id='word_1_267' title='bbox 298 2253 372 2283; x_wconf 73' lang='lat' dir='ltr'><strong>item</strong></span> <span class='ocrx_word' id='word_1_268' title='bbox 389 2255 464 2284; x_wconf 87' lang='lat' dir='ltr'><strong>deos</strong></span> <span class='ocrx_word' id='word_1_269' title='bbox 481 2254 594 2283; x_wconf 83' lang='lat' dir='ltr'><strong>inferos</strong></span> <span class='ocrx_word' id='word_1_270' title='bbox 621 2258 714 2294; x_wconf 88' lang='lat' dir='ltr'><strong>atquc</strong></span> <span class='ocrx_word' id='word_1_271' title='bbox 736 2263 863 2292; x_wconf 81' lang='lat' dir='ltr'><strong>superos</strong></span> 
     </span>
     <span class='ocr_line' id='line_1_38' title="bbox 111 2295 864 2338; baseline -0.003 -12"><span class='ocrx_word' id='word_1_272' title='bbox 111 2297 185 2332; x_wconf 85' lang='lat' dir='ltr'><strong>dici,</strong></span> <span class='ocrx_word' id='word_1_273' title='bbox 199 2308 275 2338; x_wconf 86' lang='lat' dir='ltr'><strong>quos</strong></span> <span class='ocrx_word' id='word_1_274' title='bbox 291 2295 362 2326; x_wconf 72' lang='lat' dir='ltr'><strong>idet)</strong></span> <span class='ocrx_word' id='word_1_275' title='bbox 379 2297 563 2326; x_wconf 82' lang='lat' dir='ltr'><strong>invocabant</strong></span> <span class='ocrx_word' id='word_1_276' title='bbox 579 2306 721 2337; x_wconf 80' lang='lat' dir='ltr'><strong>augures,</strong></span> <span class='ocrx_word' id='word_1_277' title='bbox 733 2295 816 2336; x_wconf 67' lang='lat' dir='ltr'><strong>quud</strong></span> <span class='ocrx_word' id='word_1_278' title='bbox 833 2295 864 2325; x_wconf 79' lang='lat' dir='ltr'><strong>lii</strong></span> 
     </span>
     <span class='ocr_line' id='line_1_39' title="bbox 113 2339 756 2370; baseline -0.005 0"><span class='ocrx_word' id='word_1_279' title='bbox 113 2340 367 2370; x_wconf 83' lang='lat' dir='ltr'><strong>existimabantur</strong></span> <span class='ocrx_word' id='word_1_280' title='bbox 380 2340 451 2369; x_wconf 80' lang='lat' dir='ltr'><strong>vitae</strong></span> <span class='ocrx_word' id='word_1_281' title='bbox 468 2339 624 2368; x_wconf 84' lang='lat' dir='ltr'><strong>hominum</strong></span> <span class='ocrx_word' id='word_1_282' title='bbox 642 2339 756 2368; x_wconf 79' lang='lat' dir='ltr'><strong>favere.</strong></span> 
     </span>
    </p>

    <p class='ocr_par' dir='ltr' id='par_1_13' title="bbox 107 2380 864 2498">
     <span class='ocr_line' id='line_1_40' title="bbox 151 2380 864 2422; baseline -0.003 -10"><span class='ocrx_word' id='word_1_283' title='bbox 151 2384 182 2413; x_wconf 88' lang='lat'><strong>9.</strong></span> <span class='ocrx_word' id='word_1_284' title='bbox 221 2381 371 2412; x_wconf 78' lang='lat' dir='ltr'><strong>Mactatus</strong></span> <span class='ocrx_word' id='word_1_285' title='bbox 395 2382 504 2422; x_wconf 64' lang='lat' dir='ltr'><strong>essem]</strong></span> <span class='ocrx_word' id='word_1_286' title='bbox 552 2380 697 2420; x_wconf 76' lang='lat' dir='ltr'><strong>Respicit</strong></span> <span class='ocrx_word' id='word_1_287' title='bbox 720 2380 760 2410; x_wconf 85' lang='lat' dir='ltr'><strong>ad</strong></span> <span class='ocrx_word' id='word_1_288' title='bbox 786 2380 864 2410; x_wconf 85' lang='lat' dir='ltr'><strong>anti-</strong></span> 
     </span>
     <span class='ocr_line' id='line_1_41' title="bbox 107 2425 860 2465; baseline -0.005 -9"><span class='ocrx_word' id='word_1_289' title='bbox 107 2435 202 2465; x_wconf 89' lang='lat' dir='ltr'><strong>quum</strong></span> <span class='ocrx_word' id='word_1_290' title='bbox 218 2435 346 2460; x_wconf 86' lang='lat' dir='ltr'><strong>morem,</strong></span> <span class='ocrx_word' id='word_1_291' title='bbox 361 2426 486 2465; x_wconf 86' lang='lat' dir='ltr'><strong>quando</strong></span> <span class='ocrx_word' id='word_1_292' title='bbox 511 2425 548 2453; x_wconf 89' lang='lat' dir='ltr'><strong>ad</strong></span> <span class='ocrx_word' id='word_1_293' title='bbox 571 2425 660 2454; x_wconf 84' lang='lat' dir='ltr'><strong>busta</strong></span> <span class='ocrx_word' id='word_1_294' title='bbox 676 2428 860 2453; x_wconf 84' lang='lat' dir='ltr'><strong>mortuorum</strong></span> 
     </span>
     <span class='ocr_line' id='line_1_42' title="bbox 108 2467 635 2498; baseline -0.002 -1"><span class='ocrx_word' id='word_1_295' title='bbox 108 2469 249 2498; x_wconf 84' lang='lat' dir='ltr'><strong>humanae</strong></span> <span class='ocrx_word' id='word_1_296' title='bbox 266 2468 398 2498; x_wconf 82' lang='lat' dir='ltr'><strong>victimae</strong></span> <span class='ocrx_word' id='word_1_297' title='bbox 414 2467 635 2497; x_wconf 80' lang='lat' dir='ltr'><strong>mactabantur.</strong></span> 
     </span>
    </p>

    <p class='ocr_par' dir='ltr' id='par_1_14' title="bbox 111 2508 865 2626">
     <span class='ocr_line' id='line_1_43' title="bbox 151 2508 863 2552; baseline 0 -14"><span class='ocrx_word' id='word_1_298' title='bbox 151 2513 202 2540; x_wconf 68' lang='lat'><strong>12.</strong></span> <span class='ocrx_word' id='word_1_299' title='bbox 239 2515 388 2542; x_wconf 71' lang='lat' dir='ltr'><strong>Care-erem</strong></span> <span class='ocrx_word' id='word_1_300' title='bbox 415 2509 584 2552; x_wconf 53' lang='lat' dir='ltr'><strong>effudistis]</strong></span> <span class='ocrx_word' id='word_1_301' title='bbox 627 2509 673 2539; x_wconf 89' lang='lat' dir='ltr'><strong>Ex</strong></span> <span class='ocrx_word' id='word_1_302' title='bbox 702 2508 863 2549; x_wconf 85' lang='lat' dir='ltr'><strong>ergastulis</strong></span> 
     </span>
     <span class='ocr_line' id='line_1_44' title="bbox 111 2551 865 2590; baseline 0 -9"><span class='ocrx_word' id='word_1_303' title='bbox 111 2553 188 2582; x_wconf 87' lang='lat' dir='ltr'><strong>servi</strong></span> <span class='ocrx_word' id='word_1_304' title='bbox 217 2559 249 2582; x_wconf 87' lang='lat' dir='ltr'><strong>et</strong></span> <span class='ocrx_word' id='word_1_305' title='bbox 273 2552 414 2583; x_wconf 84' lang='lat' dir='ltr'><strong>scelerati</strong></span> <span class='ocrx_word' id='word_1_306' title='bbox 437 2553 578 2590; x_wconf 77' lang='lat' dir='ltr'><strong>homines</strong></span> <span class='ocrx_word' id='word_1_307' title='bbox 603 2551 709 2582; x_wconf 87' lang='lat' dir='ltr'><strong>educti</strong></span> <span class='ocrx_word' id='word_1_308' title='bbox 733 2557 814 2587; x_wconf 89' lang='lat' dir='ltr'><strong>sunt,</strong></span> <span class='ocrx_word' id='word_1_309' title='bbox 830 2556 865 2581; x_wconf 91' lang='lat' dir='ltr'><strong>ut</strong></span> 
     </span>
     <span class='ocr_line' id='line_1_45' title="bbox 112 2594 453 2626; baseline 0.009 -3"><span class='ocrx_word' id='word_1_310' title='bbox 112 2594 224 2624; x_wconf 85' lang='lat' dir='ltr'><strong>seditio</strong></span> <span class='ocrx_word' id='word_1_311' title='bbox 238 2597 453 2626; x_wconf 85' lang='lat' dir='ltr'><strong>concitaretur.</strong></span> 
     </span>
    </p>

    <p class='ocr_par' dir='ltr' id='par_1_15' title="bbox 111 2636 864 2808">
     <span class='ocr_line' id='line_1_46' title="bbox 155 2636 863 2678; baseline -0.001 -11"><span class='ocrx_word' id='word_1_312' title='bbox 155 2639 208 2667; x_wconf 82' lang='lat'><strong>16.</strong></span> <span class='ocrx_word' id='word_1_313' title='bbox 231 2641 356 2668; x_wconf 74' lang='lat' dir='ltr'><strong>Senatus</strong></span> <span class='ocrx_word' id='word_1_314' title='bbox 382 2637 520 2678; x_wconf 69' lang='lat' dir='ltr'><strong>luctum]</strong></span> <span class='ocrx_word' id='word_1_315' title='bbox 566 2636 643 2670; x_wconf 69' lang='lat' dir='ltr'><strong>Cum</strong></span> <span class='ocrx_word' id='word_1_316' title='bbox 668 2636 730 2666; x_wconf 86' lang='lat' dir='ltr'><strong>lata</strong></span> <span class='ocrx_word' id='word_1_317' title='bbox 756 2636 863 2667; x_wconf 87' lang='lat' dir='ltr'><strong>fuisset</strong></span> 
     </span>
     <span class='ocr_line' id='line_1_47' title="bbox 111 2678 864 2717; baseline 0 -8"><span class='ocrx_word' id='word_1_318' title='bbox 111 2678 160 2709; x_wconf 80' lang='lat' dir='ltr'><strong>lex</strong></span> <span class='ocrx_word' id='word_1_319' title='bbox 176 2679 193 2708; x_wconf 71' lang='lat' dir='ltr'><strong>a</strong></span> <span class='ocrx_word' id='word_1_320' title='bbox 210 2679 333 2717; x_wconf 85' lang='lat' dir='ltr'><strong>Clodio,</strong></span> <span class='ocrx_word' id='word_1_321' title='bbox 350 2686 384 2710; x_wconf 85' lang='lat' dir='ltr'><strong>ut</strong></span> <span class='ocrx_word' id='word_1_322' title='bbox 406 2680 517 2712; x_wconf 90' lang='lat' dir='ltr'><strong>Cicero</strong></span> <span class='ocrx_word' id='word_1_323' title='bbox 540 2681 640 2710; x_wconf 85' lang='lat' dir='ltr'><strong>abiret</strong></span> <span class='ocrx_word' id='word_1_324' title='bbox 665 2680 695 2710; x_wconf 89' lang='lat' dir='ltr'><strong>in</strong></span> <span class='ocrx_word' id='word_1_325' title='bbox 711 2679 864 2717; x_wconf 81' lang='lat' dir='ltr'><strong>exsilium,</strong></span> 
     </span>
     <span class='ocr_line' id='line_1_48' title="bbox 112 2721 863 2764; baseline 0.001 -14"><span class='ocrx_word' id='word_1_326' title='bbox 112 2732 180 2751; x_wconf 88' lang='lat' dir='ltr'><strong>reus</strong></span> <span class='ocrx_word' id='word_1_327' title='bbox 205 2721 325 2759; x_wconf 83' lang='lat' dir='ltr'><strong>Cicero,</strong></span> <span class='ocrx_word' id='word_1_328' title='bbox 347 2730 380 2752; x_wconf 92' lang='lat' dir='ltr'><strong>ut</strong></span> <span class='ocrx_word' id='word_1_329' title='bbox 405 2723 586 2764; x_wconf 73' lang='lat' dir='ltr'><strong>Plutarchus</strong></span> <span class='ocrx_word' id='word_1_330' title='bbox 606 2722 722 2759; x_wconf 87' lang='lat' dir='ltr'><strong>scribit,</strong></span> <span class='ocrx_word' id='word_1_331' title='bbox 746 2727 863 2753; x_wconf 87' lang='lat' dir='ltr'><strong>vestem</strong></span> 
     </span>
     <span class='ocr_line' id='line_1_49' title="bbox 113 2764 864 2808; baseline 0.001 -14"><span class='ocrx_word' id='word_1_332' title='bbox 113 2764 254 2805; x_wconf 82' lang='lat' dir='ltr'><strong>mutavit,</strong></span> <span class='ocrx_word' id='word_1_333' title='bbox 269 2772 300 2796; x_wconf 87' lang='lat' dir='ltr'><strong>et</strong></span> <span class='ocrx_word' id='word_1_334' title='bbox 320 2766 494 2805; x_wconf 74' lang='lat' dir='ltr'><strong>sordidatus</strong></span> <span class='ocrx_word' id='word_1_335' title='bbox 514 2766 631 2808; x_wconf 87' lang='lat' dir='ltr'><strong>populo</strong></span> <span class='ocrx_word' id='word_1_336' title='bbox 654 2765 864 2807; x_wconf 83' lang='lat' dir='ltr'><strong>supplicavit;</strong></span> 
     </span>
    </p>
   </div>
   <div class='ocr_carea' id='block_1_12' title="bbox 1079 1689 1348 1742">
    <p class='ocr_par' dir='ltr' id='par_1_16' title="bbox 1079 1689 1348 1742">
     <span class='ocr_line' id='line_1_50' title="bbox 1079 1689 1348 1742; baseline 0.004 -15"><span class='ocrx_word' id='word_1_337' title='bbox 1079 1692 1094 1710; x_wconf 76' lang='lat'>⁰</span> <span class='ocrx_word' id='word_1_338' title='bbox 1103 1689 1348 1742; x_wconf 72' lang='lat' dir='ltr'><strong>placaretis.</strong></span> 
     </span>
    </p>
   </div>
   <div class='ocr_carea' id='block_1_13' title="bbox 905 1912 1664 2809">
    <p class='ocr_par' dir='ltr' id='par_1_17' title="bbox 906 1912 1664 2381">
     <span class='ocr_line' id='line_1_51' title="bbox 907 1912 1663 1958; baseline 0.007 -15"><span class='ocrx_word' id='word_1_339' title='bbox 907 1923 977 1944; x_wconf 89' lang='lat' dir='ltr'><strong>cum</strong></span> <span class='ocrx_word' id='word_1_340' title='bbox 994 1912 1145 1944; x_wconf 88' lang='lat' dir='ltr'><strong>Cicerone</strong></span> <span class='ocrx_word' id='word_1_341' title='bbox 1160 1913 1261 1945; x_wconf 87' lang='lat' dir='ltr'><strong>omnis</strong></span> <span class='ocrx_word' id='word_1_342' title='bbox 1283 1913 1416 1955; x_wconf 75' lang='lat' dir='ltr'><strong>primum</strong></span> <span class='ocrx_word' id='word_1_343' title='bbox 1439 1915 1503 1948; x_wconf 71' lang='lat' dir='ltr'><strong>sere</strong></span> <span class='ocrx_word' id='word_1_344' title='bbox 1519 1921 1663 1958; x_wconf 77' lang='lat' dir='ltr'><strong>equester</strong></span> 
     </span>
     <span class='ocr_line' id='line_1_52' title="bbox 908 1957 1662 1999; baseline 0.007 -13"><span class='ocrx_word' id='word_1_345' title='bbox 908 1957 983 1986; x_wconf 88' lang='lat' dir='ltr'><strong>ordo</strong></span> <span class='ocrx_word' id='word_1_346' title='bbox 1011 1962 1127 1987; x_wconf 86' lang='lat' dir='ltr'><strong>vestem</strong></span> <span class='ocrx_word' id='word_1_347' title='bbox 1150 1957 1296 1995; x_wconf 77' lang='lat' dir='ltr'><strong>mutavit,</strong></span> <span class='ocrx_word' id='word_1_348' title='bbox 1320 1968 1453 1999; x_wconf 87' lang='lat' dir='ltr'><strong>eumque</strong></span> <span class='ocrx_word' id='word_1_349' title='bbox 1478 1960 1662 1991; x_wconf 85' lang='lat' dir='ltr'><strong>nobilissimi</strong></span> 
     </span>
     <span class='ocr_line' id='line_1_53' title="bbox 907 1999 1661 2040; baseline 0.007 -11"><span class='ocrx_word' id='word_1_350' title='bbox 907 1999 1132 2036; x_wconf 83' lang='lat' dir='ltr'><strong>adolescentes,</strong></span> <span class='ocrx_word' id='word_1_351' title='bbox 1146 2011 1275 2031; x_wconf 86' lang='lat' dir='ltr'><strong>numero</strong></span> <span class='ocrx_word' id='word_1_352' title='bbox 1291 2001 1329 2030; x_wconf 88' lang='lat' dir='ltr'><strong>ad</strong></span> <span class='ocrx_word' id='word_1_353' title='bbox 1347 2001 1455 2040; x_wconf 86' lang='lat' dir='ltr'><strong>viginti</strong></span> <span class='ocrx_word' id='word_1_354' title='bbox 1476 2002 1583 2038; x_wconf 84' lang='lat' dir='ltr'><strong>millia,</strong></span> <span class='ocrx_word' id='word_1_355' title='bbox 1597 2013 1661 2033; x_wconf 83' lang='lat' dir='ltr'><strong>sor-</strong></span> 
     </span>
     <span class='ocr_line' id='line_1_54' title="bbox 906 2042 1662 2082; baseline 0.005 -11"><span class='ocrx_word' id='word_1_356' title='bbox 906 2042 1019 2076; x_wconf 86' lang='lat' dir='ltr'><strong>didati,</strong></span> <span class='ocrx_word' id='word_1_357' title='bbox 1028 2043 1244 2082; x_wconf 84' lang='lat' dir='ltr'><strong>deprecatores</strong></span> <span class='ocrx_word' id='word_1_358' title='bbox 1253 2043 1332 2073; x_wconf 88' lang='lat' dir='ltr'><strong>illius</strong></span> <span class='ocrx_word' id='word_1_359' title='bbox 1343 2044 1461 2080; x_wconf 81' lang='lat' dir='ltr'><strong>salutis,</strong></span> <span class='ocrx_word' id='word_1_360' title='bbox 1471 2045 1662 2076; x_wconf 82' lang='lat' dir='ltr'><strong>comitaban-</strong></span> 
     </span>
     <span class='ocr_line' id='line_1_55' title="bbox 910 2084 1660 2126; baseline 0.007 -13"><span class='ocrx_word' id='word_1_361' title='bbox 910 2090 967 2114; x_wconf 88' lang='lat' dir='ltr'><strong>tur.</strong></span> <span class='ocrx_word' id='word_1_362' title='bbox 1010 2085 1149 2121; x_wconf 88' lang='lat' dir='ltr'><strong>Deinde,</strong></span> <span class='ocrx_word' id='word_1_363' title='bbox 1165 2084 1234 2115; x_wconf 73' lang='lat' dir='ltr'><strong>cum</strong></span> <span class='ocrx_word' id='word_1_364' title='bbox 1251 2091 1374 2116; x_wconf 84' lang='lat' dir='ltr'><strong>senatus</strong></span> <span class='ocrx_word' id='word_1_365' title='bbox 1388 2086 1532 2126; x_wconf 84' lang='lat' dir='ltr'><strong>frequens</strong></span> <span class='ocrx_word' id='word_1_366' title='bbox 1547 2098 1660 2118; x_wconf 88' lang='lat' dir='ltr'><strong>conve-</strong></span> 
     </span>
     <span class='ocr_line' id='line_1_56' title="bbox 909 2127 1661 2168; baseline 0.007 -12"><span class='ocrx_word' id='word_1_367' title='bbox 909 2127 1016 2163; x_wconf 80' lang='lat' dir='ltr'><strong>nisset,</strong></span> <span class='ocrx_word' id='word_1_368' title='bbox 1029 2132 1062 2157; x_wconf 86' lang='lat' dir='ltr'><strong>ut</strong></span> <span class='ocrx_word' id='word_1_369' title='bbox 1074 2133 1201 2164; x_wconf 86' lang='lat' dir='ltr'><strong>vestem,</strong></span> <span class='ocrx_word' id='word_1_370' title='bbox 1216 2134 1370 2168; x_wconf 81' lang='lat' dir='ltr'><strong>tamquam</strong></span> <span class='ocrx_word' id='word_1_371' title='bbox 1384 2129 1414 2158; x_wconf 90' lang='lat' dir='ltr'><strong>in</strong></span> <span class='ocrx_word' id='word_1_372' title='bbox 1426 2128 1550 2168; x_wconf 87' lang='lat' dir='ltr'><strong>publico</strong></span> <span class='ocrx_word' id='word_1_373' title='bbox 1564 2130 1661 2167; x_wconf 90' lang='lat' dir='ltr'><strong>luctu,</strong></span> 
     </span>
     <span class='ocr_line' id='line_1_57' title="bbox 911 2171 1664 2210; baseline 0.008 -12"><span class='ocrx_word' id='word_1_374' title='bbox 911 2172 1091 2199; x_wconf 82' lang='lat' dir='ltr'><strong>mutandam</strong></span> <span class='ocrx_word' id='word_1_375' title='bbox 1107 2176 1255 2206; x_wconf 79' lang='lat' dir='ltr'><strong>censeret,</strong></span> <span class='ocrx_word' id='word_1_376' title='bbox 1268 2171 1364 2210; x_wconf 86' lang='lat' dir='ltr'><strong>idque</strong></span> <span class='ocrx_word' id='word_1_377' title='bbox 1381 2171 1523 2202; x_wconf 83' lang='lat' dir='ltr'><strong>eonsules</strong></span> <span class='ocrx_word' id='word_1_378' title='bbox 1545 2172 1617 2203; x_wconf 91' lang='lat' dir='ltr'><strong>Piso</strong></span> <span class='ocrx_word' id='word_1_379' title='bbox 1631 2179 1664 2204; x_wconf 86' lang='lat' dir='ltr'><strong>et</strong></span> 
     </span>
     <span class='ocr_line' id='line_1_58' title="bbox 912 2212 1660 2249; baseline 0.008 -8"><span class='ocrx_word' id='word_1_380' title='bbox 912 2212 1064 2242; x_wconf 86' lang='lat' dir='ltr'><strong>Gabinius</strong></span> <span class='ocrx_word' id='word_1_381' title='bbox 1080 2218 1230 2249; x_wconf 83' lang='lat' dir='ltr'><strong>vetarent,</strong></span> <span class='ocrx_word' id='word_1_382' title='bbox 1241 2218 1273 2243; x_wconf 90' lang='lat' dir='ltr'><strong>et</strong></span> <span class='ocrx_word' id='word_1_383' title='bbox 1284 2213 1413 2244; x_wconf 86' lang='lat' dir='ltr'><strong>Clodius</strong></span> <span class='ocrx_word' id='word_1_384' title='bbox 1425 2225 1494 2244; x_wconf 90' lang='lat' dir='ltr'><strong>cum</strong></span> <span class='ocrx_word' id='word_1_385' title='bbox 1513 2216 1603 2246; x_wconf 88' lang='lat' dir='ltr'><strong>armis</strong></span> <span class='ocrx_word' id='word_1_386' title='bbox 1620 2217 1660 2247; x_wconf 85' lang='lat' dir='ltr'><strong>ad</strong></span> 
     </span>
     <span class='ocr_line' id='line_1_59' title="bbox 907 2255 1661 2298; baseline 0.007 -14"><span class='ocrx_word' id='word_1_387' title='bbox 907 2255 1021 2285; x_wconf 85' lang='lat' dir='ltr'><strong>curiam</strong></span> <span class='ocrx_word' id='word_1_388' title='bbox 1050 2260 1240 2292; x_wconf 80' lang='lat' dir='ltr'><strong>versaretur;</strong></span> <span class='ocrx_word' id='word_1_389' title='bbox 1261 2262 1418 2287; x_wconf 85' lang='lat' dir='ltr'><strong>senatores</strong></span> <span class='ocrx_word' id='word_1_390' title='bbox 1441 2267 1503 2286; x_wconf 91' lang='lat' dir='ltr'><strong>non</strong></span> <span class='ocrx_word' id='word_1_391' title='bbox 1529 2259 1620 2298; x_wconf 87' lang='lat' dir='ltr'><strong>pauci</strong></span> <span class='ocrx_word' id='word_1_392' title='bbox 1644 2259 1661 2289; x_wconf 75' lang='grc' dir='ltr'>ὀ</span> 
     </span>
     <span class='ocr_line' id='line_1_60' title="bbox 907 2298 1661 2335; baseline 0.007 -8"><span class='ocrx_word' id='word_1_393' title='bbox 907 2302 1030 2334; x_wconf 85' lang='lat' dir='ltr'><strong>senatu,</strong></span> <span class='ocrx_word' id='word_1_394' title='bbox 1047 2299 1181 2329; x_wconf 76' lang='lat' dir='ltr'><strong>vestibus</strong></span> <span class='ocrx_word' id='word_1_395' title='bbox 1204 2298 1348 2335; x_wconf 81' lang='lat' dir='ltr'><strong>discissis,</strong></span> <span class='ocrx_word' id='word_1_396' title='bbox 1365 2305 1396 2329; x_wconf 87' lang='lat' dir='ltr'><strong>et</strong></span> <span class='ocrx_word' id='word_1_397' title='bbox 1411 2298 1543 2331; x_wconf 81' lang='lat' dir='ltr'><strong>clamore</strong></span> <span class='ocrx_word' id='word_1_398' title='bbox 1557 2300 1661 2332; x_wconf 84' lang='lat' dir='ltr'><strong>subla-</strong></span> 
     </span>
     <span class='ocr_line' id='line_1_61' title="bbox 908 2341 1243 2381; baseline 0 -11"><span class='ocrx_word' id='word_1_399' title='bbox 908 2346 952 2378; x_wconf 86' lang='lat' dir='ltr'><strong>to,</strong></span> <span class='ocrx_word' id='word_1_400' title='bbox 968 2351 1000 2370; x_wconf 91' lang='lat' dir='ltr'><strong>se</strong></span> <span class='ocrx_word' id='word_1_401' title='bbox 1017 2341 1243 2381; x_wconf 79' lang='lat' dir='ltr'><strong>proripuerunt.</strong></span> 
     </span>
    </p>

    <p class='ocr_par' dir='ltr' id='par_1_18' title="bbox 905 2383 1663 2762">
     <span class='ocr_line' id='line_1_62' title="bbox 953 2383 1662 2424; baseline 0.007 -12"><span class='ocrx_word' id='word_1_402' title='bbox 953 2386 1005 2413; x_wconf 69' lang='grc' dir='ltr'><strong>ΞΟ.</strong></span> <span class='ocrx_word' id='word_1_403' title='bbox 1029 2383 1179 2414; x_wconf 77' lang='lat' dir='ltr'><strong>Consulem</strong></span> <span class='ocrx_word' id='word_1_404' title='bbox 1201 2383 1335 2424; x_wconf 61' lang='lat' dir='ltr'><strong>edicere]</strong></span> <span class='ocrx_word' id='word_1_405' title='bbox 1378 2383 1518 2416; x_wconf 85' lang='lat' dir='ltr'><strong>Absente</strong></span> <span class='ocrx_word' id='word_1_406' title='bbox 1536 2385 1662 2423; x_wconf 86' lang='lat' dir='ltr'><strong>Pisone,</strong></span> 
     </span>
     <span class='ocr_line' id='line_1_63' title="bbox 905 2424 1660 2466; baseline 0.005 -11"><span class='ocrx_word' id='word_1_407' title='bbox 905 2424 974 2455; x_wconf 75' lang='lat' dir='ltr'><strong>cuni</strong></span> <span class='ocrx_word' id='word_1_408' title='bbox 992 2431 1116 2456; x_wconf 82' lang='lat' dir='ltr'><strong>senatus</strong></span> <span class='ocrx_word' id='word_1_409' title='bbox 1139 2427 1171 2456; x_wconf 91' lang='lat' dir='ltr'><strong>in</strong></span> <span class='ocrx_word' id='word_1_410' title='bbox 1197 2427 1264 2456; x_wconf 83' lang='lat' dir='ltr'><strong>aede</strong></span> <span class='ocrx_word' id='word_1_411' title='bbox 1287 2426 1470 2458; x_wconf 85' lang='lat' dir='ltr'><strong>Concordiae</strong></span> <span class='ocrx_word' id='word_1_412' title='bbox 1485 2429 1660 2466; x_wconf 75' lang='lat' dir='ltr'><strong>haberetur,</strong></span> 
     </span>
     <span class='ocr_line' id='line_1_64' title="bbox 905 2469 1661 2511; baseline 0.005 -13"><span class='ocrx_word' id='word_1_413' title='bbox 905 2478 1011 2499; x_wconf 82' lang='lat' dir='ltr'><strong>omnes</strong></span> <span class='ocrx_word' id='word_1_414' title='bbox 1036 2469 1119 2505; x_wconf 89' lang='lat' dir='ltr'><strong>boni,</strong></span> <span class='ocrx_word' id='word_1_415' title='bbox 1133 2475 1218 2500; x_wconf 87' lang='lat' dir='ltr'><strong>veste</strong></span> <span class='ocrx_word' id='word_1_416' title='bbox 1240 2469 1368 2504; x_wconf 72' lang='lat' dir='ltr'><strong>mutata,</strong></span> <span class='ocrx_word' id='word_1_417' title='bbox 1384 2481 1416 2501; x_wconf 86' lang='lat' dir='ltr'><strong>se</strong></span> <span class='ocrx_word' id='word_1_418' title='bbox 1431 2481 1487 2511; x_wconf 88' lang='lat' dir='ltr'><strong>pro</strong></span> <span class='ocrx_word' id='word_1_419' title='bbox 1503 2471 1661 2502; x_wconf 86' lang='lat' dir='ltr'><strong>Ciceronis</strong></span> 
     </span>
     <span class='ocr_line' id='line_1_65' title="bbox 905 2511 1662 2554; baseline 0.005 -14"><span class='ocrx_word' id='word_1_420' title='bbox 905 2511 1008 2551; x_wconf 85' lang='lat' dir='ltr'><strong>capite</strong></span> <span class='ocrx_word' id='word_1_421' title='bbox 1029 2512 1068 2541; x_wconf 91' lang='lat' dir='ltr'><strong>ad</strong></span> <span class='ocrx_word' id='word_1_422' title='bbox 1087 2513 1184 2552; x_wconf 90' lang='lat' dir='ltr'><strong>pedes</strong></span> <span class='ocrx_word' id='word_1_423' title='bbox 1201 2512 1328 2543; x_wconf 88' lang='lat' dir='ltr'><strong>Gabinii</strong></span> <span class='ocrx_word' id='word_1_424' title='bbox 1343 2513 1562 2554; x_wconf 85' lang='lat' dir='ltr'><strong>projecerunt;</strong></span> <span class='ocrx_word' id='word_1_425' title='bbox 1584 2525 1662 2554; x_wconf 88' lang='lat' dir='ltr'><strong>quo-</strong></span> 
     </span>
     <span class='ocr_line' id='line_1_66' title="bbox 905 2555 1660 2595; baseline 0.005 -12"><span class='ocrx_word' id='word_1_426' title='bbox 905 2565 970 2584; x_wconf 90' lang='lat' dir='ltr'><strong>rum</strong></span> <span class='ocrx_word' id='word_1_427' title='bbox 996 2555 1138 2594; x_wconf 87' lang='lat' dir='ltr'><strong>precibus</strong></span> <span class='ocrx_word' id='word_1_428' title='bbox 1164 2555 1202 2585; x_wconf 91' lang='lat' dir='ltr'><strong>ab</strong></span> <span class='ocrx_word' id='word_1_429' title='bbox 1228 2555 1281 2585; x_wconf 89' lang='lat' dir='ltr'><strong>illo</strong></span> <span class='ocrx_word' id='word_1_430' title='bbox 1304 2557 1487 2595; x_wconf 87' lang='lat' dir='ltr'><strong>repudiatis,</strong></span> <span class='ocrx_word' id='word_1_431' title='bbox 1504 2556 1539 2586; x_wconf 88' lang='lat' dir='ltr'><strong>L.</strong></span> <span class='ocrx_word' id='word_1_432' title='bbox 1554 2556 1660 2587; x_wconf 89' lang='lat' dir='ltr'><strong>Mum·</strong></span> 
     </span>
     <span class='ocr_line' id='line_1_67' title="bbox 905 2596 1661 2637; baseline 0.005 -12"><span class='ocrx_word' id='word_1_433' title='bbox 905 2596 982 2626; x_wconf 84' lang='lat' dir='ltr'><strong>mins</strong></span> <span class='ocrx_word' id='word_1_434' title='bbox 995 2597 1033 2626; x_wconf 90' lang='lat' dir='ltr'><strong>ad</strong></span> <span class='ocrx_word' id='word_1_435' title='bbox 1049 2603 1189 2627; x_wconf 86' lang='lat' dir='ltr'><strong>senatum</strong></span> <span class='ocrx_word' id='word_1_436' title='bbox 1203 2599 1242 2627; x_wconf 88' lang='lat' dir='ltr'><strong>de</strong></span> <span class='ocrx_word' id='word_1_437' title='bbox 1256 2599 1415 2637; x_wconf 62' lang='lat' dir='ltr'><strong>republica</strong></span> <span class='ocrx_word' id='word_1_438' title='bbox 1427 2598 1546 2636; x_wconf 73' lang='lat' dir='ltr'><strong>retulit,</strong></span> <span class='ocrx_word' id='word_1_439' title='bbox 1570 2608 1661 2629; x_wconf 87' lang='lat' dir='ltr'><strong>sena-</strong></span> 
     </span>
     <span class='ocr_line' id='line_1_68' title="bbox 905 2640 1660 2682; baseline 0.005 -14"><span class='ocrx_word' id='word_1_440' title='bbox 905 2644 1015 2680; x_wconf 88' lang='lat' dir='ltr'><strong>tusque</strong></span> <span class='ocrx_word' id='word_1_441' title='bbox 1029 2640 1173 2682; x_wconf 83' lang='lat' dir='ltr'><strong>frequens</strong></span> <span class='ocrx_word' id='word_1_442' title='bbox 1188 2647 1304 2671; x_wconf 79' lang='lat' dir='ltr'><strong>vestem</strong></span> <span class='ocrx_word' id='word_1_443' title='bbox 1322 2651 1376 2681; x_wconf 90' lang='lat' dir='ltr'><strong>pro</strong></span> <span class='ocrx_word' id='word_1_444' title='bbox 1389 2641 1546 2672; x_wconf 83' lang='lat' dir='ltr'><strong>Ciceronis</strong></span> <span class='ocrx_word' id='word_1_445' title='bbox 1562 2641 1660 2673; x_wconf 83' lang='lat' dir='ltr'><strong>salute</strong></span> 
     </span>
     <span class='ocr_line' id='line_1_69' title="bbox 907 2682 1663 2722; baseline 0.005 -10"><span class='ocrx_word' id='word_1_446' title='bbox 907 2682 1086 2713; x_wconf 81' lang='lat' dir='ltr'><strong>mutandam</strong></span> <span class='ocrx_word' id='word_1_447' title='bbox 1100 2684 1238 2720; x_wconf 83' lang='lat' dir='ltr'><strong>censuit;</strong></span> <span class='ocrx_word' id='word_1_448' title='bbox 1264 2684 1318 2714; x_wconf 88' lang='lat' dir='ltr'><strong>sed</strong></span> <span class='ocrx_word' id='word_1_449' title='bbox 1331 2683 1472 2714; x_wconf 75' lang='lat' dir='ltr'><strong>consules</strong></span> <span class='ocrx_word' id='word_1_450' title='bbox 1487 2683 1663 2722; x_wconf 83' lang='lat' dir='ltr'><strong>edixerunt,</strong></span> 
     </span>
     <span class='ocr_line' id='line_1_70' title="bbox 907 2725 1598 2762; baseline 0.006 -8"><span class='ocrx_word' id='word_1_451' title='bbox 907 2729 942 2755; x_wconf 88' lang='lat' dir='ltr'><strong>ut</strong></span> <span class='ocrx_word' id='word_1_452' title='bbox 955 2725 993 2754; x_wconf 92' lang='lat' dir='ltr'><strong>ad</strong></span> <span class='ocrx_word' id='word_1_453' title='bbox 1011 2736 1099 2762; x_wconf 76' lang='lat' dir='ltr'><strong>suum</strong></span> <span class='ocrx_word' id='word_1_454' title='bbox 1116 2727 1259 2756; x_wconf 86' lang='lat' dir='ltr'><strong>vestitum</strong></span> <span class='ocrx_word' id='word_1_455' title='bbox 1280 2730 1437 2758; x_wconf 83' lang='lat' dir='ltr'><strong>senatores</strong></span> <span class='ocrx_word' id='word_1_456' title='bbox 1452 2725 1598 2760; x_wconf 81' lang='lat' dir='ltr'><strong>redirent.</strong></span> 
     </span>
    </p>

    <p class='ocr_par' dir='ltr' id='par_1_19' title="bbox 952 2767 1382 2809">
     <span class='ocr_line' id='line_1_71' title="bbox 952 2767 1382 2809; baseline -0.005 -9"><span class='ocrx_word' id='word_1_457' title='bbox 952 2769 1005 2800; x_wconf 69' lang='lat'><strong>23.</strong></span> <span class='ocrx_word' id='word_1_458' title='bbox 1025 2767 1083 2799; x_wconf 79' lang='lat' dir='ltr'><strong>Suo</strong></span> <span class='ocrx_word' id='word_1_459' title='bbox 1095 2769 1190 2809; x_wconf 67' lang='lat' dir='ltr'><strong>pari]</strong></span> <span class='ocrx_word' id='word_1_460' title='bbox 1236 2767 1382 2800; x_wconf 85' lang='lat' dir='ltr'><strong>Gabinio.</strong></span> 
     </span>
    </p>
   </div>
   <div class='ocr_carea' id='block_1_14' title="bbox 1414 954 1719 1004">
    <p class='ocr_par' dir='ltr' id='par_1_20' title="bbox 1414 954 1719 1004">
     <span class='ocr_line' id='line_1_72' title="bbox 1414 954 1719 1004; baseline 0.003 -9"><span class='ocrx_word' id='word_1_461' title='bbox 1414 954 1475 996; x_wconf 91' lang='lat' dir='ltr'><strong>Tu</strong></span> <span class='ocrx_word' id='word_1_462' title='bbox 1499 969 1543 996; x_wconf 86' lang='lat' dir='ltr'><strong>es</strong></span> <span class='ocrx_word' id='word_1_463' title='bbox 1566 955 1652 1004; x_wconf 92' lang='lat' dir='ltr'><strong>ille,</strong></span> <span class='ocrx_word' id='word_1_464' title='bbox 1668 955 1719 996; x_wconf 81' lang='lat'><strong>15</strong></span> 
     </span>
    </p>
   </div>
   <div class='ocr_carea' id='block_1_15' title="bbox 1363 1518 1723 1567">
    <p class='ocr_par' dir='ltr' id='par_1_21' title="bbox 1363 1518 1723 1567">
     <span class='ocr_line' id='line_1_73' title="bbox 1363 1518 1723 1567; baseline 0.003 -7"><span class='ocrx_word' id='word_1_465' title='bbox 1363 1518 1471 1567; x_wconf 84' lang='lat' dir='ltr'><strong>Quis</strong></span> <span class='ocrx_word' id='word_1_466' title='bbox 1492 1519 1576 1562; x_wconf 88' lang='lat' dir='ltr'><strong>hoc</strong></span> <span class='ocrx_word' id='word_1_467' title='bbox 1598 1520 1723 1566; x_wconf 58' lang='grc' dir='ltr'>ξιξ-25</span> 
     </span>
    </p>
   </div>
  </div>
 </body>
</html>
