1858 3095
699 169 751 202 ΙΝ
781 169 997 203 PISONEM.
1614 163 1698 208 293

126 253 230 296 XV.
261 252 401 303 Quid?
430 251 564 309 quod,
586 251 684 293 cum
706 257 945 293 sustentare
967 251 1039 292 vix
1061 264 1210 308 posses
1240 259 1466 290 moerorem
1486 251 1622 297 tuum,

68 311 344 367 doloremque
376 308 655 359 decessionis,
699 308 1039 350 Samothraciam
1082 315 1121 349 te
1153 306 1347 363 primum,
1387 303 1488 361 post
1522 297 1621 343 inde

67 367 268 418 Thasum,
291 380 390 408 cum
422 365 507 407 tuis
529 365 686 407 teneris
723 366 1011 416 saltatoribus,
1042 371 1085 406 et
1111 379 1209 405 cum
1230 362 1465 408 Autobulo,
1487 359 1624 400 Atha-

69 432 225 474 mante,
236 431 280 464 et
294 423 500 473 Timocle‚
510 422 709 463 formosis
727 422 941 472 fratribus,
955 421 1202 462 contulisti?
1251 419 1346 460 uid?
1364 416 1493 474 quod,
1510 415 1621 466 cum,

67 479 168 521 inde·
182 487 224 521 te
241 479 513 535 recipiens,in
528 479 630 519 villa
645 479 991 534 Eucliadiae,quae
1011 478 1090 518 fuit
1106 435 1433 530 uxorqixegisth
1447 472 1623 528 jacuisti
1668 462 1694 501 5

68 550 251 577 moerens
265 535 429 591 aliquot
447 535 561 581 dies:
583 543 711 591 atque
728 536 828 576 inde
847 535 1088 575 ²obsoletus
1108 531 1471 579 Thessalonicam,
1489 528 1623 569 omni-

66 593 147 633 bus
170 591 468 643 inscientibus,
490 601 721 647 noctuque,
737 591 890 632 venisti
904 593 920 631 ’.θ
952 590 1133 647 quicum
1148 601 1401 629 concursum
1423 585 1623 641 ploranti-

69 663 141 690 um
161 663 212 690 ac
232 656 531 704 tempestatem
553 649 820 704 querelarum
842 648 946 688 ferre
969 661 1052 687 non
1074 659 1239 701 posseS,
1261 645 1303 684 in
1324 642 1529 698 oppidum
1549 641 1624 682 de-

66 705 183 746 vium
206 704 403 746 Beroeam
425 705 669 761 profugisti:
702 718 786 759 quo
810 704 852 743 in
873 702 1034 758 oppido
1058 701 1154 742 cum
1174 701 1251 742 tibi
1273 715 1348 756 spe
1368 698 1493 746 salsa,
1540 697 1623 738 uod

68 761 121 810 Q.
138 762 400 803 Ancharium
416 776 501 802 non
517 775 610 802 esse
627 773 925 800 successurum
943 765 1130 815 putares,
1145 757 1309 798 animos
1323 713 1623 796 rumoriniiias-
1644 745 1696 786 10

68 825 152 870 set3
183 832 270 874 quo
291 825 334 858 te
356 818 484 858 modo
507 818 561 857 ad
582 824 699 857 tuam
724 815 1110 871 intemperantiam,
1133 814 1354 863 scelerate,
1377 809 1624 852 innovasti?

66 874 200 915 Mitto
230 887 380 914 aurum
408 873 690 924 coronarium,
712 873 829 928 quod
859 879 901 913 te
923 870 1161 912 diutissime
1192 870 1334 921 torsit;
1366 868 1463 910 cum
1493 866 1623 909 modo

67 930 215 981 velles,
236 929 364 971 modo
385 930 541 971 nolles:
575 930 642 970 lex
663 929 775 970 enim
796 929 941 984 generi
959 928 1019 970 tui
1034 936 1077 969 et
1090 927 1277 977 decerni,
1294 934 1337 967 et
1352 933 1394 966 te
1410 924 1622 980 accipere,

68 987 259 1038 vetabat,
279 986 362 1027 nisi
383 986 555 1028 decreto
576 985 806 1041 triumpho.
868 985 885 1026 Ι
892 1001 918 1025 n
939 999 1022 1040 quo
1044 991 1106 1036 tu,
1129 983 1309 1039 acceptu
1330 990 1475 1023 tamen
1492 988 1535 1022 et
1551 981 1623 1022 de-

69 1043 218 1085 vorata
248 1043 445 1099 pecunia,
466 1050 515 1084 ut
544 1043 589 1083 in
610 1043 868 1084 Achaeorum
899 1049 1071 1083 centum
1103 1040 1290 1090 talentis,
1312 1053 1506 1080 evomere
1536 1051 1623 1079 non
1645 1028 1695 1069 15

68 1107 258 1156 poteras:
280 1100 489 1141 vocabula
504 1099 671 1140 tantum
693 1099 984 1154 pecuniarum,
1002 1105 1045 1139 et
1059 1111 1229 1154 genera,
1247 1096 1456 1137 mutabas.
1488 1094 1621 1136 Mitto

69 1156 306 1212 diplomata
326 1156 420 1197 tot-a
451 1156 494 1196 in
523 1155 747 1212 provincia
778 1155 939 1211 passim
969 1156 1085 1196 data:
1118 1154 1241 1195 mitto
1263 1166 1485 1194 numerum
1504 1150 1623 1192 navi-

69 1227 156 1263 um,
185 1213 503 1268 bsummamque
538 1213 712 1269 praedae:
752 1212 876 1253 mitto
914 1212 1122 1253 rationem
1161 1209 1301 1251 exacti
1341 1208 1622 1265 imperatique

69 1270 289 1311 frumenti:
330 1269 453 1310 mitto
495 1278 683 1324 ereptam
719 1268 959 1310 libertatem
999 1268 1185 1324 populiS‚
1225 1281 1277 1307 ac
1317 1265 1513 1322 singulis,
1547 1263 1623 1321 qui

69 1333 190 1367 erant
210 1325 354 1367 affecti
385 1325 569 1381 praemiis
588 1325 863 1375 nominatim;
894 1339 1075 1381 quorum
1096 1323 1204 1365 nihil
1223 1329 1301 1373 est,
1323 1323 1438 1378 quod
1460 1336 1546 1363 non
1567 1320 1625 1362 sit
1640 1312 1696 1353 20

69 1383 163 1439 lege
193 1382 326 1433 Julia,
348 1396 401 1424 ne
433 1381 523 1423 fieri
554 1382 695 1430 liceat,
716 1382 931 1422 sancitum
963 1381 1206 1437 diligenter.
1266 1379 1488 1430 AEtoliam‚
1510 1393 1622 1434 quae,

70 1439 220 1495 procul
243 1438 269 1480 ὲ
289 1439 479 1480 barbaris
500 1438 718 1495 disjuncta
749 1438 963 1495 gentibus,
982 1437 1029 1478 in
1047 1437 1145 1478 sinu
1167 1436 1285 1493 pacis
1306 1435 1460 1492 posita,
1479 1434 1623 1476 medio

69 1495 157 1537 fere
185 1495 365 1538 Graeciae
395 1495 557 1551 gremio
593 1495 850 1546 continetur,
872 1498 917 1547 (o
955 1494 1114 1536 Poena!
1146 1507 1172 1535 o
1203 1492 1332 1535 Furia
1366 1491 1624 1542 socioruml)

318 1663 550 1704 asardidus.
837 1662 1144 1715 ¹¹magnamque
1159 1661 1372 1715 proedam.

911 1861 963 1893 15.
993 1859 1289 1900 UtinAchaemum]
1335 1859 1387 1890 Sic
1413 1858 1514 1889 locum
1541 1856 1626 1886 hunc

867 1904 1032 1934 restituunt
1053 1903 1226 1939 Turnebus,
1243 1903 1405 1937 Gruterus,
1421 1907 1453 1931 et
1475 1899 1627 1933 Graevius,

868 1947 885 1978 ὲ
903 1946 1000 1977 MSS.
1047 1945 1132 1976 Olim
1158 1946 1234 1976 editi
1261 1945 1379 1975 habeut
1406 1942 1627 1976 Utinachomm.

110 1868 140 1896 2.
171 1865 422 1907 Samothraciam]
483 1864 695 1896 Samothracia
723 1862 824 1894 insula

67 1914 115 1940 est
130 1909 162 1939 iu
179 1910 253 1939 mari
270 1910 381 1951 AEgaeo
391 1909 482 1950 juxta
497 1909 650 1939 Lemnon.

105 1953 139 2023 ¹3.
165 1951 317 1993 nasum]
363 1952 402 1982 Iu
417 1952 530 1982 eodem
552 1951 629 1981 mari
643 1950 755 1991 AEgaeo
778 1948 825 1978 in-

68 2005 102 2024 su
118 2004 146 2026 a.

110 2038 142 2067 7.
165 2036 341 2067 Concursum
353 2036 562 2077 plorantium]
600 2035 664 2066 Eos
680 2035 824 2075 designat

66 2080 119 2120 qui
135 2082 234 2110 vexati
249 2081 369 2110 fuerant
385 2081 403 2109 ἐι
419 2080 545 2110 Pisone.

112 2125 142 2153 9.
166 2122 321 2164 Beroeam]
377 2122 490 2153 Bcroea
517 2120 715 2151 Macedoniae
743 2119 826 2154 urbs,

66 2166 205 2196 Thraciae
219 2165 449 2196 Thessalonicae
462 2165 612 2205 proxima.

113 2212 164 2239 10.
197 2208 408 2249 Ancharium]
469 2206 642 2237 Ancharius
671 2214 828 2236 successor

70 2251 192 2283 Pisonis
207 2251 238 2281 in
254 2251 415 2292 provincia
431 2249 653 2281 Macedonica.

113 2297 164 2325 12.
189 2294 306 2325 Aurum
329 2292 538 2333 coronarium]
595 2292 714 2322 Aurum
743 2300 829 2320 coro-

69 2337 188 2368 narium
201 2337 325 2374 dicitur,
334 2337 417 2378 quod
433 2336 450 2366 a
461 2336 548 2366 victis
562 2335 706 2376 gentibus
716 2334 806 2363 datur
818 2342 828 2370 ;

69 2380 273 2421 imponebant
286 2387 389 2410 autem
400 2379 477 2409 illud
490 2379 692 2419 imperatores
703 2381 829 2417 propter

68 2432 247 2454 concessam
262 2423 375 2453 vitam.-
400 2421 460 2458 vel,
475 2426 508 2451 ut
521 2422 564 2451 ait
580 2420 713 2456 Gellius,
727 2419 780 2449 lib.
798 2418 828 2447 5.

72 2475 142 2506 cap.
159 2468 190 2496 6.
216 2465 414 2505 Triumphales
434 2475 542 2494 wronae
563 2469 631 2493 sunt
654 2473 748 2493 aureae
770 2471 832 2502 qucc

72 2509 290 2548 imperatoribus
305 2509 338 2538 ob
353 2508 485 2538 honorem
500 2507 642 2546 triumphi
656 2507 828 2536 mittuntur.

76 2550 111 2579 Id
124 2551 211 2592 vulgo
225 2552 336 2582 dicitur
345 2561 454 2581 aurum
465 2551 659 2581 coronarium.
689 2547 742 2578 Hae
753 2548 831 2578 anti-

72 2593 171 2633 quitus
183 2594 198 2623 ἐ
213 2594 298 2624 lauro
309 2599 403 2630 erant,
416 2593 556 2632 pbstfieri
571 2603 601 2622 ea·
617 2602 689 2621 auro
701 2597 806 2630 coeptae.

120 2637 170 2666 13.
196 2635 254 2666 La
266 2638 342 2666 enim
355 2637 455 2677 generi
469 2636 540 2676 tui.]
579 2634 643 2664 Lex
655 2633 752 2668 Julia,
768 2633 831 2662 lata

76 2678 93 2707 εἶ
110 2677 194 2709 Julio
207 2677 339 2716 Caesare,
352 2679 491 2715 vetabat,
504 2688 545 2707 ne
561 2678 624 2715 cui,
641 2677 694 2718 qui
716 2677 748 2706 iu
765 2686 834 2716 pro-

75 2720 179 2752 vincia
193 2731 264 2751 cum
280 2726 431 2762 potestate
447 2721 616 2762 imperiove
633 2724 725 2756 esset,
737 2729 833 2760 pecu-

75 2765 159 2794 niam
189 2774 301 2804 capere
328 2764 376 2794 vel
407 2764 571 2795 conciliare
602 2763 724 2799 liceret,
750 2766 835 2791 extra

74 2807 167 2848 quam
180 2807 206 2838 si
220 2807 260 2837 ad
274 2805 505 2843 monimentum,
518 2807 705 2847 templumve
717 2803 835 2845 capiat.

869 2000 938 2031 quae
976 2000 1035 2019 vox
1071 1988 1159 2019 nihili
1197 1993 1254 2019 est.
1300 1988 1374 2023 Sed,
1403 1987 1475 2021 Quis
1511 1986 1628 2025 ignorat

866 2033 981 2063 Achaeos
1000 2035 1142 2072 ingentem
1165 2032 1318 2070 pecuniam
1337 2031 1459 2070 pendere
1474 2028 1510 2058 L.
1528 2027 1630 2057 Pisoni

868 2075 1037 2116 quotannis?
1058 2074 1160 2115 inquit
1187 2073 1254 2104 Cic.
1282 2073 1316 2103 in
1349 2074 1435 2104 Orat.
1462 2072 1503 2101 de
1533 2068 1627 2100 Prov-

871 2119 965 2149 cons.
981 2127 1008 2147 c.
1024 2119 1056 2147 3.

914 2160 961 2190 Ib.
988 2159 1122 2190 Evomere
1143 2169 1202 2188 ‘non
1223 2157 1362 2198 poteras]
1417 2155 1627 2196 Metaphora:

870 2203 903 2233 id
925 2209 983 2238 est,
998 2202 1168 2243 rependere
1191 2201 1275 2231 illam
1298 2200 1477 2241 pecuniam,
1494 2208 1585 2240 quarn
1610 2197 1630 2228 ἐ.

873 2245 1034 2288 provincia
1051 2244 1228 2275 abstulerat.

917 2291 968 2319 16.
996 2286 1296 2327 Vocabutatautztmq
1334 2284 1503 2316 Pecuniam
1519 2294 1631 2326 accep-

871 2337 946 2367 tam,
955 2342 1015 2361 non
1027 2331 1219 2361 coronarium
1231 2329 1410 2365 aurum,sed
1423 2328 1484 2358 alio
1495 2327 1631 2364 nomine,

873 2374 1065 2415 appellabat.

916 2417 965 2447 Ib.
991 2416 1081 2447 Mitto
1094 2414 1280 2456 diplomata]
1322 2413 1506 2456 Diplomata
1528 2412 1633 2444 edicta

875 2465 946 2491 sunt
971 2466 1003 2490 et
1030 2460 1176 2490 mandata
1214 2457 1401 2498 principum,
1431 2458 1515 2498 regio
1544 2456 1632 2497 signo

875 2508 992 2534 saucta.
1034 2501 1104 2533 Nos
1129 2501 1222 2542 vulgo
1248 2501 1379 2532 dicimus
1408 2501 1506 2532 literas
1532 2505 1633 2539 paten-

874 2552 924 2576 tes.

919 2591 971 2620 18.
1007 2585 1384 2629 Imperatiquesrumenti]
1433 2585 1631 2616 Frumentum

871 2631 1061 2672 jubebantur
1088 2631 1160 2660 dare
1189 2629 1394 2671 provinciales
1420 2629 1458 2658 ad
1487 2627 1634 2657 alendum

877 2675 1047 2704 exercitum
1063 2673 1267 2713 proconsulis.

922 2719 975 2746 ⁶21.
997 2716 1166 2758 AEeotiam.]
1213 2713 1335 2746 AEtolia
1359 2710 1489 2742 Acharae
1512 2709 1635 2753 regiun-

878 2759 949 2790 cula
972 2764 1030 2796 cst,
1045 2759 1154 2801 Epiro,
1171 2757 1366 2792 Acarnaniae,
1382 2760 1414 2786 ct
1437 2754 1553 2792 Locris,
1569 2754 1638 2785 fini-

880 2802 967 2833 tima.

1215 2855 1243 2882 Y
1275 2842 1303 2882 2
