1790 3090
74 131 157 182 342

764 146 1072 191 PRO-MILONE.

150 220 338 276 praemiis
365 222 531 264 afficere
559 221 670 263 bene
699 224 871 266 meritos
899 225 952 266 de
983 222 1205 280 republica
1226 223 1364 274 cives3
1393 222 1472 265 viri
1494 222 1631 275 fortis,
1661 227 1717 265 ne

151 278 375 334 suppliciis
403 278 577 334 quidem
609 280 785 332 moveri,
817 287 864 322 ut
893 281 1057 323 sortiter
1087 280 1243 322 fecisse
1273 280 1497 337 poeniteat.

1557 280 1718 328 Quam·

77 328 134 385 90
153 335 299 377 obrem
329 341 520 376 uteretur
549 335 699 377 eadem
730 337 1001 379 confessione
1031 337 1080 378 T.
1108 337 1290 389 Annius,
1321 337 1408 394 qua
1446 337 1600 387 Ahala,
1631 336 1721 393 quii

98 392 101 393 ⁷
153 392 330 441 Nasica,
352 391 438 447 qua
456 391 670 448 Opimius,
692 393 779 448 qua
802 394 980 445 Marius,
1013 394 1101 450 qua
1119 401 1290 435 nosmet
1310 394 1420 450 ipsi3
1452 400 1509 445 et,
1541 392 1577 434 si
1600 399 1721 449 grata

152 448 398 504 respublica
417 456 545 501 esset,
576 450 812 503 laetaretur3
851 451 885 491 si
907 452 1088 507 ingrata,
1118 458 1276 501 tamen,
1306 451 1350 491 in
1381 450 1498 507 gravi
1530 449 1718 501 fortuna,

57 1749 137 1792 115

155 504 425 546 conscientia
445 506 524 547 sua
546 506 760 548 niteretur.

821 506 907 548 Sed
927 508 1054 563 hujus
1088 507 1284 549 beneficii
1314 507 1508 564 gratiam,
1533 506 1722 562 judices,

117 613 132 619 -
154 562 326 603 fortuna
342 562 491 619 populi
514 563 713 615 Romani,
745 570 789 605 et
807 570 948 605 vestra
966 564 1165 616 felicitas,
1188 570 1231 606 et
1250 563 1310 605 dii
1331 564 1607 614 immortales,
1638 562 1723 603 sibi·

80 613 136 653 90
156 619 303 660 deberi
324 626 491 675 putant.
539 620 633 662 Nec
650 620 750 662 verb
771 621 998 678 quisquam
1020 621 1144 662 aliter
1163 620 1355 662 arbitrari
1376 627 1534 677 potest,
1551 619 1634 661 nisi
1648 618 1723 676 qui

154 676 318 716 nullam
349 675 460 717 dvini
492 691 585 718 esse
619 677 751 729 ducit,
791 693 1002 720 numenve
1042 678 1256 719 divinum:
1297 692 1427 735 quem
1463 692 1602 734 neque
1646 676 1724 717 im-

153 732 261 788 perii
284 733 412 774 vestri
430 734 696 789 magnitudo,
717 749 858 791 neque
880 736 945 776 sol
966 735 1054 786 ille,
1086 750 1168 777 nec
1190 734 1289 776 eceli
1310 735 1616 791 signorumque
1637 747 1725 774 mo-

154 797 241 840 tus,
272 804 352 831 nec
373 789 692 833 vicissitudines
722 806 861 833 rerum
892 798 1021 848 atque
1053 792 1222 834 ordines
1253 799 1442 843 movent,
1472 805 1613 847 neque
1645 789 1724 846 (id,

156 846 274 902 quod
308 846 540 887 maximum
576 851 659 899 est)
690 849 898 904 majorum
931 857 1172 890 nostrorum
1206 849 1441 906 sapientia3
1481 848 1556 904 qui
1588 861 1723 897 sacra,

56 895 137 937 100
156 902 229 957 qui
261 903 541 955 caerimonias,
573 904 646 957 qui
678 905 884 960 auspicia,
919 911 962 945 et
991 905 1074 960 ipsi
1105 903 1376 945 sanctissime
1409 904 1649 955 coluerunt,
1682 909 1726 944 et

155 958 280 999 nobis
303 959 391 999 suis
412 959 594 1014 posteris
607 960 903 1016 prodiderunt.

962 961 1057 1012 Est,
1078 967 1144 1001 est
1164 960 1359 1016 profecti>
1376 961 1450 1002 illa
1467 962 1552 1003 vis:
1584 975 1724 1016 neque

154 1015 200 1056 in
227 1015 293 1056 his
323 1016 586 1072 corporibus,
626 1024 756 1073 atque
777 1017 821 1057 in
841 1017 926 1058 hac
948 1016 1242 1058 imbecillitate
1270 1017 1430 1068 nosti-2⁶2,
1461 1017 1574 1058 inest
1603 1017 1726 1073 quid-

156 1072 270 1123 dam,
303 1073 419 1128 quod
439 1072 584 1129 vigeat
614 1080 657 1114 et
688 1073 859 1125 sentiat,
892 1080 936 1115 et
965 1088 1051 1114 nou
1082 1073 1196 1115 inest
1225 1074 1270 1113 in
1299 1073 1381 1114 hoc
1413 1080 1533 1115 tanto
1563 1082 1727 1114 naturae

156 1134 244 1170 tam
267 1131 471 1184 praeclaro
492 1137 638 1181 motu3
676 1131 758 1172 nisi
780 1130 888 1171 forte
910 1129 1074 1171 idcirco
1098 1145 1191 1172 esse
1213 1145 1300 1171 non
1322 1137 1489 1186 putant,
1519 1129 1620 1187 quia
1639 1144 1727 1172 non

56 1178 137 1221 105
157 1194 350 1242 apparet,
391 1202 472 1228 nec
512 1187 722 1229 cernitur:
765 1186 944 1243 proinde
981 1188 1103 1243 quasi
1133 1194 1324 1229 nostram
1353 1188 1494 1243 ipsam
1525 1194 1727 1238 mentem,

157 1243 243 1298 quii
264 1242 469 1299 sapimus,
501 1244 586 1300 qua
605 1244 893 1300 providemus,
924 1245 1011 1301 qua
1031 1244 1124 1285 haec
1145 1245 1240 1300 ipsa
1259 1244 1426 1301 agimus
1446 1259 1498 1285 ac
1525 1243 1726 1295 dicimus,

155 1299 316 1351 videre,
347 1311 422 1341 aut
447 1300 588 1357 plane,
622 1302 761 1357 qualis
791 1309 864 1343 aut
883 1302 956 1342 ubi
979 1301 1049 1352 sit,
1082 1302 1238 1342 sentire
1261 1301 1490 1357 possimus.
1551 1299 1616 1342 Ea
1645 1300 1726 1352 vis,

157 1371 208 1398 ea
230 1365 297 1398 est
320 1357 450 1413 igitur
468 1358 577 1413 ipsa,
609 1373 704 1414 quae
733 1374 846 1414 saepe
872 1358 1148 1400 incredibiles
1168 1359 1269 1399 huic
1293 1358 1386 1399 urbi
1414 1357 1642 1399 felicitates
1663 1365 1728 1398 at-

157 1429 239 1469 que
261 1428 365 1470 opes
386 1415 552 1466 attulit3
592 1431 687 1471 quae
716 1415 833 1456 illam
861 1414 1091 1471 perniciem
1124 1415 1308 1456 extinxit
1337 1430 1388 1456 ac
1421 1415 1619 1466 sustulit;
1657 1414 1731 1454 cui*

56 1463 138 1507 110
158 1470 342 1526 primum
364 1479 552 1512 mentem
572 1471 734 1527 injecit,
767 1479 813 1512 ut
832 1473 873 1513 vi
896 1472 1073 1523 irritare,
1097 1472 1292 1528 ferroque
1314 1472 1526 1513 lacessere
1546 1470 1729 1512 foi—tissi*

156 1542 274 1568 mum
294 1527 428 1568 virum
451 1529 642 1580 auderet,
674 1529 994 1585 vincereturque
1018 1530 1071 1570 ab
1093 1544 1158 1581 eo,
1191 1544 1319 1586 quern
1340 1529 1376 1570 si
1397 1528 1588 1580 vicisset,
1609 1528 1730 1569 habi-

155 1591 277 1626 turus
297 1592 413 1625 esset
434 1585 732 1641 impunitatem
754 1593 797 1627 et
817 1586 1036 1627 licentiam
1058 1586 1375 1642 sempiternam.

1447 1585 1546 1626 Non
1568 1592 1635 1626 est
1654 1585 1731 1625 hu-

156 1656 285 1682 mano
327 1642 523 1693 consilio,
562 1658 615 1683 ne
647 1643 853 1685 mediocri
890 1643 1080 1699 quidem,
1112 1642 1301 1698 judices,
1341 1643 1517 1684 deorum
1555 1641 1728 1683 immor-

156 1698 309 1739 talium
328 1698 447 1750 cura,
478 1714 544 1740 res
566 1699 636 1740 illa
656 1701 861 1756 perfecta.
923 1699 1170 1755 Religiones
1193 1700 1471 1752 (mehercule)
1492 1699 1612 1755 ipsae,
1633 1713 1730 1755 quae

156 1754 274 1796 illam
304 1755 489 1797 belluam
519 1756 672 1798 cadere
704 1757 914 1807 viderunt,
952 1757 1236 1798 commovisse
1269 1772 1313 1798 se
1345 1756 1554 1806 videntur,
1586 1763 1630 1798 et
1653 1756 1726 1812 jus

156 1811 202 1852 in
237 1812 312 1853 illo
341 1827 464 1854 suum
497 1813 737 1854 retinuisse.

798 1813 889 1855 Vos
923 1813 1037 1854 enim
1069 1814 1176 1869 jam,
1212 1813 1371 1855 Albani
1407 1813 1559 1854 tumuli
1598 1820 1729 1868 atque

156 1868 259 1921 luci,
290 1883 383 1921 vos,
419 1869 608 1925 inquam,
640 1869 836 1926 imploro,
871 1876 998 1926 atque
1032 1871 1236 1922 obtestor,
1269 1885 1433 1927 vosque
1464 1870 1727 1911 Albanorum

370 1983 598 2024 dilaturam
621 1985 815 2025 divinam
837 1983 912 2039 [al.
936 1987 1017 2025 vim
1041 1985 1263 2038 eoelestem]
1284 1988 1513 2027 emistimat.

203 2109 253 2138 90.
270 2106 335 2141 Qud
350 2107 477 2147 Ahala]
521 2106 572 2138 De
587 2118 624 2138 eo
638 2107 756 2138 dictum
771 2112 829 2144 cst,
841 2107 922 2138 aliis-

159 2161 232 2191 que,
257 2150 408 2187 superius.

204 2197 254 2224 91.
282 2194 347 2228 sz
363 2199 465 2224 nosmet
481 2193 560 2233 ipsi-J}
608 2193 734 2224 Iudicat
755 2193 923 2233 coujurati-

158 2237 225 2267 onis
261 2237 437 2278 participes,
476 2237 642 2267 Lentulum
673 2243 704 2267 et
738 2236 923 2279 Cethegum,

159 2291 236 2321 quos
251 2281 358 2310 consul
374 2279 641 2310 senatus-decreto
653 2281 815 2311 interfecit.

203 2325 255 2353 93.
281 2324 458 2353 Conscientia
473 2323 486 2362 ]
523 2323 647 2364 Nempe
664 2323 801 2362 praeclari
816 2324 862 2354 sui
877 2324 924 2354 sa-

157 2376 280 2396 cineris.

203 2410 255 2439 94.
278 2408 412 2438 Fortuna
423 2409 524 2448 populi
540 2408 690 2449 Ramanig]
726 2409 922 2445 Plutarchus,

156 2450 189 2480 in
213 2451 266 2481 lib.
281 2451 321 2480 de
341 2451 473 2481 Fortuna
491 2451 714 2487 Romanorum,
735 2462 839 2482 eorum
864 2452 921 2481 im-

157 2495 237 2534 perii
257 2494 347 2524 inilia
370 2500 401 2523 et
424 2495 614 2524 incrementa
636 2494 666 2524 vi
680 2495 822 2524 Fortunae
838 2496 920 2525 sacta

157 2547 226 2567 esse
242 2536 358 2573 scribit,
381 2536 481 2577 eaque
503 2538 543 2566 dc
557 2537 649 2567 causi]
665 2537 795 2577 plurima
810 2538 920 2568 Fortu-

157 2590 206 2610 11ae
223 2580 339 2620 templa
354 2580 385 2609 in
405 2580 488 2610 Urbe
506 2580 648 2610 dedicata
665 2580 771 2610 fuisse.

203 2625 276 2653 109.
300 2622 573 2662 Ilffimperniciem]
621 2623 793 2654 Perniciem
810 2622 919 2664 appel-

159 2665 202 2695 lat
218 2666 377 2704 Clodium,
400 2665 484 2706 quiid
502 2666 563 2695 suis
579 2666 745 2696 sceleribus
766 2672 797 2696 et
811 2666 922 2707 impie-

158 2714 222 2739 tate
236 2708 372 2748 Reipub.
389 2709 558 2748 perniciem
575 2708 733 2739 afferebat.

205 2754 277 2781 114.
303 2752 493 2792 ,lielr'gioneaJ
533 2751 712 2792 Religioncs
734 2752 920 2793 vocatipsas

159 2794 357 2831 caerinwnias,
374 2796 484 2835 quibus
502 2795 531 2826 in
545 2794 605 2826 suis
619 2795 773 2828 sacrificiis
789 2797 919 2827 uteban-

966 2113 1024 2140 tur.
1070 2108 1252 2150 Religiones
1282 2113 1386 2140 autern
1409 2108 1426 2139 εἰ
1452 2108 1613 2149 religando
1639 2108 1731 2140 dictae

966 2156 1048 2183 sunt.
1072 2152 1177 2188 Unde,
1191 2152 1244 2193 qui
1255 2153 1422 2193 diligenter
1431 2153 1595 2184 observant
1607 2162 1675 2193 quae
1689 2152 1729 2183 ad

966 2195 1156 2226 caerimonias
1174 2195 1340 2236 pertinent,
1363 2196 1495 2236 religiosi
1509 2195 1663 2226 dicuntur.

1011 2240 1084 2269 116.
1109 2239 1216 2269 Albani
1241 2239 1374 2280 tumuli]
1419 2239 1480 2270 Vel
1501 2238 1635 2270 colliculi
1659 2243 1731 2269 sunt

967 2285 997 2311 et
1008 2282 1067 2312 loci
1081 2282 1310 2318 eminentiores,
1320 2283 1350 2312 in
1359 2281 1470 2323 quibus
1477 2292 1536 2311 arae
1543 2281 1729 2323 quibusdam

965 2325 1143 2355 numinibus
1167 2326 1319 2355 dedicaiae
1334 2326 1470 2361 fuerunt,
1492 2324 1540 2355 vel
1563 2324 1656 2355 etiam
1680 2335 1730 2354 se-

966 2367 1072 2406 pulcra
1095 2375 1126 2398 et
1150 2369 1341 2398 monimenta
1362 2373 1500 2398 veterum
1524 2366 1729 2404 Albanorum,

965 2410 1019 2451 qui
1035 2410 1076 2440 ibi
1092 2417 1162 2442 ante
1178 2411 1293 2442 Urbem
1308 2411 1463 2442 conditam
1480 2410 1593 2450 sepulti
1609 2415 1690 2442 sunt.

1010 2455 1084 2485 117.
1108 2454 1211 2495 Luci.]
1266 2454 1344 2485 Luci
1365 2464 1490 2484 nemora
1514 2462 1613 2493 opaca
1644 2461 1729 2490 nunt,

965 2500 997 2524 et
1011 2498 1118 2532 densa,
1141 2509 1209 2538 quae
1232 2497 1407 2527 numinibus
1423 2502 1602 2527 consecrata
1617 2507 1726 2527 cense-

964 2538 1086 2575 bantur,
1111 2546 1143 2569 ut
1158 2551 1195 2569 ex
1213 2540 1313 2570 multis
1330 2539 1450 2580 Virgilii
1472 2539 1546 2569 locis
1569 2539 1643 2569 licet
1663 2540 1728 2570 co!-

963 2581 1072 2621 ligere.
1119 2582 1197 2612 Luci
1218 2588 1321 2613 autem
1339 2583 1414 2612 ‹iicti
1429 2588 1500 2611 sunt
1515 2581 1562 2612 vel
1579 2593 1633 2622 per
1647 2583 1729 2613 anti-

964 2626 1110 2664 phrasim,
1126 2625 1208 2666 quod
1228 2625 1350 2656 minime
1365 2625 1502 2656 lucerent
1515 2631 1640 2666 propter
1649 2631 1732 2667 opa·'

965 2667 1101 2703 citatem,
1125 2668 1172 2698 vel
1196 2668 1276 2709 qudd
1302 2669 1393 2698 etiam
1417 2668 1512 2698 cereis
1535 2674 1567 2698 et
1593 2669 1727 2710 ignibus,

965 2710 1019 2751 qui
1034 2711 1065 2742 in
1082 2712 1210 2743 deorum
1227 2713 1373 2744 honorem
1387 2712 1650 2750 accendebantur,
1665 2713 1728 2744 eol-

966 2754 1114 2786 luccrent.
