1790 3090
71 197 130 239 86

744 201 796 234 IN
820 200 1077 236 CATILINAM
1100 202 1129 234 Ι.

150 275 295 318 cebas.
341 276 480 325 Quid?
504 274 605 318 eum
621 280 669 319 tu
683 282 724 319 te
738 277 956 320 Praeneste
972 277 1158 320 Kalend.
1176 277 1282 336 ipsis
1297 276 1509 320 Novemb.
1527 291 1713 335 occupa-

151 338 294 374 turum
316 341 527 375 nocturno
548 333 711 390 impetu
728 351 822 377 esse
844 336 1103 387 confideres3
1135 336 1383 377 sensisti-ne
1404 335 1523 376 illam
1549 335 1713 377 coloni-

75 382 134 424 40
153 405 222 431 am
237 391 480 446 meojussu,
497 392 603 431 meis
618 392 843 446 praesidiis,
859 392 1084 444 custodiis,
1102 393 1359 449 vigiliisque,
1374 407 1467 434 esse
1481 391 1713 433 munitam?

153 447 273 488 Nihil
315 461 423 503 agis,
464 447 571 487 nihil
604 448 781 500 moliris,
819 448 927 489 nihil
976 450 1157 504 cogitaS,
1195 450 1311 505 quod
1345 463 1426 505 ego
1459 463 1547 490 non
1586 447 1715 489 modo

155 503 343 554 audiam,
358 503 576 545 sedetiam
590 503 774 555 videam,
790 503 1002 560 planeque
1016 506 1211 547 sentiam.
1244 506 1525 562 Recognosce
1540 504 1717 546 tandem

153 575 322 601 mecum
335 561 453 601 illam
469 560 729 616 superiorem
745 568 937 601 noctem:
963 562 1054 616 jam
1070 561 1286 618 intelliges
1303 564 1438 603 multo
1456 577 1523 603 me
1539 561 1715 617 vigilare

155 616 294 658 acrius
323 618 378 658 ad
413 618 608 668 salutem,
633 617 761 673 quam
790 624 832 658 te
859 617 912 658 ad
948 617 1197 672 perniciem,
1217 618 1476 673 reipublicae.

1537 618 1651 659 Dico
1671 623 1715 659 te

80 665 136 706 45
155 673 285 728 priori
315 681 440 715 nocte
474 674 642 715 venisse
675 674 786 715 inter
818 674 1017 715 falcarios
1047 678 1152 726 (non
1193 689 1318 731 agam
1359 674 1561 727 obscure)
1583 674 1627 715 in
1649 674 1715 715 M.

158 730 291 771 Laecae
325 730 517 782 domu1n3
549 731 803 772 convenisse
835 731 988 772 eodem
1019 733 1259 788 complures
1289 731 1482 787 ejusdem
1520 730 1718 772 amentiae

157 787 420 843 scelerisque
438 787 596 829 socios.

656 788 772 828 Num
792 802 948 844 negare
965 788 1119 829 audes?
1151 788 1254 844 quid
1271 789 1415 829 taces?
1447 788 1717 840 convincam,

157 843 193 883 si
214 858 366 900 negas3
397 844 522 885 video
544 844 657 885 enim
679 860 773 886 esse
795 844 865 885 hic
886 844 931 884 in
951 852 1101 886 senatu
1122 845 1348 900 quosdam,
1371 844 1444 901 qui
1463 852 1606 886 tecum
1625 843 1716 885 unzi

157 899 292 941 fuere.

354 900 392 941 O
416 901 476 941 dii
504 901 788 943 immortales!
820 901 995 942 ubinam
1017 903 1210 957 gentium
1231 902 1408 943 sumus?
1439 916 1566 958 quam
1588 900 1720 951 Rem-

83 950 140 990 50
160 957 279 1011 publ.
301 957 534 998 habemus?
565 958 609 999 in
645 958 732 1014 qusi
765 959 868 999 urbe
899 958 1106 999 vivimus?
1137 958 1220 1010 hic,
1253 957 1322 1000 hic
1355 967 1468 1007 sunt,
1493 958 1537 998 in
1569 964 1718 999 nostro

160 1027 351 1064 nurnero,
369 1013 419 1054 P.
441 1014 490 1055 C.
511 1014 555 1054 in
574 1015 658 1055 hoc
681 1015 794 1056 orbis
816 1021 937 1055 terrae
961 1015 1232 1056 sanctissimo
1256 1015 1595 1071 gravissimoque
1616 1029 1720 1057 con-

161 1069 275 1120 cilio,
298 1070 371 1126 qui
404 1070 457 1111 de
493 1085 590 1111 ineo
631 1071 909 1126 nostrumque
951 1072 1141 1113 omnium
1168 1072 1357 1123 interitu,
1392 1072 1467 1127 qui
1499 1072 1552 1112 de
1591 1072 1719 1127 hujus

159 1126 292 1176 urbis,
310 1134 438 1182 atque
459 1126 567 1167 adeo
582 1128 697 1168 orbis
714 1134 933 1179 terrarum,
952 1128 1082 1169 exitio
1101 1128 1317 1184 cogitent!
1350 1129 1482 1168 hosce
1497 1142 1576 1181 ego
1592 1128 1719 1169 video

160 1183 328 1234 consul,
343 1192 386 1224 et
402 1184 454 1224 de
477 1184 585 1239 Rep.
603 1184 861 1225 sententiam
882 1198 1009 1239 rogo,
1042 1191 1100 1234 et,
1121 1199 1230 1240 quos
1250 1184 1359 1225 ferro
1382 1183 1581 1225 trucidari
1595 1199 1722 1240 opor-

85 1235 140 1274 55
161 1239 294 1290 tebat,
317 1254 391 1280 eos
418 1240 610 1281 nondum
637 1255 743 1281 voce
774 1241 964 1282 vulnero.

1024 1240 1161 1282 Fuistl
1191 1240 1324 1296 igitur
1343 1241 1457 1296 apud
1479 1241 1647 1282 Laecam
1667 1240 1720 1282 e&

158 1302 304 1347 nocte,
323 1296 527 1337 Catilina:
560 1296 818 1338 distribuisti
832 1304 971 1353 partes
991 1297 1152 1339 Italiae:
1186 1297 1389 1349 statuisti,
1404 1296 1489 1354 quo
1505 1313 1721 1354 quemque

158 1353 375 1407 proficisci
396 1354 607 1409 placeret:
640 1353 855 1410 delegisti,
874 1369 982 1409 quos
996 1353 1146 1396 Roniae
1162 1354 1437 1410 relinqueres,
1452 1369 1559 1409 quos
1576 1361 1721 1396 tecum

158 1409 388 1451 educeres:
422 1410 686 1466 descripsisti
706 1410 822 1451 urbis
849 1418 992 1466 partes
1014 1412 1068 1452 ad
1090 1411 1308 1452 incendia:
1340 1411 1358 1433 ¹¹
1375 1411 1657 1462 confirmasti,
1677 1417 1720 1452 te

158 1464 406 1522 ipsumjam
426 1481 520 1508 esse
542 1467 770 1508 exiturum:
803 1467 950 1508 dixisti
971 1468 1216 1524 ipaululum
1245 1467 1325 1508 tibi
1356 1483 1450 1509 esse
1472 1467 1601 1509 etiam
1628 1474 1721 1509 tum

85 1518 140 1559 60
160 1536 303 1573 morae,
326 1522 441 1579 quod
460 1538 540 1579 ego
560 1524 759 1565 viverem.
820 1524 996 1579 Reperti
1014 1531 1115 1565 sunt
1133 1525 1219 1565 duo
1243 1523 1410 1579 equites
1425 1524 1623 1572 Romani,
1646 1524 1720 1580 qui

159 1585 202 1621 te
223 1579 310 1621 ista
332 1580 436 1621 curti
458 1580 701 1633 liberarent,
719 1586 762 1622 et
775 1595 868 1622 sese
887 1580 959 1623 illa
979 1580 1075 1637 ipsa
1090 1588 1216 1623 nocte
1233 1580 1362 1636 paulo
1379 1587 1477 1622 ante
1497 1580 1639 1623 lucem
1653 1595 1720 1623 me

348 1751 365 1774 ¹¹
380 1751 611 1810 cqffirmtisti.

202 1935 256 1964 38.
280 1932 452 1976 Promeae]
497 1934 660 1976 Oppidum
684 1935 744 1966 suit
765 1935 798 1966 in
818 1935 924 1973 Italia,

159 1977 246 2015 quod
271 1987 424 2017 occupare
448 1976 582 2008 Catilina
608 1985 736 2010 conatus
757 1985 815 2016 est,
838 1980 923 2010 uude

159 2018 322 2050 imminere
338 2020 416 2051 Urbi
428 2021 622 2052 commodius
639 2027 755 2062 posset.

204 2064 257 2092 59.
284 2063 370 2092 Illam
386 2064 550 2104 coloniam]
569 2065 701 2101 Gellius,
716 2065 770 2096 lib.
786 2066 838 2095 16.
853 2076 922 2106 cap.

161 2106 214 2134 13.
242 2106 346 2143 refert,
364 2105 569 2137 Praenestinos
596 2107 615 2136 ἆ
640 2108 765 2138 Tiberio
789 2108 924 2147 impera-

159 2152 227 2177 tore
260 2148 398 2188 petiisse,
423 2155 458 2178 ut
491 2160 529 2179 ex
557 2150 681 2180 colonia
703 2151 734 2180 in
765 2151 925 2191 municipii

160 2195 274 2220 statum
305 2192 531 2232 redigerentur:
567 2199 614 2223 est
637 2199 741 2224 autem
765 2193 923 2225 Praeneute

160 2233 233 2263 urbs
255 2234 336 2264 Latii
355 2237 406 2266 24.
424 2235 487 2264 mil.
500 2235 604 2265 Roma
621 2236 748 2267 distans.

204 2279 258 2307 43.
282 2276 462 2316 Superiorem
485 2279 620 2319 noctem]
667 2279 803 2310 Noctem
831 2280 920 2318 dicit,

161 2319 223 2358 quii
244 2321 390 2350 convenit
416 2321 473 2351 iste
498 2321 530 2351 in
558 2322 682 2352 domum
700 2323 805 2353 Porcii
821 2323 920 2354 Laecae

162 2363 311 2392 senatoris
327 2373 397 2393 cum
414 2364 531 2394 caeteris
548 2366 724 2404 conjuratis.

205 2406 258 2436 45.
283 2405 381 2436 Priori
396 2407 503 2447 nocta]
550 2407 676 2448 Nempe
700 2409 870 2449 superiore,
883 2408 923 2438 eft

161 2446 323 2484 videlicet,
337 2460 406 2490 quae
422 2449 507 2479 illum
525 2449 608 2480 diem
624 2461 693 2481 cum
710 2456 802 2482 nocte
821 2451 922 2492 proxi-

162 2489 214 2519 infi
229 2495 449 2528 antecesserat,
473 2502 535 2532 quo
555 2493 607 2522 die
630 2494 736 2524 habita
751 2499 798 2524 est
814 2494 921 2524 oratio.

206 2532 257 2565 Ib.
280 2533 538 2576 Interjhlcarios]
571 2536 704 2567 falcarii
729 2537 839 2568 milites
855 2538 923 2566 sue—

161 2582 244 2611 runt,
282 2576 336 2616 qui
374 2577 503 2607 falcibus
541 2584 629 2608 erant
664 2580 785 2610 armati.
838 2580 923 2610 Vide

163 2617 367 2655 Priscianum,
379 2618 432 2649 lib.
450 2623 480 2650 3.
496 2621 586 2651 Forte
603 2622 695 2652 etiam
712 2624 762 2654 liic
780 2622 924 2652 translate

163 2660 311 2701 loquitur,
337 2662 527 2702 appellando
550 2665 716 2704 participes
737 2666 924 2705 conjuratio-

163 2704 210 2733 nis
223 2704 378 2743 fizlcarz‘os,
394 2705 448 2745 qui
471 2706 550 2736 ferro
566 2712 598 2736 et
612 2708 737 2737 flamm&
764 2710 922 2739 demetere

162 2745 320 2776 civitatem
348 2748 505 2785 volebant,
521 2749 580 2779 nisi
602 2750 679 2780 sorte
697 2752 782 2782 vicus
803 2751 841 2782 sit
857 2752 924 2783 Ro-

162 2798 221 2837 mae
236 2789 281 2818 ita
297 2791 485 2832 appellatus,
496 2792 527 2823 in
544 2803 606 2834 quo
631 2793 680 2825 Μ.
691 2793 789 2826 Laecae
812 2796 922 2827 <lomus

161 2837 220 2862 suta
234 2837 309 2863 erat.

1017 1752 1153 1795 inibit
1173 1758 1212 1795 tc
1232 1755 1406 1804 mora-ri,
1427 1755 1530 1796 nisi,

1011 1937 1063 1967 46.
1087 1936 1277 1977 Complures]
1323 1935 1486 1967 Sallustius
1511 1936 1651 1967 n'ominat
1666 1947 1721 1967 un-

967 1978 1069 2009 decim
1081 1986 1248 2010 senatores

1009 2024 1062 2052 51.
1090 2022 1264 2053 Gravissimo
1276 2022 1421 2062 concilim]
1467 2021 1529 2052 Per
1542 2022 1722 2059 concilium,

966 2071 1106 2096 senatum
1138 2065 1294 2106 intelligit,
1328 2064 1415 2105 cujus
1453 2064 1637 2105 dignitatem
1669 2076 1721 2095 ex-

967 2108 1059 2138 tollit.

1010 2152 1063 2181 53.
1114 2149 1210 2187 Urbis,
1233 2156 1318 2191 atque
1347 2151 1416 2181 adef»
1448 2150 1552 2191 orbis]
1611 2149 1721 2191 Agno-

966 2193 1105 2229 minatio,
1137 2203 1192 2224 seu
1224 2194 1345 2231 allusio,
1368 2194 1464 2224 literae
1498 2194 1588 2225 unius
1621 2198 1722 2224 muta-

965 2236 1059 2268 tione.

1009 2281 1060 2310 55.
1088 2279 1157 2310 Voce
1170 2279 1317 2319 vulnera]
1361 2279 1534 2310 Trans—latio
1557 2277 1576 2308 εἴ
1598 2279 1673 2310 telo.

1009 2324 1060 2353 56.
1086 2322 1375 2361 Distiibaistipartes
1389 2322 1513 2363 Italia]
1560 2321 1721 2353 Sallustius

964 2371 1067 2396 narrat
1098 2365 1136 2397 C.
1164 2366 1317 2396 Manlium
1353 2366 1500 2401 Faesulas,
1532 2365 1719 2405 Septimium

966 2408 997 2438 in
1017 2419 1123 2449 agrum
1148 2408 1311 2445 Picenum,
1328 2408 1365 2439 C.
1378 2408 1496 2439 Julium
1511 2407 1545 2438 in
1559 2407 1722 2449 Apuliam,

966 2451 1128 2483 dimisisse.

1009 2496 1062 2525 57.
1096 2494 1194 2524 Romae
1217 2493 1411 2535 relinqueres]
1461 2493 1631 2525 Constituit
1660 2494 1723 2525 Ca-

965 2536 1064 2573 tilina,
1095 2536 1164 2567 cum
1194 2538 1233 2568 ab
1261 2539 1335 2568 urbe
1365 2537 1552 2575 discederet,
1579 2542 1614 2567 ut
1640 2537 1722 2568 Leu-

966 2579 1048 2610 tulus
1077 2580 1108 2610 in
1138 2580 1213 2610 urbe
1246 2578 1575 2620 relinqueretur1›cum
1601 2580 1722 2618 Cassio,

966 2623 1020 2663 qui
1057 2623 1220 2659 incendiis,
1258 2630 1291 2654 et
1321 2623 1464 2662 Cethego
1497 2622 1551 2663 qui
1583 2623 1721 2654 caedibus

964 2672 1122 2706 praeesset.

1009 2710 1062 2739 58.
1091 2708 1175 2739 Urbis
1193 2707 1318 2748 partes]
1362 2707 1403 2739 In
1426 2708 1594 2740 duodecim
1617 2713 1722 2750 partes

967 2752 1048 2782 Urbs
1071 2751 1278 2787 dividebatur,
1301 2761 1428 2792 quarum
1454 2752 1608 2784 incendiis
1630 2752 1724 2783 Stati-

967 2795 1024 2827 lius
1041 2800 1073 2825 et
1089 2794 1242 2825 Gabinius
1257 2795 1396 2835 praesecti
1409 2801 1504 2827 erant.

1011 2840 1062 2869 60.
1089 2837 1159 2869 Duo
1174 2837 1304 2879 equites]
1349 2837 1396 2870 Ex
1413 2837 1572 2879 Sallustio,
1593 2838 1632 2871 C.
1646 2837 1725 2877 Gorg
