1790 3090
70 148 159 190 220

789 144 880 177 PRO
908 144 1068 178 COELIO.

146 236 362 266 versuram
391 237 609 280 nunquam
631 224 804 267 omnino
826 227 932 269 fecit
951 228 1096 269 ullam.
1157 226 1363 286 Sumptus
1383 229 1511 272 unius
1532 233 1700 286 generis

73 277 129 319 90
148 280 344 337 objectus
363 287 442 332 est,
459 280 760 324 habitationis:
799 284 975 340 triginta
988 284 1176 326 millibus
1196 286 1364 328 dixistis
1382 302 1480 328 eum
1496 287 1700 332 habitare.

148 336 276 379 Nunc
297 339 468 378 demum
489 337 699 393 intelligo,
718 339 768 380 P.
787 340 928 382 Clodii
950 341 1134 382 insulam
1151 357 1244 384 esse
1261 344 1466 396 venalem,
1485 345 1608 400 cujus
1629 346 1700 388 hic

146 393 190 434 in
211 394 400 435 aediculis
422 393 603 445 habitat,
626 395 790 446 decem,
815 404 862 437 ut
883 397 1049 453 opinor,
1071 398 1287 451 millibus3
1318 416 1395 442 vos
1421 408 1577 452 autem,
1599 402 1702 443 dum

146 449 207 490 illi
230 450 398 504 placere
419 450 560 502 vultis,
582 451 636 492 ad
657 458 826 509 tempus
845 454 883 494 ei
905 454 1176 496 mendacium
1197 464 1383 498 vestrum
1401 458 1705 499 accommoda-

147 506 286 547 vistis.

204 561 279 604 IV.
297 561 669 619 Reprehendistis‚
679 567 703 605 a
717 572 834 621 patre
844 567 956 622 quod
970 568 1231 624 semigrarit3
1247 570 1361 625 quod
1372 570 1642 627 quidemjam
1658 571 1702 612 in

143 617 228 660 hac
248 626 371 661 aetate
396 620 569 661 minime
591 623 985 677 reprehendendum
1008 632 1097 677 est3
1130 625 1219 681 qui,
1237 626 1333 667 cum
1349 634 1406 678 et,
1422 634 1499 669 aex
1515 628 1700 684 Reipub.

147 675 292 726 causa,
304 684 431 728 esset,
443 677 546 717 mihi
556 679 730 734 quidem
746 681 1074 731 molestam,sibi
1088 691 1230 723 tamen
1239 683 1702 738 gloriosamvictoriam

146 739 471 794 consecutuS,et
484 749 558 790 per
571 743 740 777 aetatem
755 738 1026 793 magistratus
1043 746 1184 794 petere
1200 747 1361 795 posset,
1371 755 1458 781 non
1472 741 1600 782 mode>
1610 755 1702 796 per-

99 789 125 829 5
145 796 340 830 mittente
364 797 495 845 patre,
514 792 589 832 sed
612 793 741 834 etiam
762 796 982 845 suadente,
1000 796 1053 836 ab
1072 810 1122 837 eo
1141 797 1407 851 semigravit:
1432 807 1487 848 et,
1506 796 1603 838 cum
1620 797 1697 844 do-

143 860 238 886 mus
269 848 400 900 patris
434 846 459 887 a
480 848 571 888 foro
593 848 722 904 longe
746 851 930 903 abesset,
953 866 1039 906 quo
1060 852 1229 893 facilius
1262 860 1306 894 et
1337 862 1503 895 nostras
1525 854 1702 894 bdomos

143 901 275 952 obire,
285 910 326 942 et
343 902 435 957 ipse
455 902 480 943 ἓι
496 904 585 944 suis
599 906 684 945 coli
702 914 862 960 posset,
874 908 1081 949 conduxit
1095 910 1138 949 in
1154 909 1335 958 Palatio,
1345 923 1430 950 non
1443 910 1701 966 magno‚do·

141 971 270 1003 mum.
303 958 400 1006 Quo
419 960 515 1001 loco
537 975 710 1015 possum
732 962 873 1005 dicere
895 965 954 1016 id,
975 966 1091 1020 quod
1114 966 1174 1007 vir
1196 966 1472 1017 clarissimus,
1492 967 1556 1009 M.
1573 966 1699 1008 Cras·

483 1169 675 1218 “Propter
696 1166 903 1220 Rempzd).

137 1399 389 1441 peculium‚nihil
399 1400 505 1434 habet.
519 1401 638 1432 Peculii
649 1408 752 1435 tamen
763 1404 898 1437 rationes

138 1443 290 1474 conficere
307 1443 413 1473 solitos
429 1449 460 1474 et
475 1444 716 1482 filios-familias,
733 1452 765 1477 et
780 1458 897 1486 servos,

137 1486 211 1516 satis
229 1490 351 1517 constat
365 1497 402 1517 ex
418 1487 508 1518 titulo
525 1488 647 1528 Digest.
664 1491 704 1519 de
722 1489 831 1521 Pecul.

181 1530 234 1559 89.
261 1529 414 1560 Versuram
436 1531 616 1571 nunquam]
663 1532 799 1563 versura
823 1543 897 1573 pro-

136 1570 204 1612 prie
221 1572 287 1602 fieri
303 1572 428 1610 dicitur,
456 1577 483 1604 l.
502 1572 581 1604 Cum
597 1574 756 1606 creditoris
771 1586 897 1607 conver-

138 1614 183 1643 sio
197 1615 340 1655 quaedarn
355 1620 386 1645 et
397 1616 526 1646 mutatio
539 1616 593 1654 fit3
617 1617 647 1647 id
660 1623 719 1656 est,
733 1618 802 1648 curn
816 1620 896 1661 quis,

138 1657 190 1686 alii
207 1663 241 1687 ut
262 1658 373 1693 solvat,
393 1659 431 1687 ab
455 1658 516 1688 alio
540 1660 704 1699 pecuniam
730 1668 896 1693 mutuatur.

138 1703 169 1730 2.
193 1700 374 1741 Aliquando
399 1711 554 1732 versuram
581 1703 682 1733 facere
714 1705 896 1746 simpliciter

136 1742 290 1782 significat
304 1754 345 1773 ωε
359 1743 494 1773 alienum
511 1747 701 1781 contrahere,
719 1753 752 1776 ut
773 1759 809 1778 ex
834 1750 892 1780 lioc

138 1784 297 1815 Ciceronis
313 1786 381 1815 loco
397 1791 494 1826 patet.
549 1790 581 1819 3.
607 1789 774 1819 Vcrsuram
789 1791 893 1821 facere

137 1828 251 1858 dicitur
274 1829 300 1858 is
322 1828 375 1869 qui
401 1839 442 1858 aes
469 1829 603 1859 alienum
633 1842 670 1860 ex
700 1842 759 1862 aere.
791 1834 893 1864 alieno

135 1870 239 1901 solvit.
284 1874 315 1901 4.
340 1871 464 1901 Dicitur
484 1872 576 1902 etiam
599 1884 752 1904 versuram
776 1875 892 1914 facere,

135 1912 206 1943 curn
230 1914 347 1944 minore
361 1915 479 1944 foenore
496 1920 656 1957 acceptam
672 1917 740 1958 quis
765 1920 894 1958 pecuni-

137 1966 186 1987 am
204 1956 318 1997 majore
337 1962 483 1997 occupat.

180 2000 232 2029 90.
258 1999 395 2040 Triginta
409 2001 537 2030 millibus
550 2010 613 2030 eum
630 2001 786 2043 habitura]
825 2003 892 2034 Ob-

130 2040 250 2081 jectum
268 2049 324 2077 est,
337 2042 521 2072 conduxisse
537 2044 664 2073 domum
687 2044 812 2085 triginta
827 2057 891 2076 ses-

135 2084 259 2114 tertium
277 2085 410 2115 millibus
426 2085 463 2115 ad
481 2086 697 2123 habitandum,
713 2088 744 2118 id
763 2094 823 2125 est,
838 2090 891 2119 tri-

133 2127 190 2157 bus
206 2127 349 2158 librarum
365 2127 408 2168 [G
416 2127 511 2168 allic.]
530 2128 676 2160 millibus,

179 2172 231 2201 91.
257 2170 351 2200 Clodii
365 2171 518 2211 insulam]
568 2171 687 2206 Insula,
702 2171 803 2213 inquit
816 2174 892 2205 Fes-

134 2218 194 2248 tus,
210 2214 295 2244 dicta
318 2214 453 2254 proprie,
469 2224 538 2254 quae
559 2225 621 2244 non
639 2213 782 2255 jungitur
806 2227 890 2247 com-

134 2257 276 2287 munibus
291 2257 458 2296 parietibus
470 2267 539 2286 cum
556 2257 675 2293 vicinis,
691 2260 744 2288 sed
760 2260 891 2290 circuitu

135 2299 259 2339 publico
276 2305 330 2329 aut
345 2299 464 2340 privato
476 2299 623 2340 cingitur3
651 2300 668 2329 a
684 2301 889 2333 similitudine

135 2342 285 2372 videlicet
297 2353 400 2372 earum
414 2348 571 2378 terrarum,
582 2353 650 2383 qnae
663 2343 837 2375 fluminibus
854 2356 890 2376 ac

135 2384 209 2414 mari
223 2384 394 2419 imminent,
408 2388 542 2425 suntque
558 2387 588 2415 in
603 2386 672 2415 salo.
718 2385 775 2416 Ait
787 2394 891 2418 autem

135 2425 268 2462 Plinius,
292 2427 345 2458 lib.
365 2427 417 2458 36.
441 2437 513 2467 cap.
542 2429 594 2459 15.
633 2428 713 2458 Pub.
744 2429 891 2461 Clodium

135 2468 309 2500 sestertium
325 2470 441 2501 centies
458 2476 490 2500 et
505 2471 691 2511 quadragies
716 2471 811 2502 octies
835 2474 891 2503 ha-

134 2511 260 2543 bitasse.

178 2556 230 2585 92.
258 2554 362 2585 Decem
376 2555 529 2596 millibus]
564 2555 656 2586 Mille
672 2555 755 2587 libris
771 2561 889 2588 nostra-

135 2596 228 2634 tibus,
245 2597 266 2628 i.
285 2609 313 2628 e.
331 2597 513 2630 Gallicanis.

178 2644 208 2672 1.
247 2641 273 2670 A
302 2646 385 2680 patre
412 2640 601 2681 semigrcirit]

132 2683 350 2714 adolescentes
365 2693 435 2713 cum
457 2685 636 2724 parentibus
659 2685 854 2722 habitabant,
870 2686 889 2716 ᾗ.

131 2726 244 2766 quibus
258 2726 421 2759 discedere
442 2737 507 2758 non
526 2732 670 2768 poterant
685 2728 802 2770 absque
817 2740 889 2771 pro.

131 2769 198 2802 bro.

668 2642 888 2674 Filii-familias

1194 1167 1349 1209 badia-e.

985 1405 1016 1435 3.
1045 1404 1200 1435 Victoriam
1224 1404 1418 1446 consecutus-J
1465 1404 1581 1436 Coelius
1611 1415 1704 1437 accu-

942 1448 1022 1478 savit
1047 1447 1221 1478 Antonium
1245 1448 1367 1479 affinem
1391 1447 1485 1478 fuisse
1512 1447 1702 1489 conjuratio-

940 1491 987 1520 nis
1003 1490 1210 1529 Catilinariae3
1227 1496 1321 1532 atque
1336 1490 1409 1521 ideo
1425 1501 1496 1520 eum
1513 1490 1546 1520 in
1561 1491 1702 1522 exsilium

942 1533 1026 1563 abire
1042 1534 1215 1574 compulit3
1240 1534 1326 1575 quod
1341 1533 1562 1574 permolestum
1575 1534 1633 1564 fuit
1646 1534 1702 1566 Ci-

942 1577 1059 1612 ceroni,
1075 1578 1129 1617 qui
1144 1587 1228 1613 eum,
1241 1577 1298 1607 sibi
1314 1577 1466 1618 collegam
1479 1577 1513 1606 in
1525 1577 1700 1618 consulatu,

941 1619 1139 1650 defenderat.

984 1665 1014 1692 4.
1055 1662 1114 1692 Per
1141 1667 1253 1693 aetatem
1281 1663 1471 1702 magistratus
1496 1662 1617 1702 petere]
1662 1662 1702 1694 L.

940 1704 1066 1740 Villius,
1091 1704 1230 1735 tribunus
1257 1705 1358 1746 plebis
1384 1705 1421 1736 L.
1447 1705 1572 1735 Manlio
1595 1710 1628 1735 et
1654 1705 1698 1742 Q.

937 1747 1046 1777 Fulvio
1063 1747 1151 1778 Coss.
1172 1758 1253 1777 anno
1279 1748 1372 1778 Urbis
1396 1751 1469 1778 62²4.
1491 1747 1593 1789 legem
1616 1748 1698 1785 tulit,

937 1795 972 1820 ut
996 1801 1093 1820 annus
1115 1796 1276 1831 quaesturae
1301 1801 1363 1820 non
1388 1797 1469 1821 esset
1493 1796 1565 1820 ante
1586 1790 1699 1830 vigesi-

938 1843 1021 1862 mum
1053 1834 1241 1873 septimum:
1266 1832 1438 1863 tribunatus
1473 1838 1546 1862 ante
1575 1833 1697 1874 trigesi-

938 1886 1041 1906 mum:
1067 1876 1223 1905 aedilitatis
1261 1882 1333 1905 ante
1370 1875 1560 1915 trigesimum
1598 1876 1695 1917 septi-

938 1928 1041 1947 mum:
1077 1924 1216 1958 praeturae
1254 1918 1545 1958 quadragesimum:
1584 1929 1697 1949 consu.

936 1959 1016 1990 latiis
1033 1961 1307 2001 quadragesimum
1322 1960 1466 1991 tertiumx
1492 1966 1524 1990 et
1546 1962 1630 2000 quod
1655 1962 1696 1992 de

937 2003 1092 2042 quaesturii
1106 2004 1224 2033 dictum
1238 2008 1296 2038 est,
1311 2004 1451 2043 congruit
1462 2013 1533 2032 cum
1545 2013 1596 2038 eo,
1611 2005 1696 2044 quod

936 2045 1098 2086 Polybius,
1111 2045 1165 2077 lib.
1177 2048 1207 2075 6.
1218 2046 1334 2082 scribit,
1347 2045 1448 2086 legem
1460 2045 1564 2082 fuisse,
1575 2056 1614 2076 ne
1628 2047 1697 2087 quis

934 2089 1146 2127 magistratum
1168 2089 1320 2118 urbanum
1347 2094 1479 2128 gereret,
1499 2088 1559 2119 nisi
1582 2089 1693 2120 decem

934 2131 1091 2171 stipendia
1106 2131 1305 2161 confecisset:
1325 2141 1421 2161 annus
1436 2135 1539 2161 autem
1556 2132 1596 2162 ad
1614 2131 1695 2162 mili-

934 2175 1063 2204 tandum
1079 2174 1235 2214 legitimus
1251 2174 1309 2204 fuit
1323 2174 1463 2204 decimus
1477 2174 1638 2214 septimus.

978 2218 1007 2247 8.
1032 2216 1077 2246 M.
1105 2217 1253 2257 Crassus]
1299 2217 1349 2247 M.
1367 2216 1494 2248 Crassus
1517 2217 1600 2257 prior
1622 2217 1694 2248 Coe·

934 2258 1011 2289 lium
1027 2259 1181 2289 defendit.
1228 2260 1308 2290 Eum
1319 2265 1423 2289 autem
1437 2260 1622 2295 defendens,
1635 2270 1692 2300 op·

935 2303 1022 2332 tabat
1036 2308 1070 2332 ut
1085 2312 1244 2344 nunquam
1266 2302 1452 2332 Ptolemaeus
1467 2302 1602 2333 venisset
1623 2301 1692 2332 Ro-

935 2355 1028 2383 mam,
1053 2345 1153 2376 citatis
1180 2356 1218 2375 ex
1242 2344 1363 2375 Medea
1389 2345 1480 2375 Ennii
1501 2345 1602 2385 poetae
1624 2355 1692 2375 ver-

936 2387 1030 2425 sibus,
1047 2388 1160 2428 quibus
1183 2388 1295 2418 ancilla
1317 2387 1453 2428 queritur
1470 2387 1556 2427 Argo
1579 2397 1691 2418 navem

934 2429 1028 2460 fuisse
1053 2430 1245 2468 fabricatam,
1262 2430 1324 2471 qua
1346 2430 1460 2460 Iasone
1482 2430 1514 2459 in
1538 2429 1693 2461 Colchida

933 2472 1079 2508 devecto,
1106 2474 1225 2504 Medea
1245 2483 1349 2503 amore
1373 2472 1441 2513 ejus
1465 2477 1557 2513 capta
1578 2472 1691 2512 fuerit;

934 2524 1011 2554 quos
1035 2515 1087 2545 ille
1103 2526 1207 2546 versus
1232 2514 1303 2546 cum
1327 2514 1491 2555 allegorice
1516 2515 1555 2544 ad
1584 2514 1693 2545 Ptole-

932 2567 1043 2587 maeuin
1067 2557 1345 2594 accommodasset,
1361 2557 1473 2588 Cicero
1489 2559 1602 2587 eodem
1626 2568 1692 2588 mo-

933 2600 974 2630 do
998 2599 1108 2630 festive
1129 2602 1168 2631 ad
1190 2600 1324 2631 Coelium
1347 2607 1379 2630 et
1401 2600 1548 2630 Clodium
1571 2610 1694 2631 accom-

930 2644 1048 2678 modat,
1064 2643 1174 2673 dolens
1191 2643 1324 2674 Coeliurn
1339 2643 1370 2672 in
1387 2642 1554 2680 Palatium,
1564 2643 1618 2673 ubi
1635 2644 1687 2674 ha-

931 2685 1049 2716 bitabat
1065 2685 1188 2723 Clodia,
1205 2685 1437 2728 commigrasse,
1454 2687 1540 2728 quod
1555 2687 1586 2718 ei
1601 2685 1688 2718 initi-

931 2738 984 2760 um
999 2728 1148 2761 malorum
1159 2729 1230 2762 fuit.
