1838 3017
872 157 952 200 521

134 481 374 543 NOTAE
422 484 632 557 aliquot
674 485 732 538 in
770 491 879 539 tres
932 483 1249 547 OrationeS‚
1300 482 1696 536 Divinationem

208 561 433 632 nempe,
465 561 829 622 Pisonianam,
861 566 916 612 et
942 560 1315 622 DIilonianam,
1359 575 1427 610 ex
1455 558 1694 622 Asconio,

207 635 473 700 Manuti0‚
518 635 595 691 Ν.
628 635 951 698 Abralzamo,
994 638 1102 686 etc.
1133 632 1435 703 decerptae.

245 993 408 1038 ARGU
418 991 685 1037 MENTUM
709 993 753 1036 in
775 993 1027 1093 Oragionem
1050 1008 1147 1051 quae
1177 993 1406 1036 Divinatio
1428 990 1599 1042 dicitur,

771 1065 823 1094 ex
887 1064 1078 1094 scomo.

204 1210 302 1252 CN.
336 1211 627 1252 POMPEIO
658 1211 846 1264 primiem
877 1215 917 1252 et
944 1210 1011 1251 M.
1036 1210 1192 1252 Crasso
1215 1209 1332 1251 Coss.
1358 1206 1408 1249 C.
1436 1208 1581 1248 Verres
1608 1218 1706 1259 per-

131 1266 326 1321 functus
355 1266 596 1321 qucesturd,
629 1269 854 1321 legatione,
887 1272 927 1308 et
949 1263 1151 1321 proeturci
1177 1266 1361 1314 urbana,
1393 1266 1486 1305 vivo
1509 1267 1637 1317 patre
1661 1260 1711 1303 C.

153 1324 289 1373 Ver-re,
312 1329 353 1365 et
370 1326 750 1379 praeteoetatofllio,
773 1340 823 1365 ac
827 1325 933 1379 filici
944 1325 1099 1377 nuptzi,
1122 1337 1298 1364 uoeoreni
1312 1323 1486 1371 liabens,
1507 1321 1601 1360 cnm
1616 1333 1711 1360 suc-

142 1382 333 1422 cessisset
353 1383 402 1421 in
426 1379 576 1422 Sicilia
601 1382 647 1423 C.
675 1380 893 1422 Sacerdoti
909 1383 1107 1434 prcetori,
1140 1394 1329 1433 eamque,
1357 1393 1445 1419 non
1472 1378 1552 1418 sibi
1572 1390 1712 1418 succe-

144 1437 271 1478 dente
290 1437 433 1488 Arrio,
446 1453 526 1492 per
546 1440 783 1480 triennium
801 1441 1022 1487 tenu-isset,
1041 1443 1170 1491 atque
1181 1438 1229 1478 in
1242 1434 1463 1490 edfuisset
1479 1433 1712 1482 libidinose,

145 1495 288 1542 avare,
320 1496 635 1547 crudeliterque
667 1501 880 1545 versatus,
915 1496 1163 1535 succedente
1190 1494 1364 1534 tandem
1384 1494 1433 1532 in
1453 1492 1595 1532 ecidem
1611 1504 1715 1544 pro-

143 1553 288 1591 vincici
310 1551 362 1592 L.
382 1552 572 1600 Metello,
604 1553 946 1605 repetundarum
972 1566 1070 1592 reus
1092 1552 1142 1591 ab
1167 1548 1328 1591 Siculis
1344 1549 1594 1602 postulatus
1622 1552 1685 1588 est
1699 1565 1713 1594 ;

146 1609 222 1660 qui
242 1620 398 1657 omnes,
426 1613 591 1661 praeter
615 1606 912 1661 Syracusanos
933 1613 974 1648 et
994 1609 1291 1655 Mamertinos,
1317 1604 1384 1646 M.
1407 1606 1622 1652 Tullium,
1643 1605 1717 1644 illo

150 1668 334 1717 tempore
331 1667 562 1720 florentem
577 1666 896 1719 defensionibus
911 1668 1159 1712 amicorum,
1173 1665 1231 1704 ad
1244 1663 1534 1703 accusandum
1551 1662 1719 1701 descen-

149 1721 247 1762 dere
267 1723 583 1774 compulerunt,
596 1723 856 1775 jampridem
881 1723 967 1762 illis
986 1722 1303 1762 necessitudine
1323 1720 1588 1772 copulatum,
1610 1719 1721 1770 quod

147 1782 337 1830 quaestor
367 1780 416 1818 in
436 1779 591 1820 Sicilia
610 1779 776 1832 fuisset
790 1784 980 1831 proetore
1005 1776 1120 1819 Seoet.
1145 1778 1373 1824 Peducaeo,
1406 1780 1447 1816 et
1466 1776 1590 1828 quod,
1622 1775 1717 1815 cnm

149 1834 378 1883 decederet,
399 1837 448 1875 in
467 1836 543 1874 illd
563 1837 770 1884 oratione,
793 1849 924 1888 quam
947 1832 1130 1887 Lilybaei
1150 1835 1315 1882 habuit,
1335 1834 1471 1872 multa
1500 1834 1554 1872 iis
1575 1831 1720 1884 benig-

149 1891 205 1931 ne
218 1892 494 1944 promisisset.
556 1890 744 1932 Accessit
771 1893 836 1933 his
864 1906 953 1932 non
974 1892 1174 1944 ignobilis
1183 1891 1353 1944 futura
1375 1889 1424 1929 de
1452 1889 1574 1929 Verre
1595 1890 1721 1928 victo-

149 1948 234 1996 ria,
256 1949 361 2000 quia
380 1945 406 1987 ὰ
422 1948 628 1996 Metellis,
651 1947 937 2000 Scipionibus,
960 1953 1001 1988 et
1021 1949 1170 1988 multis
1191 1949 1291 1987 aliis
1308 1947 1518 1986 nobilibus
1538 1947 1657 1993 viris,
1680 1949 1722 1985 et

147 2004 372 2057 praecipue
392 2005 443 2043 ab
464 2004 701 2044 Hortensio
721 2007 812 2056 ipso
832 2005 1150 2058 defenderetur,
1161 2003 1297 2058 facile
1318 2008 1359 2042 et
1369 2004 1570 2054 principe
1590 2003 1639 2041 in
1660 2015 1723 2052 se·-

151 2065 265 2100 natu
283 2064 459 2113 propter
475 2060 754 2108 nobilitatem,
771 2065 812 2100 et
828 2061 980 2114 inforo
996 2061 1042 2100 ob
1059 2062 1342 2112 eloquentiam
1360 2073 1456 2111 rege
1471 2072 1721 2107 causarum,

153 2120 195 2157 et
226 2118 366 2158 eodem
395 2118 568 2157 consule
598 2118 822 2169 designato
851 2131 949 2157 cum
983 2118 1030 2164 Q.
1053 2117 1226 2157 Aletello
1249 2117 1398 2170 fratre
1429 2115 1725 2166 AlIetellorum,

155 2175 339 2215 alterius
356 2175 560 2226 prcetoris
584 2172 734 2222 Siculi,
757 2175 939 2214 alterius
956 2175 1160 2226 praetoris
1180 2173 1355 2213 urbani.
1716 2220 1719 2221 ⁷

213 2227 300 2270 His
320 2232 383 2270 ita
404 2231 665 2279 constitutis,
687 2231 851 2271 eoestitit
869 2231 916 2277 Q.
935 2230 1139 2271 Coecilius
1151 2230 1306 2283 Niger,
1329 2230 1446 2269 lzomo
1468 2230 1663 2279 Siculus,
1686 2235 1727 2272 et

155 2291 346 2340 quaestor
374 2286 526 2335 Verris,
558 2291 599 2327 et
619 2287 823 2338 ejusdem,
855 2291 908 2327 ut
927 2288 1017 2339 ipse
1038 2287 1216 2337 dicebat,
1246 2288 1466 2336 inimicus,
1496 2289 1573 2339 qui
1593 2299 1637 2328 se
1650 2300 1730 2339 po-

153 2345 240 2384 tins
259 2347 550 2384 accusatorem
568 2344 839 2384 contenderet
859 2345 1065 2384 constitui
1085 2348 1289 2396 oportere,
1323 2344 1403 2383 has
1423 2345 1607 2400 afferens
1627 2357 1731 2384 cau-

154 2412 252 2441 sas:

221 2457 379 2505 Unam,
411 2457 522 2510 quod
541 2457 592 2497 ab
613 2471 658 2498 eo
679 2459 826 2506 laesus,
858 2461 899 2497 et
918 2458 965 2497 ob
985 2458 1060 2497 lzoc
1072 2458 1179 2509 jure
1197 2457 1254 2497 sit
1274 2458 1340 2497 illi
1356 2459 1573 2506 inimicus,
1597 2457 1732 2509 quare

153 2516 473 2566 proevaricator
493 2528 581 2554 esse
599 2528 687 2554 non
703 2516 850 2567 possit.

214 2572 422 2620 Alteram,
445 2572 572 2624 quod,
605 2572 695 2611 cnm
717 2575 907 2624 quaestor
927 2573 965 2611 ei
988 2576 1083 2611 tum
1092 2571 1255 2626 fuerit,
1275 2573 1406 2612 etiam
1426 2573 1516 2623 ipse
1536 2573 1584 2611 in
1605 2583 1726 2623 quae-

159 2629 283 2671 sturd
303 2629 486 2668 crimina
508 2630 674 2669 noverit
702 2629 856 2668 Verris.

222 2683 430 2734 Tertiam,
453 2686 566 2738 quod
588 2684 764 2726 Siculus
781 2698 862 2737 pro
884 2686 1049 2726 Siculis
1069 2690 1188 2738 agat.
1742 2724 1748 2738 -.

217 2740 537 2792 Hujascemodi
551 2742 914 2796 propositionibus
932 2741 1094 2791 Cicero,
1111 2743 1368 2796 designatus
1391 2741 1548 2792 aedilis,
1569 2742 1639 2783 liis
1653 2744 1735 2786 secti.

160 2798 375 2853 capitibus
394 2799 650 2854 respondet.-
685 2796 989 2843 Accusatorem
1011 2813 1108 2845 eum
1130 2813 1218 2845 esse
1231 2804 1437 2856 oportere,
1465 2802 1541 2855 qui
1562 2797 1737 2844 invitus
