1790 3090
125 181 216 227 430
739 176 803 212 DE
825 177 1097 213 SENECTUTE.

124 270 311 315 cumque
341 254 532 306 defendi,
575 267 690 296 nunc
723 254 856 310 quam
890 252 1077 297 maxime
1115 250 1300 295 conficio
1344 249 1582 292 orationes:
1618 246 1691 307 jus

125 329 351 372 augurum,
387 312 658 369 pontificum,
697 311 838 363 civile,
869 318 1034 353 tracto:
1077 311 1260 352 multum
1291 308 1418 350 etiam
1451 305 1612 369 Graecis
1642 305 1693 346 li-

124 374 229 414 teris
263 378 385 420 utor;
419 369 874 425 Pythagoreorumque
908 382 1040 419 more,
1077 366 1326 409 exercendae
1361 377 1574 405 memoriae
1602 376 1693 418 gra-

123 428 201 479 tia,
237 427 339 482 quid
376 439 548 481 quoque
585 425 654 466 die
695 424 890 476 dixerim,
932 424 1151 475 audierim,
1189 422 1362 479 egerim,
1402 431 1691 462 commemoro

124 484 309 540 vesperi.
369 481 450 522 Hae
473 487 572 522 sunt
593 481 922 523 exercitationes
943 480 1121 536 ingenii,
1158 481 1253 521 haec
1275 477 1488 520 curricula
1510 474 1692 517 mentis:

123 541 168 582 in
200 540 268 581 his
305 538 522 580 desudans
555 544 684 593 atque
718 538 958 588 elaborans,
987 537 1177 593 corporis
1197 536 1306 577 vires
1326 549 1414 576 non
1434 544 1693 588 magnopere

123 597 345 638 desidero:
378 595 530 635 adsum
573 594 747 646 amicis;
782 594 908 635 venio
940 594 984 634 in
1017 600 1213 634 senatum
1248 592 1462 648 frequens,
1493 589 1692 643 ultroque

124 653 257 695 affero
280 666 347 693 res
375 651 554 692 multum
575 657 619 692 et
638 651 712 691 diu
733 650 970 707 cogitatas3
1001 664 1158 706 easque
1179 656 1301 690 tueor
1321 647 1467 698 animi,
1492 659 1580 687 non
1601 657 1694 685 cor-

123 710 256 766 poris,
273 707 435 749 viribus
452 725 462 760 3
495 722 590 764 quae
608 707 645 748 si
661 707 840 763 exsequi
856 706 1091 762 nequirem,
1108 713 1252 748 tamen
1267 719 1336 746 me
1351 704 1535 746 lectulus
1552 701 1694 743 oblec-

123 773 236 808 taret
253 780 374 806 meus
397 779 449 806 ea
468 764 563 820 ipsa
584 763 863 820 cogitantem,
885 778 981 820 quae
1001 764 1093 819 jam
1114 777 1239 818 agere
1260 776 1347 803 non
1367 773 1541 816 possem
1559 774 1568 799 ε
1600 756 1692 808 sed,

122 830 171 865 ut
191 821 366 879 possim,
390 821 494 862 facit
514 826 613 861 acta
632 821 738 862 vita:
771 835 939 876 semper
966 820 1081 861 enim
1112 820 1157 860 in
1188 819 1256 860 his
1277 817 1432 859 studiis
1453 813 1693 876 laboribus-

123 894 207 935 que
228 877 388 919 viventi
408 891 495 918 non
515 877 779 932 intelligitur,
800 877 971 932 quando
995 877 1174 932 obrepat
1194 881 1418 917 senectus:
1451 872 1512 915 ita
1532 883 1692 913 senS1m

122 935 217 976 sine
240 949 370 975 sensu
386 939 489 974 aetas
507 934 714 983 senescit3
736 947 818 974 nec
832 932 977 974 subito
991 933 1210 989 frangitur,
1229 932 1307 973 sed
1323 929 1602 973 diuturnitate
1618 940 1693 968 ex-

125 990 376 1046 stinguitur.

179 1047 283 1087 XII.
319 1045 524 1101 Sequitur
550 1043 678 1086 tertia
706 1044 965 1100 vituperatio
995 1045 1243 1094 senectutis,
1275 1044 1392 1099 qued
1422 1057 1517 1084 eam
1547 1054 1690 1082 carere

122 1103 276 1145 dicunt
301 1102 613 1158 voluptatibus
674 1100 712 1141 O
732 1102 984 1157 praeclarum
1016 1116 1170 1142 munus
1202 1101 1355 1151 aetatis,
1388 1099 1423 1140 si
1446 1097 1620 1155 quidem
1644 1096 1691 1136 id

122 1161 262 1202 aufert
292 1159 433 1209 nobis,
466 1158 582 1214 quod
604 1164 670 1198 est
688 1157 732 1198 in
755 1158 1051 1199 adolescentia
1080 1156 1430 1199 vitiosissimum!
1491 1153 1691 1210 Accipite

112 1217 251 1268 enim,
284 1215 436 1271 optimi
472 1215 787 1266 adolescentes,
818 1221 1006 1255 veterem
1038 1214 1273 1256 orationem
1308 1213 1514 1268 Archytae
1534 1211 1692 1251 Taren-

121 1273 218 1324 tini,
259 1271 404 1327 magni
449 1271 494 1312 in
538 1271 685 1327 primis
721 1278 765 1312 et
799 1271 989 1327 praeclari
1019 1271 1112 1321 viri,
1149 1286 1246 1326 quae
1280 1270 1385 1311 mihi
1419 1268 1578 1311 tradita
1608 1272 1689 1316 est,

119 1330 221 1372 cum
258 1343 399 1370 essem
432 1328 685 1369 adolescens
707 1327 878 1368 Tarenti
900 1343 998 1369 cum
1020 1328 1074 1376 Q.
1097 1327 1308 1368 Maximo.
1367 1326 1543 1366 Nullam
1573 1323 1689 1380 capi-

119 1386 314 1427 taliorem
350 1391 530 1440 pestem,
567 1383 698 1440 quam
729 1384 917 1440 corporis
946 1385 1226 1440 voluptatem,
1247 1382 1493 1425 hominibus
1515 1381 1690 1422 dicebat

119 1442 147 1483 a
183 1441 336 1483 natura
382 1441 551 1482 datam:
602 1442 724 1496 cujus
765 1441 998 1497 voluptatis
1039 1441 1176 1481 avidae
1212 1440 1413 1481 libidines
1453 1436 1611 1480 temere
1645 1442 1689 1477 et

112 1498 324 1540 ,effrenate
356 1498 411 1538 ad
441 1498 696 1553 potiundum
726 1497 1019 1538 incitarentur.
1085 1497 1199 1537 Hinc
1230 1496 1378 1552 patriae
1405 1494 1687 1551 proditiones,

117 1556 222 1596 hinc
248 1554 657 1610 rerumpublicarum
677 1554 936 1605 eversiones,
959 1554 1060 1595 hinc
1082 1568 1179 1594 cum
1200 1553 1399 1594 hostibus
1421 1549 1688 1593 clandestina

111 1611 355 1667 colloquia,
384 1610 531 1662 nasci3
568 1611 734 1651 nullum
763 1610 949 1666 denique
977 1611 1134 1661 scelus,
1159 1610 1321 1651 nullum
1343 1610 1500 1650 malum
1521 1606 1689 1648 facinus

124 1683 233 1719 esse,
243 1668 296 1708 ad
310 1667 427 1723 quod
439 1666 764 1722 suscipiendum
773 1681 859 1707 non
872 1667 1007 1708 libido
1017 1666 1251 1722 voluptatis
1265 1666 1522 1721 impelleret:
1542 1670 1690 1719 stupra

121 1724 236 1775 vero,
257 1731 302 1765 et
321 1724 544 1771 adulteria,
562 1730 606 1764 et
627 1738 751 1764 omne
773 1723 858 1764 tale
879 1723 1106 1780 flagitium,
1128 1723 1255 1764 nullis
1277 1721 1490 1764 illecebris
1513 1719 1689 1762 excitari

123 1781 232 1832 aliis,
253 1780 335 1821 nisi
352 1779 597 1835 voluptatis.
645 1779 840 1835 Cumque
858 1779 1021 1820 homini
1043 1780 1131 1821 sive
1153 1786 1318 1830 natura,
1341 1779 1429 1820 sive
1447 1777 1544 1834 quis
1566 1778 1687 1828 deus,

120 1837 231 1879 nihil
267 1842 410 1877 mente
447 1836 734 1891 praestabilius
771 1836 988 1887 dedisset3
1020 1836 1121 1877 huic
1142 1836 1287 1877 divino
1315 1836 1479 1876 muneri
1501 1849 1552 1875 ac
1572 1835 1686 1874 dono

123 1893 233 1935 nihil
263 1907 356 1934 esse
393 1899 482 1933 tarn
514 1892 750 1944 inimicum,
771 1892 904 1947 quam
924 1892 1215 1948 voluptatem:
1247 1906 1328 1932 nec
1349 1891 1476 1942 enim,
1506 1890 1687 1931 libidine

123 1949 386 1999 dominante,
405 1948 696 2004 temperantiae
728 1949 872 1989 locum
895 1963 1004 2000 esse,
1033 1963 1172 2004 neque
1193 1948 1366 1989 omnino
1387 1948 1432 1988 in
1452 1946 1687 2002 voluptatis

121 2021 255 2062 regno
283 2005 482 2047 virtutem
509 2019 637 2060 posse
668 2005 929 2046 consistere:
964 2005 1081 2060 quod
1108 2019 1194 2060 quo
1221 2004 1360 2059 magis
1384 2003 1567 2059 intelligi
1588 2017 1688 2059 pos-

111 2070 202 2114 -set,
244 2063 405 2118 fingere
443 2061 586 2102 animo
620 2062 813 2116 jubebat,
850 2061 973 2102 tanta
1000 2061 1223 2103 incitatum
1256 2062 1436 2113 aliquem
1464 2061 1686 2116 voluptate

122 2118 329 2174 corporis,
368 2125 531 2174 quanta
564 2118 727 2174 percipi
761 2124 911 2174 posset
941 2117 1152 2159 maxima:
1183 2118 1342 2159 nemini
1368 2119 1573 2160 censebat
1597 2116 1687 2160 fore

123 2176 317 2225 dubium,
350 2175 454 2231 quin
490 2174 668 2225 tamdiu,
711 2175 813 2215 dum
843 2174 904 2215 ita
939 2175 1158 2230 gauderet,
1193 2175 1298 2215 nihil
1333 2175 1494 2230 agitare
1528 2182 1686 2227 mente,

122 2232 232 2273 nihil
245 2231 423 2283 ratione,
437 2231 543 2272 nihil
557 2231 835 2287 cogitatione,
846 2231 1052 2287 consequi
1066 2238 1227 2287 posset.
1242 2230 1458 2279 Quocirca
1471 2231 1578 2273 nihil
1591 2247 1686 2274 esse

123 2294 213 2330 tam
249 2288 519 2337 detestabile,
553 2294 729 2344 tamque
764 2287 1028 2344 pestiferum,
1060 2290 1187 2344 quam
1224 2288 1513 2344 voluptatem:
1555 2289 1687 2346 siqui-

124 2345 225 2386 dem
255 2360 305 2386 ea
332 2344 430 2386 cum
461 2346 596 2401 major
622 2351 739 2386 esset
768 2352 897 2400 atque
925 2344 1109 2400 longior,
1141 2359 1266 2386 omne
1294 2344 1426 2385 animi
1445 2346 1590 2387 lumen
1611 2360 1685 2387 ex-

112 2401 378 2456 stingueret.
449 2401 555 2443 Haec
590 2416 688 2443 cum
720 2401 769 2442 C.
792 2400 951 2442 Pontio
989 2401 1182 2443 Samnite
1217 2406 1354 2458 (patre
1386 2401 1493 2457 ejus,
1525 2401 1551 2442 a
1581 2416 1683 2458 quo,

126 2457 323 2498 Caudino
353 2458 519 2512 proelio,
552 2458 628 2513 Sp.
650 2457 915 2509 Postumius,
936 2457 985 2499 T.
999 2458 1215 2510 Veturius,
1248 2458 1462 2510 consules,
1495 2459 1683 2514 superati

125 2517 245 2566 sunt)
278 2514 471 2555 locutum
506 2515 759 2570 Archytam,
794 2514 1014 2555 Nearchus
1035 2514 1304 2565 Tarentinus,
1335 2514 1492 2570 hospes
1523 2522 1683 2567 noster,

124 2570 199 2626 qui
234 2569 279 2610 in
310 2570 503 2611 amicitia
533 2570 680 2626 populi
708 2569 835 2612 Rom.
866 2578 1170 2625 permanserat,
1203 2586 1248 2612 se
1281 2569 1307 2611 a
1326 2571 1558 2626 majoribus
1579 2578 1685 2613 natu

115 2626 345 2682 vaccepisse
366 2627 551 2678 dicebat,
570 2628 665 2668 curn
681 2627 856 2682 quidem
872 2627 911 2668 ei
928 2627 1112 2668 sermoni
1128 2627 1393 2669 interfuisset
1407 2626 1533 2669 Plato
1551 2628 1685 2670 Athe-

115 2683 314 2734 niensis3
360 2698 486 2739 quem
521 2683 751 2725 Tarentum
788 2683 970 2736 venisse,
1015 2684 1060 2725 L.
1093 2684 1293 2732 Camillo,
1324 2684 1467 2739 Appio
1501 2684 1683 2726 Claudio

112 2740 389 2791 consulibus,
405 2740 583 2797 reperio.
629 2740 844 2788 Quorsum
860 2741 981 2782 haec?
1012 2746 1060 2782 ut
1078 2740 1342 2796 intelligatis,
1364 2741 1399 2781 si
1419 2741 1684 2798 voluptatem

120 2796 370 2855 adspernari
399 2798 563 2844 ratione
598 2803 643 2841 et
668 2797 880 2855 sapientia
913 2812 1000 2842 non
1026 2811 1265 2854 possemuS,
1295 2812 1495 2854 magnam
1528 2799 1686 2842 haben-
