1858 3095
607 178 658 210 ns
687 169 944 215 cummim
973 173 1042 210 111:
1602 163 1686 218 1‘1'7

54 255 238 297 turcium
258 252 352 297 sine
374 251 533 296 Gallis:
565 253 694 295 fidem
715 254 753 296 ei
776 253 993 310 publicam
1016 254 1141 309 jussu
1166 250 1341 294 senatus
1363 248 1483 291 dedi:
1513 248 1612 292 hor-
1622 250 1679 293 60

53 319 169 354 tatus
185 318 354 364 sum,ut
373 325 437 361 ea,
454 324 550 366 quae
571 310 714 362 sciret,
736 310 826 352 sine
847 310 998 351 timore
1019 310 1243 351 indicaret.
1272 307 1381 348 Tum
1401 307 1470 348 ille
1484 306 1607 353 dixit,

52 369 150 410 cum
170 370 240 410 vix
262 383 307 410 se
327 382 379 410 ex
400 381 553 424 magno
570 367 721 408 timore
738 367 991 418 recreasset,
1015 366 1040 408 ῑι
1058 366 1107 408 Ρ.
1123 365 1302 408 Lentulo
1323 379 1369 405 se
1385 363 1540 405 habere
1554 363 1610 404 ad

52 426 282 468 Catilinam
302 424 502 466 mandata
537 430 579 465 et
607 424 767 475 literas,
800 431 848 465 ut
877 438 1092 466 servorum
1112 421 1310 479 praesidio
1332 426 1536 471 uteretur,
1565 424 1610 460 et

51 483 106 524 ad
139 483 295 524 Urbem
322 480 632 538 quamprimum
670 496 768 522 cum
800 481 991 522 exercitu
1026 480 1276 529 accederet3
1306 477 1350 518 id
1386 483 1529 519 autem
1556 490 1608 518 eo

51 539 243 590 consilio,
273 544 335 589 ut,
365 537 462 580 cum
497 538 645 580 urbem
676 537 874 580 omnibus
908 552 960 580 ex
999 537 1206 593 partibus,
1245 533 1675 591 quemadmodum65

50 597 67 620 ¹¹
80 595 342 651 descriptum
358 594 721 651 distributumque
744 601 846 645 erat,
869 594 1176 644 incendissent,
1198 591 1447 646 oaedemque
1467 589 1609 630 infini-

49 659 138 694 tam
171 651 329 694 civium
363 651 580 703 fecissent,
613 650 768 707 praesto
796 657 912 692 esset
943 650 1030 699 ille,
1057 648 1130 705 qui
1166 654 1210 689 et
1239 647 1454 704 fugientes
1475 645 1610 688 iexci-

48 714 182 766 peret,
221 715 266 750 et
298 722 344 750 se
369 722 468 750 cum
498 708 565 749 his
592 707 766 749 urbanis
796 707 978 748 ducibus
1009 706 1305 762 conjungeret.
1367 701 1608 745 Introducti

50 771 194 807 autem
215 765 347 818 Galli,
375 765 677 822 jusjurandum
697 763 793 814 sibi,
826 769 870 805 et
887 763 1033 804 literas
1054 761 1080 804 a
1101 762 1151 803 Ρ.
1169 760 1364 812 Lentule,
1396 760 1609 817 Cethego,

49 821 237 871 Statilio,
275 823 331 864 ad
362 836 483 863 suam
515 827 688 878 gentem
720 821 842 862 datas
877 835 987 872 esse,
1022 819 1244 869 dixerunt3
1274 823 1405 873 atque
1436 816 1497 859 ita
1524 816 1676 858 sibi70

49 879 104 921 ab
123 879 190 920 his
212 885 256 921 et
276 877 302 919 ὲ
323 878 367 922 L.
389 878 543 920 Cassio
563 893 658 920 esse
684 877 992 935 praescriptum,
1022 884 1072 918 ut
1105 875 1341 932 equitatum
1367 874 1412 915 in
1439 873 1612 916 ltaliam

47 934 360 1033 quamprimum
395 935 633 987 mitterent3
674 935 896 992 pedestres
945 932 1028 975 sibi
1065 933 1212 989 copias
1238 945 1325 972 non
1363 930 1608 973 defuturas:

85 994 279 1035 entulum
312 999 456 1035 autem
489 992 572 1034 sibi
603 991 898 1043 confirmasse,
933 1005 986 1032 ex
1021 989 1121 1032 satis
1155 987 1378 1044 Sibyllinis
1417 987 1609 1044 haruspi-

50 1064 235 1106 cumque
262 1049 498 1106 responsis,
534 1064 580 1092 se
616 1063 710 1092 esse
743 1049 917 1090 tertium
942 1047 1064 1088 illum
1092 1045 1356 1096 Cornelium,
1395 1044 1450 1086 ad
1482 1058 1610 1101 quem

50 1115 229 1164 regnum
267 1106 383 1148 urbis
418 1107 546 1163 hujus
580 1114 709 1162 atque
744 1105 969 1161 imperium
999 1103 1220 1161 pervenire
1255 1107 1371 1143 esset
1407 1100 1675 1143 necesse275

52 1163 237 1205 Cinnam
256 1169 356 1204 ante
376 1177 438 1215 se,
460 1170 503 1204 et
523 1163 702 1219 Syllam,
731 1162 886 1204 fuisse:
919 1161 1202 1217 eumdemque
1224 1158 1399 1207 dixisse,
1434 1157 1610 1200 fatalem

49 1220 165 1261 hunc
181 1234 276 1261 esse
292 1234 450 1262 annum
466 1220 522 1261 ad
542 1219 758 1261 interitum
777 1219 906 1275 hujus
926 1218 1044 1260 urbis
1064 1224 1194 1274 atque
1212 1215 1390 1272 imperii,
1407 1214 1480 1271 qui
1494 1220 1611 1256 esset

51 1276 244 1318 decimus
265 1290 402 1318 annus
423 1282 523 1332 post
538 1276 750 1332 virginum
780 1275 1105 1326 absolutionem,
1124 1279 1224 1330 post
1244 1271 1445 1329 Capitolii
1466 1277 1611 1313 autem

48 1332 344 1375 incensionem
362 1332 628 1375 vicessimus.
687 1331 813 1374 Hanc
828 1338 972 1373 autem
992 1331 1187 1386 Cethego
1207 1342 1307 1370 cum
1325 1327 1492 1370 caeteris
1508 1342 1614 1370 con-

49 1389 298 1434 troversiam
318 1388 450 1432 fuisse
471 1389 686 1443 dixerunt,
716 1388 845 1447 quod,
868 1387 965 1432 cum
986 1387 1169 1431 Lentulo
1190 1392 1236 1428 et
1254 1384 1435 1438 caeteris,
1466 1382 1676 1428 Satur-80

165 1539 184 1563 ¹¹
190 1540 409 1595 partitum
427 1543 468 1582 et
487 1539 687 1580 divisum.

98 1701 151 1732 60.
174 1700 464 1743 Ρέᾱηηραὸίὼαηι.]
511 1700 551 1733 Id
568 1706 616 1732 est
643 1701 810 1742 impunita·

56 1749 119 1776 tem
135 1755 171 1776 ex
195 1745 258 1777 fide
285 1745 412 1787 publica
437 1745 594 1787 pollicitus
620 1750 669 1776 est
681 1744 809 1776 Vultur-

55 1788 127 1825 cio;
149 1799 234 1827 nam,
261 1788 326 1820 sine
338 1789 521 1820 auctoritate
536 1787 673 1825 senatfis,
685 1788 778 1819 etiam
791 1787 810 1818 ἆ

56 1832 183 1863 consule
198 1832 284 1868 data,
306 1842 369 1862 non
384 1833 518 1863 valebat.

98 1876 152 1905 63.
174 1874 348 1916 Mandata]
372 1875 551 1906 Vulturcius
566 1874 705 1906 habebat
722 1884 809 1904 man-

56 1918 142 1953 data,
165 1928 234 1960 quae
253 1918 273 1948 a
296 1917 334 1948 Ρ.
358 1917 493 1949 Lentulo
517 1929 568 1949 ore
593 1918 744 1960 proferret
768 1917 810 1947 ad

57 1960 233 1991 Catilinam.
530 1982 531 1985 =

101 2004 156 2034 68.
177 2003 337 2045 Ducibus]
383 2003 578 2044 Conjuratos,
601 2003 656 2044 qui
678 2003 710 2033 in
726 2002 812 2034 Urbe

57 2045 156 2077 relicti
184 2046 307 2077 fuerant
329 2046 348 2077 ἆ
378 2047 526 2083 Catilina,
556 2047 652 2077 duces
677 2046 809 2076 urbanos

55 2089 205 2120 nominat.

101 2132 151 2162 Ib.
173 2131 340 2162 Introduc&
354 2130 466 2172 Galli]
509 2130 707 2172 Profertjam
722 2129 811 2161 Allo-

58 2176 187 2216 brogum
217 2174 378 2212 indicium,
412 2175 497 2216 quod
525 2174 600 2206 actis
630 2179 662 2205 et
689 2173 812 2214 scriptis

59 2217 191 2260 primurn
207 2217 346 2258 exponit.

102 2263 157 2292 73.
179 2260 224 2291 Er
235 2259 316 2302 fatis
333 2259 511 2300 Sibyllinis]
563 2259 642 2291 Fata
663 2257 814 2300 Sibyllina

59 2304 205 2335 vaticinia
227 2309 298 2334 sunt
327 2302 524 2344 Sibyllarum,
553 2313 624 2344 quae
648 2302 722 2344 quia
748 2301 814 2332 fata

60 2347 342 2388 comprehendunt,
356 2346 432 2382 fata,
454 2351 486 2376 et
500 2356 602 2387 casus,
625 2351 657 2377 et
671 2344 812 2376 interitus

59 2390 181 2426 fatales,
198 2388 297 2431 ⁴vulgo
312 2389 514 2420 vocabantur.

103 2433 152 2465 lb.
169 2432 420 2473 Haruspicumque
430 2431 596 2474 responsis]
630 2431 809 2472 Haruspex,

59 2485 118 2507 seu
141 2475 296 2517 Aruspex,
328 2476 401 2506 hinc
426 2475 489 2506 dici
518 2480 655 2516 putatur,
685 2473 760 2516 quia
777 2473 811 2505 in

62 2518 116 2549 arii
134 2524 205 2549 exta
219 2518 398 2550 animalium
409 2517 546 2559 inspicit.
588 2517 690 2548 Aliter
704 2521 811 2548 censet

61 2561 218 2601 Donatus,
232 2560 316 2604 quod
340 2561 455 2602 nempe
467 2559 620 2601 Hamispeae
633 2561 669 2591 ab
686 2559 811 2601 Haruga

59 2606 245 2643 nomz'mtur3
277 2615 347 2635 nam
372 2605 500 2646 Haruga
524 2605 633 2634 dicitur
657 2604 759 2638 hostia,
777 2604 813 2633 ab

63 2647 147 2684 hard,
165 2649 197 2678 in
224 2648 280 2689 qud
303 2649 488 2679 concluditur
499 2653 526 2678 et
541 2653 683 2678 servatur.
726 2646 813 2678 Hara

61 2696 160 2722 autem
173 2695 224 2728 est,
240 2692 273 2720 in
286 2690 342 2731 quai
354 2701 454 2730 pecora
466 2692 674 2722 includuntur.

107 2735 162 2764 74.
183 2732 312 2763 Tertium
328 2733 520 2775 Cornelium]
543 2733 682 2765 Dicebat
694 2732 812 2764 Lentu-

66 2777 114 2808 lus
129 2787 167 2807 ex
182 2775 264 2807 libris
278 2775 451 2818 Sibyllinis,
466 2777 590 2807 tertium
604 2787 638 2807 se
652 2786 719 2807 esse
735 2776 812 2806 Cor-

61 2819 182 2852 nelium
194 2818 246 2853 cui
266 2828 400 2861 regnum»
414 2819 667 2861 portendebatur.
708 2818 813 2861 Scrip-

953 1535 1182 1590 ‘reciperet
1199 1539 1242 1578 et
1260 1534 1480 1577 occideret.

855 1705 919 1732 tum
935 1700 1018 1732 enirn
1044 1704 1111 1731 erat
1135 1699 1168 1732 in
1193 1698 1255 1731 illis
1283 1698 1482 1739 carminibus,
1503 1698 1561 1740 tria
1576 1698 1611 1730 K

856 1744 887 1776 K
919 1744 951 1775 K
981 1743 1135 1785 pessima;
1165 1743 1250 1785 quod
1282 1743 1385 1775 Graeci
1409 1743 1448 1774 ad
1480 1741 1610 1783 Cappa·

855 1789 962 1824 doces,
986 1786 1114 1823 Cilices,
1136 1792 1169 1817 et
1197 1785 1377 1822 Cretenses,
1407 1785 1608 1823 referebant;

854 1831 992 1862 Romani
1017 1830 1088 1861 vero
1114 1830 1154 1860 ad
1185 1835 1245 1861 tres
1269 1829 1441 1867 Cornelios,
1464 1828 1613 1866 Cinnam,

853 1875 984 1916 Syllam,
1008 1879 1040 1903 et
1052 1873 1230 1904 Lentulum.

897 1919 951 1950 76.
973 1916 1104 1948 Fatalem
1133 1916 1237 1957 huna]
1284 1915 1329 1946 Ut
1349 1915 1418 1955 ipse
1448 1913 1608 1955 accepisse

856 1971 889 1992 se
906 1960 1031 1991 dicebat
1055 1961 1095 1990 ab
1117 1958 1343 1999 haruspicibus,
1374 1959 1457 1988 hunc
1480 1955 1607 1987 fatalem

856 2014 970 2034 annum
1009 2002 1182 2039 advenisse,
1216 2002 1270 2043 qui
1295 2007 1439 2032 cruentus
1466 1999 1606 2041 Reipub.

851 2047 1104 2088 portendebatur.

895 2090 950 2120 ¹78.
975 2087 1043 2118 Post
1062 2089 1210 2129 virginum
1227 2083 1454 2125 absolutimaem.]
1497 2083 1608 2125 Fabia,

854 2130 990 2162 Vestalis
1003 2132 1100 2171 virgo,
1114 2141 1177 2160 non
1192 2128 1288 2159 multo
1304 2134 1376 2159 ante
1401 2129 1482 2158 hanc
1501 2130 1610 2167 conju-

855 2174 1017 2210 rationem,
1035 2173 1146 2206 incesti
1165 2183 1289 2203 causam
1303 2172 1401 2202 dixit:
1427 2170 1457 2202 ei
1472 2169 1609 2202 Catilina.

857 2216 998 2258 objectus
1018 2222 1076 2248 est.
1127 2216 1200 2247 Fuit
1227 2220 1330 2246 autern
1359 2213 1511 2250 absoluta,
1533 2213 1608 2255 quia

857 2270 941 2291 soror
970 2265 1036 2290 erat
1063 2258 1217 2290 Terentiae
1241 2257 1400 2290 Ciceronis
1435 2257 1550 2294 uxoris,
1573 2262 1608 2288 ut

857 2303 962 2334 scribit
974 2301 1141 2334 Asconius.

900 2346 950 2376 Ib.
974 2344 1112 2385 Capitolii
1135 2342 1349 2384 incensionem]
1394 2341 1432 2375 L.
1460 2343 1608 2385 Scipione

853 2393 886 2419 et
909 2388 947 2421 C.
970 2387 1119 2419 Narbone
1141 2387 1231 2419 Coss.
1256 2386 1419 2418 custodum
1445 2387 1608 2428 negligen-

854 2432 899 2462 tia
935 2431 1127 2472 Capitolium
1161 2430 1378 2471 conflagravit,
1412 2429 1506 2470 paulo
1533 2434 1607 2461 ante

854 2474 951 2516 Synae
973 2479 1124 2516 tempora,
1147 2473 1232 2515 quod
1258 2473 1277 2503 ἐ.
1301 2472 1343 2509 Q.
1358 2471 1472 2504 Catulo
1485 2473 1610 2514 postea,

854 2518 1023 2548 Hortensio
1068 2523 1101 2549 et
1144 2515 1278 2549 Metello
1323 2515 1410 2547 Coss.
1434 2516 1608 2547 restitutum

855 2566 912 2592 est.

899 2607 951 2635 80.
973 2603 1203 2644 Saturnalibus]
1250 2602 1343 2633 Diem
1353 2600 1607 2636 saturnaliorum,

856 2648 910 2688 qui
937 2647 969 2677 in
996 2647 1080 2678 diem
1103 2646 1259 2678 decimum
1284 2650 1426 2686 quartum
1449 2643 1607 2674 Februarii

853 2689 1026 2728 incidebat,
1058 2689 1187 2732 seligere
1220 2688 1379 2723 volebant,
1412 2686 1452 2716 ad
1485 2686 1605 2716 caedem

853 2732 1051 2771 faciendam3
1100 2744 1163 2774 quo
1208 2738 1348 2771 tempore
1392 2733 1458 2759 tota
1499 2728 1607 2760 civitas

856 2776 940 2806 omni
954 2775 1061 2819 generi
1075 2775 1190 2809 laetitiae
1215 2779 1248 2805 et
1270 2771 1481 2814 voluptatibus
1502 2771 1610 2818 dedite

853 2824 930 2853 erat.

1155 2873 1181 2900 L
1200 2860 1227 2900 2
