1790 3090
102 147 187 195 166

122 687 176 727 60
196 686 432 727 restitutus.

797 159 888 193 PRO
913 159 1125 193 MURENA.

185 238 253 275 est
272 233 524 283 mirandum,
548 246 642 275 eam
663 232 709 275 L.
724 234 921 279 Murenae
936 237 1049 294 apud
1066 236 1269 293 populum
1286 235 1512 293 profuisse.
1573 235 1675 285 Sed,
1709 235 1746 276 si

185 297 358 333 nosmet
386 290 483 345 ipsi,
516 290 590 345 qui
616 297 658 332 et
682 292 734 332 ab
755 293 1041 335 delectatione
1063 293 1177 334 omni
1198 294 1382 350 negotiis
1405 290 1669 348 impedimur,
1703 298 1748 334 et

188 347 235 388 in
260 347 355 403 ipsa
385 346 667 402 occupatione
690 348 999 391 delectationes
1021 350 1124 392 alias
1147 351 1303 391 multas
1324 350 1480 390 habere
1502 363 1746 404 possumus,

193 461 338 502 tudine
361 459 565 499 indocta?

115 400 171 441 55
190 404 303 445 ludis
324 409 466 443 tamen
489 403 752 444 oblectamur
783 412 826 445 et
856 407 1070 457 ducimur3
1103 406 1207 461 quid
1228 413 1274 446 tu
1295 406 1500 447 admirere
1522 405 1574 445 de
1604 403 1748 444 multi-

625 460 657 500 L
692 460 824 511 Otho,
857 462 918 501 vir
939 462 1072 511 fortis,
1105 476 1225 502 meus
1247 462 1528 511 necessarius,
1562 458 1749 516 equestri

194 516 331 558 ordini
352 515 550 564 restituit,
572 530 656 556 non
678 516 816 557 solum
839 517 1102 572 dignitatem,
1127 518 1200 558 sed
1216 518 1343 558 etiam
1363 519 1648 574 voluptatem;
1669 516 1750 556 ita-

193 588 276 628 que
297 573 364 613 lex
385 572 489 622 haec,
510 587 605 628 quae
620 573 675 613 ad
691 574 814 614 ludos
832 574 1027 628 pertinet,
1042 581 1108 614 est
1123 573 1310 614 omnium
1332 574 1592 629 gratissima3
1633 570 1750 628 quod

192 628 496 670 honestissimo
513 628 664 679 ordIni,
677 644 773 669 cum
789 629 1668 686 ¹splendorest'ructusquoquejucunditatis
1684 634 1751 669 est

491 684 633 733 Quare
668 686 884 727 delectant
915 687 1107 727 homines
1143 686 1265 738 (mihi
1311 687 1455 737 crede)
1483 686 1588 733 ludi,
1621 686 1752 726 etiam

194 742 292 783 illos
319 741 393 798 qui
423 741 706 792 dissimulant,
740 757 825 783 non
856 742 992 783 solum
1024 757 1097 784 eos
1125 742 1197 798 qui
1227 743 1435 783 fatentur:
1468 743 1584 797 quod
1606 756 1687 797 ego
1707 741 1751 781 in

195 799 294 839 mea
313 797 517 855 petitione
545 798 683 839 sensi:
715 813 813 838 nam
832 814 910 840 nos
940 814 1113 855 quoque
1136 799 1361 840 habuimus
1383 813 1555 840 scenam
1575 812 1750 853 compe-

195 855 396 896 titricem.
440 853 567 901 Quod
585 854 619 894 si
638 869 732 910 ego,
756 855 829 910 qui
844 855 977 896 trinos
994 856 1116 896 ludos
1133 855 1269 897 aedilis
1283 855 1481 903 feceram,
1502 862 1645 895 tamen
1663 854 1753 894 An-

195 911 305 951 tonii
324 909 436 951 ludis
459 912 782 961 commovebar3
815 912 903 962 tibi,
931 912 1003 967 qui
1026 927 1128 953 casu
1145 913 1285 953 nullos
1306 913 1481 961 feceras,
1502 911 1607 951 nihil
1623 910 1751 966 hujus

124 966 178 1007 65
198 967 323 1008 istam
345 966 494 1021 ipsam,
517 981 646 1020 quam
667 966 828 1016 irrides,
851 975 1096 1022 argenteam
1117 983 1289 1009 scenam
1309 969 1576 1009 adversatam
1598 967 1752 1023 putas?

200 1023 286 1064 Sed
318 1023 410 1063 haec
433 1021 534 1062 sane
558 1022 642 1062 sint
661 1022 779 1077 paria
798 1024 958 1064 onmia:

994 1025 1050 1065 sit
1084 1039 1158 1080 par
1189 1025 1371 1065 forensis
1402 1039 1530 1079 opera
1557 1022 1752 1071 militari3

198 1079 255 1120 sit
290 1094 365 1135 par
395 1077 567 1119 militari
595 1079 842 1134 suffragatio
866 1080 1047 1121 urbana:
1081 1081 1138 1120 sit
1158 1081 1271 1120 idem
1303 1079 1752 1135 magnificentissimos

199 1142 242 1176 et
262 1136 401 1176 nullos
423 1150 611 1190 unquam
633 1135 786 1176 fecisse
816 1136 962 1177 ludos:

199 1191 417 1232 existimas
440 1191 547 1232 inter
567 1198 684 1232 tuam
713 1199 754 1232 et
774 1191 895 1232 istius
915 1199 1072 1233 sortem
1093 1192 1365 1233 interfuisse?

999 1136 1102 1191 quid
1120 1137 1136 1176 ’ἲ
1168 1137 1211 1176 in
1240 1136 1334 1191 ipsa
1357 1135 1542 1191 praeturfi
1574 1135 1753 1176 nihil-ne

1427 1192 1568 1247 Hujus
1591 1206 1682 1233 sors
1704 1206 1755 1232 ea

126 1246 179 1287 70
198 1248 290 1299 fuit,
322 1263 451 1304 quam
487 1263 634 1289 omnes
670 1248 730 1289 tui
763 1249 990 1289 necessarii
1021 1249 1097 1290 tibi
1130 1249 1399 1304 optabamus,
1425 1249 1534 1304 juris
1556 1247 1754 1299 dicendi;

196 1304 240 1344 in
275 1305 361 1360 quii
393 1304 571 1360 gloriam
600 1304 804 1345 conciliat
834 1306 1087 1362 magnitudo
1120 1306 1295 1361 negotii,
1330 1306 1509 1362 gratiam
1538 1303 1755 1360 aequitatis

197 1361 389 1416 largitio:
421 1361 508 1417 qua
525 1361 568 1401 in
590 1368 702 1402 sorte
725 1361 893 1416 sapiens
918 1369 1085 1418 praetor,
1104 1362 1243 1417 qualis
1265 1362 1336 1403 hic
1354 1361 1449 1413 fuit,
1472 1360 1756 1403 offensionem

198 1417 306 1458 vitat
335 1418 624 1472 aequabilitate
664 1418 934 1469 decernendi,
971 1418 1317 1459 benevolentiam
1347 1417 1547 1474 adjungit
1577 1417 1755 1458 lenitate

197 1474 413 1516 audiendi.
465 1473 652 1530 Egregia
673 1481 715 1515 et
731 1475 786 1515 ad
808 1475 1078 1515 consulatum
1100 1482 1201 1529 apta
1222 1474 1458 1530 provincia,
1488 1475 1533 1514 in
1554 1473 1641 1529 qua
1661 1474 1756 1514 laus

195 1592 282 1629 tate
313 1586 596 1629 concluditur.

239 1802 291 1832 56.
316 1799 353 1832 L.
370 1799 452 1837 otha,
468 1799 637 1842 riv-sinna]
662 1802 697 1832 L.
710 1801 842 1832 Roscius
857 1801 953 1837 Otho,

196 1843 334 1874 tribunus
350 1844 462 1884 plebis,
484 1844 585 1884 legem
603 1845 682 1881 tulit,
706 1851 738 1874 ut
754 1845 838 1884 apud
855 1845 954 1875 Asco-

195 1886 280 1916 nium
297 1887 417 1926 legitur,
441 1893 473 1917 ut
489 1888 645 1927 equitibus
663 1888 811 1917 Romanis
823 1888 853 1917 in
868 1889 954 1917 thea-

195 1934 242 1958 tro
258 1930 488 1969 quatuordecim
499 1931 611 1969 gradus
626 1930 955 1971 proximiassignaren-

196 1976 266 2010 tur3
290 1982 350 2012 quo
374 1972 457 2003 facto
479 1973 584 2002 odium
608 1973 812 2003 multitudinis
835 1974 866 2002 in
883 1984 953 2002 eum

196 2014 384 2045 concitatum
400 2020 459 2052 est,
473 2016 557 2055 quod
571 2016 681 2046 Cicero
694 2015 799 2045 consul
815 2016 956 2045 restinxit

196 2056 303 2086 habita
317 2058 468 2087 concione
484 2059 522 2087 ad
540 2069 614 2098 pop.
628 2058 659 2088 in
677 2058 793 2098 templo
804 2058 954 2088 Bellonae.

198 2098 321 2129 Eiidem
330 2100 399 2139 lege
408 2098 524 2130 Roscia
534 2101 566 2129 di
575 2101 749 2131 coctoribus
760 2107 858 2131 certus
869 2101 954 2131 locus

196 2141 229 2171 in
256 2140 375 2172 theatro
405 2142 587 2173 constitutus
615 2150 672 2179 est,
707 2150 741 2173 ut
775 2143 886 2173 dicitur
922 2144 954 2173 in

198 2184 282 2215 Phil.
299 2188 329 2215 2.

241 2230 292 2257 62.
343 2227 458 2257 Scenam
493 2228 734 2268 competilricem]
794 2228 956 2268 Significat

199 2269 310 2300 Cicero
332 2271 475 2301 habuisse
498 2282 530 2301 se
553 2271 583 2300 in
608 2271 758 2311 petitione
780 2271 956 2302 consulatus

198 2313 429 2350 competitores,
459 2313 513 2352 qui
540 2314 629 2344 ludos
653 2314 769 2354 populo
792 2315 954 2351 dederant,

200 2354 279 2385 adeo
297 2361 331 2385 ut
346 2366 436 2385 scena
452 2356 504 2385 illa
521 2361 625 2396 petere
642 2366 697 2395 pro
707 2357 750 2386 eis
762 2356 954 2386 consulatum

195 2397 368 2432 videretur.
412 2398 511 2428 scena
523 2404 624 2428 autem
640 2399 725 2428 locus
741 2405 807 2428 erat
823 2399 853 2428 in
870 2400 957 2429 thea-

198 2444 258 2477 tro,
283 2440 334 2469 ubi
350 2440 510 2470 histriones
526 2446 557 2470 et
570 2446 687 2471 actores
703 2441 848 2481 agr-bant.

195 2518 197 2520 ¹
243 2484 296 2513 63.
322 2482 424 2513 Triiws
447 2483 552 2523 ludos]
598 2483 706 2513 Trinos
733 2484 821 2514 ludos
845 2482 956 2515 Cicero

201 2524 338 2554 exhibuit
349 2525 477 2565 populo,
493 2525 562 2556 cnm
579 2526 676 2555 aedilis
692 2532 766 2555 crat.

244 2567 293 2597 Ib.
314 2568 436 2597 Antonii
450 2569 553 2608 ludis]
584 2568 688 2598 Ludos
701 2568 775 2598 fecit
789 2567 955 2604 Antonius,

200 2608 271 2640 cum
283 2609 432 2640 aedilitate
443 2611 622 2650 fungeretur
632 2621 639 2646 ;
651 2614 749 2651 cujus,
760 2611 791 2640 in
805 2611 954 2651 petitione

191 2651 388 2693 consulatus,
414 2654 597 2693 competitor
621 2654 680 2683 fuit
708 2653 827 2683 Cicero.
887 2653 954 2683 Hos

198 2700 302 2725 autem
326 2695 450 2726 dedisse
465 2696 496 2725 in
512 2695 606 2726 scena
621 2696 767 2737 argentea
781 2697 873 2726 refert
889 2696 954 2726 Pli-

194 2737 276 2773 nius,
299 2738 352 2770 lib.
375 2740 428 2774 33,
451 2749 521 2780 cap.
544 2741 575 2775 3,
599 2740 682 2780 quod
707 2744 739 2768 et
762 2740 801 2769 de
817 2739 953 2769 BIureria

194 2780 287 2811 etiam
302 2787 569 2819 commemoratur,
594 2782 645 2822 qui
662 2792 784 2813 scenam
802 2782 951 2819 exhibuit,

123 1529 178 1570 75
196 1530 427 1585 aequitatis,
459 1529 730 1586 integritatis,
759 1530 997 1582 facilitatis,
1029 1532 1082 1572 ad
1112 1538 1360 1579 extremum,
1390 1531 1588 1572 ludorum
1609 1530 1757 1585 volup-

656 1586 772 1637 Quid
794 1594 869 1629 tua
889 1602 977 1630 sors
990 1588 1006 1628 ⁴?
1037 1587 1185 1639 tristis,
1219 1594 1357 1640 atrOX,
1384 1587 1565 1644 quaestio
1586 1587 1758 1643 pecula-

997 1801 1029 1832 in
1045 1801 1107 1842 quii
1122 1801 1206 1832 sucre
1229 1801 1349 1842 argenti
1373 1801 1479 1842 pondo
1500 1803 1625 1832 centum
1647 1799 1759 1842 viginti

998 1852 1139 1885 quatuor.

1041 1889 1092 1917 66.
1116 1887 1170 1918 Sed
1185 1887 1242 1916 lure
1255 1885 1341 1926 sint]
1399 1885 1523 1916 Transit
1542 1886 1580 1916 ad
1598 1896 1758 1927 compara-

999 1929 1113 1960 tionem
1131 1935 1290 1969 praeturae;
1315 1940 1447 1969 eamque
1463 1929 1503 1957 ita
1519 1933 1640 1965 tractat,
1664 1936 1707 1964 ut,
1733 1929 1757 1959 si

996 1972 1074 2002 sorte
1103 1973 1204 2013 priora
1227 1983 1287 2002 non
1315 1971 1465 2012 ejusmodi
1489 1981 1556 2001 esse
1581 1972 1758 2007 videantur,

999 2025 1067 2055 qua?
1085 2021 1203 2044 tantum
1219 2016 1376 2049 honorem,
1401 2024 1463 2055 prm
1478 2013 1628 2054 Sulpicio,
1651 2014 1760 2045 Mure-

1000 2067 1047 2086 nae
1063 2058 1227 2088 conciliare
1244 2058 1406 2092 deberent,
1429 2057 1496 2096 ipsa
1509 2061 1612 2086 tamen
1626 2064 1759 2097 praetura

997 2099 1088 2130 facile
1105 2102 1144 2130 ad
1161 2101 1219 2130 hoc
1234 2100 1389 2140 fastigium
1406 2098 1571 2137 extulerit3
1591 2105 1701 2140 estque
1724 2100 1757 2130 in

998 2144 1056 2172 hoc
1081 2143 1239 2173 concessio
1263 2143 1418 2183 quaedam,
1447 2143 1487 2172 de
1515 2141 1576 2172 illis
1604 2143 1760 2179 omnibus,

999 2196 1068 2226 quae
1085 2186 1175 2216 valde
1191 2186 1318 2226 probare
1333 2185 1461 2215 studuit.

1042 2231 1094 2259 70.
1119 2228 1202 2259 Juris
1230 2229 1371 2269 dicendi]
1417 2227 1503 2258 Inter
1530 2233 1676 2268 praetorcs
1704 2228 1758 2258 alii

1000 2277 1154 2310 praccrant
1178 2271 1209 2300 in
1235 2271 1320 2302 Urbe
1340 2272 1439 2302 causis
1463 2271 1600 2310 privatis,
1625 2270 1675 2301 alii
1700 2281 1758 2310 pu-

999 2313 1097 2350 blicis,
1114 2314 1164 2344 alii
1180 2314 1335 2349 civilibus,
1357 2314 1408 2344 alii
1424 2313 1602 2343 criminosis.
1650 2313 1758 2343 Mure-

997 2366 1037 2386 na
1064 2357 1185 2386 sortitus
1211 2363 1259 2386 est
1284 2367 1392 2387 causas
1423 2356 1568 2396 privatas,
1600 2355 1757 2394 Sulpicius

999 2399 1156 2438 publicas;
1181 2400 1223 2429 ait
1239 2404 1343 2429 autem
1360 2399 1482 2434 Cicero,
1506 2397 1589 2438 qued
1608 2397 1758 2439 Sulpicio,

1000 2446 1106 2481 utpote
1130 2441 1362 2481 jurisconsulto,
1399 2452 1505 2471 omnes
1535 2445 1648 2470 sortem
1683 2441 1760 2471 Mu-

997 2494 1089 2518 renae,
1113 2483 1143 2513 id
1160 2490 1217 2521 est,
1242 2484 1369 2525 privatis
1389 2483 1488 2514 causis
1503 2493 1645 2523 praeessc,
1669 2489 1760 2525 opta·

997 2526 1123 2556 vissent.
1590 2533 1595 2535 “

1042 2571 1093 2598 71.
1120 2568 1255 2599 Gratiam
1278 2570 1421 2608 oequitalis
1446 2568 1595 2609 largitio]

998 2614 1080 2651 quod
1091 2610 1144 2651 jus
1159 2618 1265 2651 negat,
1285 2612 1414 2651 aequitas
1429 2611 1563 2652 largitur.

1041 2656 1094 2684 76.
1142 2654 1265 2688 taa‘stio
1287 2654 1467 2695 peculatus]
1535 2653 1674 2690 Quaestio
1703 2664 1759 2694 pe-

998 2695 1114 2727 eulaius
1135 2696 1289 2736 judicium
1306 2697 1463 2738 publicum
1480 2704 1527 2727 est
1542 2698 1583 2727 de
1601 2696 1757 2737 peculatu,

997 2739 1056 2770 hoc
1070 2744 1127 2773 est,
1150 2740 1190 2769 de
1213 2740 1292 2770 furto
1317 2740 1449 2780 pubiicae
1470 2740 1520 2770 vel
1543 2749 1637 2770 sacrae
1660 2745 1758 2780 p'ecu-

996 2782 1065 2812 niae.
1112 2781 1173 2814 Hic
1194 2788 1415 2815 commemorat
1430 2783 1532 2815 omnia
1547 2782 1756 2818 incommoda,

1656 2567 1759 2610 Saepe,
