1858 3095
615 147 706 180 PRO
730 145 920 185 ARCHIA,
944 147 1103 180 POETA.

81 225 219 267 stituti
239 225 362 267 rebus
379 224 568 282 optimiS,
594 239 681 266 non
713 225 933 282 poetarum
968 239 1073 266 voce
1104 235 1348 264 moveamur
1359 221 1377 285 ἒ.
1405 222 1638 267 Homerum

85 282 347 338 Colophonii
368 283 503 324 civem
533 296 628 322 esse
660 282 812 324 dicunt
839 296 978 331 suum,
1001 281 1098 321 Chii
1122 294 1244 320 suum
1265 279 1498 330 vindicant,
1521 279 1639 323 Sala-

83 338 202 380 minii
219 346 428 396 repetunt,
447 338 654 395 Smyrnaei
673 338 771 379 veri)
788 353 910 379 suum
929 352 1021 379 esse
1043 339 1316 387 confirmant3
1348 335 1492 393 itaque
1510 338 1639 378 etiam

85 396 308 437 delubrum
347 396 439 451 ejus
479 395 522 435 in
560 394 721 451 oppido
759 395 1092 445 dedicaverunt3
1124 393 1321 449 permulti
1344 393 1412 433 alii
1436 393 1640 448 praeterea
1664 393 1713 433 15

86 459 280 507 pugnant
300 451 406 492 inter
426 466 486 502 se,
502 458 630 506 atque
653 452 933 492 contendunt.
965 450 1080 505 Ergo
1101 450 1158 490 illi
1179 450 1377 498 alienum,
1395 449 1495 504 quia
1514 450 1644 505 po'eta

87 508 183 559 suit,
203 514 302 563 post
317 515 498 549 mortem
520 509 648 549 etiam
671 515 902 564 expetunt:
934 522 1012 548 nos
1034 507 1148 547 hunc
1170 507 1321 552 vivum,
1339 506 1410 560 qui
1432 514 1475 546 et
1496 508 1645 547 volun-

88 571 176 605 tate
197 571 241 605 et.
272 563 440 619 legibus
475 572 620 606 noster
651 572 730 612 est,
753 563 1100 620 repudiabimus?
1132 561 1365 618 praesertim
1401 561 1498 602 cum
1519 577 1644 604 omne

89 620 191 661 olim
211 620 401 661 studium
421 627 551 676 atque
584 635 708 662 omne
732 620 950 676 ingenium
972 618 1203 660 contulerit
1225 617 1404 658 Archias
1423 618 1475 658 ad
1499 619 1645 675 populi

89 675 273 717 Romani
295 677 473 732 gloriam
495 677 750 732 laudemque
781 675 1104 717 celebrandam:
1137 688 1233 714 nam
1257 680 1300 714 et
1322 672 1558 716 Cimbricas
1580 690 1646 716 res
1664 676 1719 716 20

90 732 342 774 adolescens
363 733 530 789 attigit3
561 740 604 774 et
623 733 705 788 ipsi
728 731 786 772 illi
809 732 860 772 C.
882 731 1037 782 Mario,
1058 730 1130 786 qui
1157 729 1299 770 durior
1319 730 1372 770 ad
1394 730 1485 772 haec
1506 732 1649 773 studia

88 788 327 837 videbatur,
342 789 563 844 jucundus
586 789 691 829 fuit:
724 803 863 844 neque
886 787 1001 828 enim
1030 787 1260 843 quisquam
1283 794 1348 827 est
1368 794 1455 827 tam
1477 802 1648 830 aversus

92 843 118 885 ἐι
140 844 296 896 Musis,
314 845 487 901 quinon
505 845 695 886 mandari
712 844 904 886 versibus
921 850 1123 884 aeternum
1145 857 1317 884 suorum
1336 843 1528 886 laborum
1547 860 1650 901 prae-

91 900 264 942 eonium
297 900 422 942 facile
442 902 641 957 patiatur.

700 900 1036 942 Themistoclem
1067 900 1201 950 illum,
1223 914 1434 941 summum
1467 901 1649 942 Athenis

89 957 414 1010 virum,dixisse
427 957 670 1011 aiuutstum
683 972 736 1000 ex
752 972 803 1000 eo
815 964 1086 1014 quaereretur,
1097 956 1212 1013 quod
1227 959 1650 1014 acroama,autcujus
1669 959 1724 999 25

138 1289 189 1318 13.
214 1286 404 1327 Colophmiii.]
450 1286 629 1328 Colophon,
653 1288 737 1318 unde
761 1287 857 1319 Colo-

93 1329 203 1370 phonii
227 1330 303 1361 dicti
328 1336 411 1365 sunt,
435 1331 505 1360 urbs
530 1331 590 1360 suit
615 1330 712 1361 loniae
726 1331 856 1361 celebris

93 1372 253 1412 Apollinis
278 1373 415 1409 oraculo,
435 1378 468 1403 et
495 1372 648 1404 Nicandri
672 1373 774 1414 po'etae
801 1383 856 1414 pa-

95 1415 166 1446 tria.

144 1457 195 1489 Ib.
220 1457 287 1488 Chii
301 1467 387 1488 suum
410 1457 588 1498 vindicant]
637 1459 731 1489 Chios
759 1459 859 1489 insula

96 1502 157 1533 fuit
172 1501 263 1531 maris
276 1501 391 1542 AEgaei,
404 1502 649 1538 ctnobilissima,
661 1502 686 1532 si
699 1501 860 1542 Stephano

98 1544 266 1579 credimus,
281 1543 394 1574 Ionum
410 1545 493 1575 urbs.

144 1587 194 1618 Ib.
216 1586 400 1627 Salaminii]
447 1587 609 1618 Salaminii
624 1587 732 1628 populi
746 1588 777 1618 in
794 1587 860 1630 Cy-

99 1641 157 1672 pro
172 1628 286 1660 insula.

145 1676 198 1704 14.
220 1671 388 1712 Smyrnaei]
434 1672 569 1715 Smyrna
585 1672 656 1703 urbs
676 1672 775 1703 Ioniae
789 1674 860 1706 fuit.

103 1716 222 1746 Omnes
243 1714 289 1744 illi
303 1715 431 1756 quidem
448 1715 558 1756 populi
575 1715 674 1745 civem
690 1727 779 1746 suum
794 1717 862 1746 Ho-

102 1768 218 1789 merum
240 1767 308 1788 esse
330 1759 542 1788 contendunt:
567 1763 600 1788 at
622 1769 693 1788 eum
716 1758 787 1790 Chii
803 1770 864 1790 cae-

101 1802 174 1832 teris
189 1799 308 1841 aequifis
334 1801 394 1830 sibi
417 1800 575 1832 vindicare
601 1801 730 1837 debent,
747 1801 797 1832 vel
811 1813 863 1832 ve-

102 1844 341 1874 tustissimorum
357 1843 539 1884 scriptorum
556 1844 744 1874 testimonio.
771 1845 864 1876 Certe

106 1886 208 1922 Plato,
222 1885 254 1916 in
277 1885 368 1922 lone,
382 1886 468 1926 apud
489 1886 586 1917 Chios
613 1887 801 1918 Homeridas
825 1889 864 1918 ab

103 1929 175 1968 ipsa.
202 1928 332 1958 Homeri
361 1928 457 1970 stirpe
494 1929 588 1959 fuisse
624 1936 862 1961 commemorat:

107 1977 151 2009 et,
172 1970 257 2011 quud
273 1970 348 2001 scite
364 1971 534 2002 Homerum
557 1972 750 2012 expoliverit,
766 1984 798 2003 sc
814 1973 865 2003 vel

106 2014 166 2044 hoc
181 2023 244 2043 uno
259 2013 384 2044 nomine
408 2014 536 2053 dignum
560 2014 614 2050 ait,
630 2015 683 2052 qui
695 2015 735 2045 ab
748 2015 868 2046 Home-

108 2056 183 2086 ridis
199 2055 292 2086 aurea
306 2055 421 2086 corona
435 2057 577 2086 donetur.
615 2056 698 2087 Huic
712 2058 868 2088 consentit

110 2098 233 2133 Strabo,
249 2097 301 2128 lib.
319 2100 372 2128 14.
388 2098 458 2128 huic
482 2098 670 2129 Ptolemaeus
686 2099 868 2138 Hephaestio

109 2143 142 2172 in
158 2141 311 2181 excerptis
335 2142 420 2181 apud
444 2140 604 2177 Photium,
619 2142 673 2182 qui
688 2153 725 2172 ex
740 2143 868 2183 Hyper·

113 2194 205 2215 mone
238 2183 384 2214 historico
411 2184 515 2218 refert,
542 2183 671 2214 Homeri
699 2195 821 2215 servum
852 2185 871 2215 ῖι

114 2227 201 2258 Chiis
217 2226 299 2256 mille
313 2226 467 2257 drachmis
489 2226 649 2257 multatum
662 2227 769 2264 fuisse,
785 2227 870 2269 quod

113 2275 266 2300 mortuum
280 2268 451 2299 Homerum
464 2279 527 2299 non
548 2269 725 2300 exussisset.
768 2270 870 2301 Julius

113 2311 238 2347 Pollux,
254 2311 304 2342 lib.
320 2313 350 2342 9.
365 2322 434 2352 cap.
448 2313 477 2341 6.
494 2311 538 2342 ait
553 2313 638 2352 apud
654 2312 749 2344 Chios
765 2323 873 2344 mone-

111 2361 176 2386 tam
191 2355 298 2390 fuisse,
320 2355 370 2385 cui
390 2365 504 2385 nornen
525 2354 693 2391 Homerus,
706 2361 737 2386 et
752 2356 873 2387 illorum

113 2398 267 2428 numisma
279 2407 317 2427 ex
329 2397 390 2428 una
406 2403 493 2438 parte
518 2397 647 2428 Homeri
661 2398 775 2438 effigie,
789 2404 822 2429 et
836 2410 873 2430 ex

113 2440 178 2472 alia
199 2440 351 2481 Sphinge,
373 2441 555 2481 impressum
581 2451 670 2479 esse;
705 2441 737 2471 in
762 2442 874 2472 eadem

115 2489 187 2514 sunt
212 2483 366 2514 sententia
388 2484 574 2521 Simonides,
591 2483 756 2520 Pindarus,
770 2485 874 2515 Theo-

117 2526 222 2561 critus,
230 2525 457 2568 Euthymenes,
468 2525 689 2559 Constantinus
697 2527 873 2568 imperator,

116 2567 315 2604 Themistius,
325 2568 529 2604 Claudianus,
541 2569 656 2600 Paulus
667 2569 875 2606 Silentiarius,

117 2610 172 2651 qui
189 2610 356 2642 Homerum
384 2617 487 2643 vatem
512 2611 627 2642 Chium
652 2612 872 2653 appellarunt3

118 2663 248 2694 quorum
262 2654 399 2684 omnium
413 2654 590 2685 testimonia
603 2655 670 2686 fuse
692 2661 873 2696 prosecutus

118 2701 167 2726 est
189 2695 254 2726 Leo
280 2696 426 2734 Allatius,
440 2698 485 2728 vir
498 2697 706 2734 doctissimus,
720 2698 754 2728 in
768 2698 873 2729 libello

119 2748 212 2780 quem
227 2738 268 2769 de
280 2738 410 2770 Homeri
423 2739 525 2781 patria
533 2741 727 2781 conscripsit.

164 2780 248 2813 Hinc
273 2780 353 2813 sorti
379 2788 454 2814 nata
480 2788 530 2814 est
556 2784 599 2815 de
628 2783 766 2818 Homero
798 2783 878 2816 inter

899 1287 1042 1318 civitates
1062 1289 1233 1323 contentio,
1260 1288 1344 1329 quad
1372 1290 1447 1321 varii
1474 1290 1564 1321 variis
1578 1295 1656 1321 tem-

901 1331 1026 1370 poribus
1059 1331 1172 1362 fuerint
1209 1331 1350 1367 Homeri,
1379 1343 1486 1364 omnes
1530 1333 1657 1374 quidem

901 1378 955 1403 aut
968 1373 1064 1403 literis
1081 1380 1134 1404 aut
1146 1378 1208 1404 arte
1227 1374 1329 1415 aquua
1345 1376 1514 1416 conspicui.
1561 1376 1657 1411 Nam,

901 1422 1011 1457 praeter
1040 1417 1122 1447 hunc
1147 1421 1283 1447 nostruin
1308 1417 1491 1454 Homerum,
1514 1419 1577 1448 duo
1602 1419 1659 1448 flo-

903 1464 1029 1489 ruerunt
1043 1459 1128 1499 apud
1155 1458 1438 1495 Chios,medieinae
1462 1461 1593 1491 scientia
1617 1461 1661 1491 al-

904 1507 960 1538 ter,
977 1501 1054 1532 alter
1074 1502 1193 1542 magica
1222 1502 1340 1533 claros:
1365 1504 1449 1543 apud
1476 1504 1661 1534 Salaminios

904 1551 1029 1586 quartus
1055 1544 1206 1575 institoria
1229 1551 1294 1576 arte
1317 1546 1364 1576 vir
1381 1547 1559 1582 ditissimus,
1572 1547 1663 1587 quin-

905 1594 953 1617 tus
969 1587 1089 1627 pictura
1112 1588 1196 1626 apud
1223 1587 1446 1629 Colophonius,
1462 1596 1565 1620 sextus
1585 1590 1663 1630 juris

905 1630 1002 1661 civilis
1017 1630 1157 1666 scientia,
1173 1631 1322 1671 septimus
1340 1632 1456 1662 musica
1467 1632 1550 1673 apud
1563 1631 1662 1663 Athe-

904 1674 1042 1708 nienses,
1057 1678 1182 1703 octavus
1208 1674 1291 1713 apud
1316 1674 1470 1705 Maeonios
1487 1675 1663 1706 Graecarum

905 1716 1078 1756 linguarum
1094 1715 1204 1756 peritia
1218 1716 1331 1748 floruit.

950 1760 1003 1789 16.
1028 1758 1107 1797 Erga
1130 1759 1177 1789 itti
1198 1758 1350 1797 alienum]
1398 1759 1455 1790 Isti
1474 1761 1582 1801 populi
1598 1760 1666 1791 Ho-

908 1811 1036 1836 merum,
1052 1801 1124 1831 licet
1137 1807 1308 1838 externum,
1324 1807 1393 1843 post
1408 1811 1535 1834 mortem
1551 1805 1665 1835 habere

907 1844 997 1885 quasi
1026 1844 1126 1874 civem
1151 1855 1240 1875 suum
1270 1845 1454 1883 voluerunt;
1476 1847 1572 1887 igitur
1597 1846 1666 1877 Ro-

908 1887 993 1916 mani
1006 1886 1166 1923 Archiam,
1181 1887 1236 1928 qui
1257 1887 1377 1927 legibus
1393 1888 1544 1920 Romanis
1559 1890 1666 1930 utitur,

907 1930 1006 1959 civem
1022 1930 1184 1969 repudiare
1202 1941 1263 1960 non
1282 1932 1410 1961 debent.

953 1975 1005 2003 20.
1031 1972 1187 2003 Cimbricus
1210 1983 1255 2003 res
1279 1974 1409 2015 attigit]
1455 1974 1545 2005 Bella
1561 1982 1667 2006 contra

911 2013 1052 2046 Cimbros
1081 2020 1168 2056 gesta
1197 2016 1379 2055 descripsit:
1405 2019 1436 2047 in
1451 2027 1513 2058 quo
1539 2018 1667 2058 gloriam

910 2056 1047 2087 Romani
1063 2058 1194 2088 nominis
1208 2058 1328 2090 extulit.

955 2102 1008 2130 21.
1035 2099 1160 2140 Maria]
1206 2101 1267 2131 Hic
1282 2101 1414 2133 Archias
1437 2101 1542 2133 Mario
1564 2107 1668 2143 gratus

912 2146 944 2171 et
955 2142 1115 2182 jucundus
1127 2143 1253 2179 exstitit,
1273 2144 1326 2184 qui
1347 2145 1386 2174 ab
1401 2145 1460 2174 hoc
1475 2156 1588 2185 genere
1603 2152 1668 2176 stu-

913 2184 1033 2214 diorum
1048 2185 1210 2216 abhurrere
1225 2187 1404 2217 videbatur:
1429 2192 1461 2217 et
1476 2190 1514 2218 ab
1530 2188 1598 2228 ipsa
1615 2189 1670 2218 illa

913 2226 1019 2268 lingua
1056 2228 1179 2264 Graecz'i,
1207 2229 1269 2269 qua
1297 2232 1440 2260 utebatur
1467 2231 1609 2267 Archias,
1638 2237 1671 2262 et

915 2271 1018 2300 studio
1031 2276 1063 2301 et
1084 2271 1245 2302 voluntate
1265 2272 1466 2304 alienissimus
1489 2274 1558 2310 suit,
1575 2280 1609 2304 ut
1624 2285 1671 2305 rc-

915 2313 975 2344 fert
990 2314 1030 2344 de
1046 2324 1084 2344 eo
1099 2314 1272 2345 Sallustius.

960 2359 1014 2387 22.
1037 2356 1134 2396 Neque
1145 2357 1250 2398 enim.]
1296 2356 1418 2388 Reddit
1442 2358 1594 2390 rationem
1619 2370 1674 2391 cur

916 2399 996 2439 grati
1011 2399 1072 2429 sint
1086 2400 1199 2440 poene,
1211 2400 1284 2441 quia
1297 2401 1447 2431 videlicet
1461 2403 1598 2433 versibus
1609 2403 1671 2433 suis

915 2442 1065 2472 clarorum
1082 2443 1218 2473 vivorum
1236 2443 1363 2483 gloriam
1376 2449 1498 2475 aeternae
1514 2446 1671 2476 hominum

916 2485 1072 2516 memoriae
1085 2488 1316 2519 commendant.

959 2529 1013 2558 24.
1057 2527 1296 2570 Themistoclem]
1349 2529 1586 2565 Themistocles,
1610 2531 1672 2560 dux

915 2569 1130 2607 Atheniensis,
1143 2572 1202 2601 fuit
1221 2577 1335 2608 tantus,
1350 2577 1384 2602 ut
1398 2582 1489 2602 nemo
1503 2573 1531 2602 ei
1547 2572 1673 2603 Graeco-

914 2623 980 2643 rum
993 2613 1192 2650 anteferatur,
1204 2616 1295 2655 pauci
1311 2625 1400 2656 pares
1412 2619 1568 2654 putentur,
1585 2621 1618 2646 ut
1632 2616 1673 2646 de

918 2665 956 2686 eo
974 2655 1084 2696 Nepos
1100 2657 1232 2698 scripsit.

961 2699 1014 2730 25.
1058 2700 1225 2741 Acroama]
1271 2699 1424 2730 Acroama
1447 2709 1518 2737 vox,
1541 2701 1675 2732 narratio

922 2745 955 2772 et
981 2740 1121 2773 recitatio
1145 2749 1203 2779 est,
1223 2752 1292 2782 quae
1319 2742 1526 2773 instrumentis
1553 2744 1675 2775 musicis

921 2783 1072 2824 permixta
1086 2789 1146 2823 est,
1161 2792 1297 2826 tuncque
1313 2784 1331 2815 ἃ
1345 2795 1422 2817 voce
1444 2785 1653 2827 distinguitur.

1628 147 1711 192 203
