1790 3090
116 142 204 186 316
820 142 913 176 PRO
940 142 1134 175 MiLoNE.

117 216 173 257 50
191 220 288 262 telis
321 221 365 262 in
397 221 512 263 hunc
532 220 696 263 faciunt
715 221 769 262 de
791 220 887 263 loco
906 222 1122 278 superiore
1143 220 1375 278 impetum:
1408 222 1576 264 adversi
1597 225 1752 268 rheda-

188 278 296 319 rium
314 278 544 329 occidunt;
575 278 673 319 cum
694 285 836 319 autem
857 279 929 319 hic
946 281 999 320 de
1018 277 1164 329 rhed-21,
1181 279 1343 335 rejecta
1361 280 1545 335 paenula,
1559 281 1753 324 desiluis-

188 342 267 384 set,
304 351 436 390 seque
470 335 558 377 acri
595 335 737 376 animo
775 335 1052 384 defenderet3
1084 335 1158 385 illi,
1190 336 1264 391 qui
1301 343 1421 377 eraut
1451 353 1549 378 cum
1583 338 1751 391 Clodio,

186 392 342 447 gladiis
365 392 570 444 “eductis,
600 392 756 448 partini
787 407 999 434 recurrere
1033 392 1088 432 ad
1121 392 1311 444 rhedam,
1331 400 1379 434 ut
1413 393 1439 434 a
1472 402 1592 451 tergo
1626 394 1754 436 Milo-

185 463 282 489 nem
313 448 604 500 adorirentur3
635 448 802 504 partim,
826 449 939 505 quod
971 450 1088 490 hunc
1114 449 1205 504 jam
1235 449 1508 492 interfectum
1539 458 1752 508 putarent,

110 501 165 541 55
184 505 347 546 caedere
369 505 585 562 incipiunt
605 507 696 562 ejus
719 521 880 557 Sffl'VOS,
902 506 978 562 qui
1011 505 1110 561 post
1130 513 1274 558 erant3
1306 521 1357 547 ex
1380 508 1548 563 quibus,
1571 509 1644 565 qui
1665 509 1752 550 ani-

182 562 391 615 morinen
413 562 455 603 in
476 563 695 604 dominum
717 570 760 605 et
780 563 980 619 praesenti
1001 564 1187 613 fuerunt,
1205 563 1359 619 partim
1375 565 1507 606 occisi
1528 573 1642 617 sunt,
1661 581 1752 622 par-

180 619 273 670 tim,
296 620 395 660 cum
416 620 470 661 ad
491 621 667 662 rhedam
698 620 876 676 pugnari
897 620 1104 670 viderent,
1127 627 1170 662 et
1191 620 1366 662 domino
1389 636 1634 664 succurrere
1654 637 1751 678 pro-

178 675 440 727 hiberentur,
464 676 763 733 Milonemque
792 677 985 719 occisum
1007 677 1137 719 etiam
1159 692 1213 718 ex
1241 677 1337 733 ipso
1357 677 1514 720 Clodio
1536 680 1747 732 audirent,

178 739 222 773 et
240 733 387 774 revera
407 741 629 789 putarent3
662 734 855 775 fecerunt
885 734 929 775 id
962 734 1072 776 servi
1104 734 1302 785 Milonis,
1324 735 1488 787 (dicam
1518 736 1630 778 enim
1661 751 1749 778 non

104 785 159 826 60
177 790 397 831 derivandi
418 790 608 832 criminis
629 791 776 840 caus-21,
795 792 871 833 sed
892 799 941 833 ut
961 792 1123 833 factum
1145 792 1228 844 est)
1246 807 1387 848 neque
1409 792 1660 848 imperante,
1675 808 1747 835 ne-

175 861 258 902 que
280 846 458 899 sciente,
480 862 619 904 neque
641 856 849 904 praesente
866 849 1055 901 domino,
1076 849 1195 906 quod
1216 864 1316 891 suos
1335 850 1517 907 quisque
1539 865 1683 893 servos
1702 851 1747 892 in

174 903 249 944 tali
272 918 316 945 re
337 904 478 946 facere
499 904 718 947 voluisset.

818 1026 832 1042 ⁰
841 1022 1086 1072 evaginatis

169 1161 311 1192 tudinem
335 1161 383 1193 vel
408 1162 590 1193 brevitatem
618 1163 749 1194 dierum.
796 1163 933 1194 Primam
978 1161 1080 1203 aptior
1096 1163 1198 1193 estad
1216 1164 1430 1205 pugnandum.

169 1211 272 1235 autem
298 1205 337 1235 ab
363 1210 430 1235 ortu
457 1206 528 1236 solis
551 1207 767 1241 numerabant,
783 1212 816 1236 et
831 1207 874 1237 sic
891 1208 932 1237 de
1021 1205 1071 1237 Ib.
1093 1206 1240 1248 Adversi.]
1286 1207 1338 1237 Illi
1353 1206 1500 1238 videlicet
1515 1207 1568 1247 qui
1591 1211 1679 1238 erant
1702 1218 1739 1238 ex

167 1248 312 1289 reliquis;
339 1248 409 1279 cum
433 1255 539 1279 autem
561 1251 723 1280 commissa
745 1249 838 1280 fuerit
863 1251 930 1280 haec
976 1254 1065 1290 parte
1079 1249 1212 1280 adversa
1227 1251 1366 1291 oppositi
1381 1251 1494 1291 aurigae
1510 1251 1652 1282 Milonis.

166 1302 272 1333 pugna
288 1291 339 1321 die
354 1292 674 1331 Januariivicesin105
700 1294 765 1323 haec
782 1293 858 1324 hora
872 1304 930 1323 un-
1018 1293 1072 1325 51.
1097 1292 1185 1333 Hic.]
1232 1293 1325 1330 Milo,
1340 1304 1432 1335 quem
1446 1295 1717 1335 aggrediebantur.

167 1335 289 1365 decima
300 1334 364 1365 fere
380 1336 478 1365 tertiae
493 1341 604 1367 nostrae
618 1337 842 1377 pomeridianae
858 1347 929 1368 cum
1019 1339 1071 1367 60.
1095 1335 1261 1367 Derivcmdi
1295 1337 1453 1377 criminis]
1500 1336 1646 1368 Derivari
1681 1337 1740 1368 cri-

166 1377 298 1408 dimidia
310 1379 489 1418 respondet.
973 1390 1044 1410 men
1061 1378 1182 1416 dicitur,
1196 1379 1267 1410 cum
1283 1381 1387 1422 culpa,
1402 1379 1462 1421 qu&
1481 1380 1548 1421 quis
1562 1385 1695 1419 tenetur,
1707 1381 1738 1411 in

208 1422 262 1453 50.
289 1420 326 1450 In
342 1421 446 1464 huna]
492 1421 531 1452 In
548 1422 713 1454 Milonem.
971 1423 1079 1463 alium,
1096 1423 1129 1453 in
1144 1433 1207 1465 quo
1222 1433 1284 1454 non
1301 1430 1359 1461 est,
1374 1423 1520 1464 rejicitur.

207 1464 258 1496 lb.
281 1463 328 1495 De
354 1466 411 1495 loco
438 1466 608 1508 superiore]
665 1466 810 1508 Superior
839 1466 925 1498 locus

668 1647 1007 1676 CONSTITUTIO
1047 1647 1233 1676 CAUSAE.

217 1774 320 1819 VII.
353 1777 473 1830 Haec,
508 1778 620 1820 sicut
654 1781 848 1837 exposui,
881 1781 942 1823 ita
974 1787 1098 1838 gesta
1131 1786 1246 1834 sunt,
1272 1780 1472 1838 judices:
1503 1779 1732 1823 insidiator

161 1841 401 1890 superatus,
422 1836 463 1877 vi
483 1835 599 1877 victa
619 1838 696 1887 vis,
720 1839 801 1890 vel,
830 1839 990 1894 potius,
1024 1853 1229 1896 oppressa
1249 1839 1405 1879 virtute
1438 1838 1621 1880 audacia
1649 1845 1730 1880 est.

161 1890 277 1933 Nihil
297 1892 410 1944 dico,
435 1893 539 1950 quid
572 1895 815 1950 respublica
845 1902 1081 1937 consecuta
1111 1896 1180 1947 sit,
1211 1895 1333 1948 nihil,
1355 1895 1459 1951 quid
1480 1909 1572 1947 vos,
1604 1895 1726 1946 nihil,

120 1958 123 1963 “
159 1948 266 2004 quid
300 1964 447 1991 omnes
480 1951 605 1992 boni:
647 1951 754 1993 nihil
796 1952 899 1993 sane
940 1953 984 1994 id
1024 1952 1160 2008 prosit
1197 1951 1370 2005 Miloni,
1403 1951 1479 2008 qui
1514 1952 1599 1994 hoc
1638 1952 1727 1994 fato

113 2011 285 2050 5natus
322 2013 401 2058 est,
438 2014 486 2048 ut
525 2023 578 2049 ne
613 2023 659 2049 se
698 2008 873 2065 quidem
913 2010 1080 2051 servare
1114 2009 1318 2067 potuerit,
1353 2011 1458 2065 quin
1498 2011 1583 2050 una
1622 2024 1727 2051 rem-

157 2063 374 2118 publicam
398 2079 562 2121 vosque
597 2073 796 2108 servaret.
857 2066 904 2107 Si
935 2067 981 2108 id
1009 2068 1105 2123 jure
1135 2081 1223 2108 non
1258 2072 1421 2122 posset,
1447 2065 1557 2107 nihil
1586 2066 1727 2110 habeo

157 2120 275 2175 quod
297 2120 547 2164 defendam:
581 2122 647 2163 sin
678 2123 762 2165 hoc
790 2129 832 2166 et
860 2124 969 2166 ratio
997 2125 1154 2176 doctis,
1177 2130 1220 2165 et
1250 2123 1486 2165 necessitas
1515 2123 1725 2176 barbaris,

157 2183 201 2217 et
241 2191 333 2218 mos
372 2179 589 2235 gentibus,
625 2191 668 2221 et
700 2180 801 2222 feris
840 2187 993 2223 natura
1030 2182 1126 2238 ipsa
1164 2180 1440 2238 praescripsit,
1472 2187 1521 2222 ut
1555 2195 1727 2223 omnem

157 2248 324 2290 semper
342 2236 442 2288 vim,
467 2236 739 2293 quacumque
772 2253 853 2295 ope
883 2246 1078 2294 possent,
1099 2238 1126 2279 a
1147 2253 1340 2294 corpore,
1362 2237 1388 2279 ὲ
1408 2238 1565 2295 capite,
1587 2237 1614 2279 ὲ
1635 2238 1724 2280 vita

86 2295 137 2336 lO
156 2291 250 2342 sua,
272 2293 594 2348 propulsarent3
626 2308 711 2335 non
731 2295 913 2351 potestis
943 2296 1029 2338 hoc
1051 2296 1217 2337 facinus
1245 2295 1490 2352 improbum
1513 2294 1722 2351 judicare,

140 2348 260 2404 quin
280 2348 406 2390 simul
429 2350 651 2406 judicetis,
674 2353 889 2404 omnibus,
911 2353 982 2409 qui
1014 2353 1059 2395 in
1090 2354 1278 2395 latrones
1310 2351 1553 2402 inciderint,
1576 2360 1650 2393 aut
1673 2352 1723 2393 il-

152 2405 289 2446 lorum
309 2406 422 2457 telis,
444 2414 517 2448 aut
538 2408 687 2449 vestris
718 2410 957 2462 sententiis,
979 2425 1074 2452 esse
1094 2409 1373 2467 pereundum.
1434 2409 1562 2457 Quod
1595 2408 1632 2449 si
1661 2408 1723 2450 ita

151 2462 363 2519 putasset,
393 2462 508 2505 certe
541 2465 771 2521 optabilius
804 2466 963 2508 Miloni
993 2467 1147 2509 fuisset
1180 2468 1281 2509 dare
1302 2466 1520 2523 ajugulum
1551 2463 1602 2507 P.
1621 2465 1721 2508 Clo-

735 2598 801 2634 336
811 2593 1131 2646 jugulandum.

192 2715 223 2744 8.
248 2714 287 2746 Et
301 2725 359 2745 mos
371 2715 533 2758 gentibus]
568 2715 692 2748 Alludit
707 2717 745 2748 ad
765 2717 818 2758 jus
834 2729 911 2759 gen-
997 2718 1049 2751 Ib.
1073 2717 1113 2749 Et
1124 2717 1205 2760 feris
1222 2716 1362 2759 natura]
1408 2716 1564 2759 Loquitur
1588 2717 1629 2749 de
1649 2716 1724 2758 jure

144 2757 236 2794 cium,
251 2769 322 2799 quae
338 2761 378 2790 ad
394 2759 574 2791 Romanum
585 2760 751 2802 imperium
763 2771 825 2793 non
838 2773 910 2804 per·
952 2767 1069 2794 naturae
1082 2774 1093 2793 ε
1117 2773 1190 2792 nam
1201 2762 1276 2792 ferae
1291 2760 1478 2793 naturaliter
1489 2772 1523 2794 se
1534 2761 1723 2798 defendunt,

142 2801 303 2833 tinebant.
952 2813 988 2839 ut
1003 2816 1118 2847 corpus
1128 2810 1288 2838 tueantur.
