1858 3095
690 184 779 218 PRO
804 184 962 218 COELIO.

69 262 211 314 stulat,
243 263 530 306 nominamus:
562 262 644 314 sin,
675 262 760 304 ista
781 262 955 304 muliere
976 261 1154 313 remota,
1183 273 1263 303 nec
1283 257 1442 302 crimen
1461 258 1613 311 ullum,

69 334 150 361 nec
161 335 264 376 opes
277 321 331 362 ad
345 319 678 382 oppugnandum
688 318 887 369 Coelium,
897 317 980 359 illis
995 319 1296 374 relinquentur,
1307 315 1408 372 quid
1423 322 1488 356 est
1499 315 1615 356 aliud

72 377 187 432 quod
211 391 289 418 nos
322 384 485 432 patroni
513 376 651 418 facere
674 376 920 425 debeamus,
952 375 1032 415 nisi
1055 383 1101 416 ut
1122 389 1211 425 eos,
1241 373 1313 430 qui
1335 372 1614 422 insectantur,

70 432 355 488 repellamus?
386 433 502 488 quod
523 432 696 488 quidem
729 433 912 473 facerem
939 430 1246 480 vehementius,
1276 428 1358 470 nisi
1380 427 1615 469 intercede-

71 495 166 529 rent
183 488 287 529 mihi
311 488 545 530 inimicitiae
578 503 675 530 cum
697 488 819 529 istius
854 487 1039 528 mulieris
1070 487 1391 528 viro—fratrem
1406 483 1520 525 volui
1553 483 1615 524 di-
1632 483 1688 524 25

72 558 392 600 cere—semper
412 544 481 586 hic
503 560 607 586 erro.
641 545 767 586 Nunc
788 559 911 600 agam
932 543 1118 594 modice,
1139 558 1191 584 ne
1210 540 1378 597 longius
1397 540 1618 595 progredi-

71 614 131 650 ar,
161 599 294 656 quam
315 615 381 641 me
399 616 493 642 mea
513 602 634 649 fides,
666 608 709 642 et
722 615 851 642 causa
870 601 977 656 ipsa,
994 606 1144 654 coget3
1176 612 1315 653 neque
1335 596 1447 638 enim
1468 596 1618 637 mulie-

70 655 167 697 bres
202 670 389 712 unquam
425 664 439 680 ³
455 657 701 698 inimicitias
723 656 823 697 mihi
845 655 1051 711 gerendas
1072 654 1233 710 putavi,
1264 651 1496 708 praesertim
1518 666 1618 692 cum

71 710 139 773 ea,
161 727 288 768 quam
302 727 449 755 omnes
463 728 628 769 semper
640 712 821 754 amicam
836 711 1023 752 omnium
1037 710 1193 766 potius,
1215 723 1341 765 quarn
1363 709 1614 775 cujusquam

70 767 302 820 inimicam,
334 777 602 825 putaverunt.

664 768 750 810 Sed
772 775 913 808 tamen
935 781 985 808 ex
1002 767 1097 822 ipsa
1119 780 1304 822 quaeram
1318 779 1448 821 prius,
1479 763 1617 805 utrum
1634 763 1690 804 30

71 838 139 864 me
160 839 308 866 secum
337 825 483 866 severe
519 833 562 867 et
593 824 777 881 graviter
796 831 839 864 et
870 821 1008 879 prisci:
1041 838 1167 879 agere
1203 822 1335 871 malit,
1368 835 1422 861 an
1442 819 1618 861 remisse

70 893 122 920 ac
143 879 294 921 leniter
313 887 356 922 et
378 881 550 922 urbane.

610 880 657 921 Si
675 881 748 921 illo
771 887 938 921 austero
955 893 1072 920 more
1094 894 1144 920 ac
1164 878 1306 927 modo,
1339 876 1492 932 aliquis
1512 876 1618 917 mihi

71 935 126 976 ab
147 935 293 978 inferis
314 937 331 960 b
343 937 597 979 excitandus
615 944 696 987 est,
711 951 762 977 ex
778 935 969 977 barbatis
991 935 1088 986 illis,
1104 939 1208 990 (non
1226 934 1309 975 hac
1323 933 1515 984 barbula,
1530 932 1618 988 qua

71 990 155 1032 ista
175 992 429 1045 delectatum
465 994 541 1034 sed
567 993 641 1034 ill-21
662 992 850 1043 horrida,
871 1006 1000 1047 quam
1020 991 1063 1032 in
1085 991 1236 1032 statuis
1257 990 1442 1045 antiquis
1459 989 1618 1030 etima-

73 1046 244 1103 ginibus
265 1048 478 1100 videmus)
513 1049 583 1105 qui
606 1050 804 1105 objurget
822 1048 1058 1099 mulierem,
1075 1055 1117 1088 et
1137 1062 1211 1103 pro
1232 1061 1298 1087 me
1317 1047 1528 1101 loquatur,
1564 1059 1617 1086 ne
1635 1045 1691 1088 35

70 1104 154 1145 ista
168 1104 273 1145 mihi
294 1105 403 1146 forte
422 1114 688 1146 succenseat.
721 1104 914 1145 Exsistat
927 1104 1056 1159 igitur
1076 1118 1127 1144 ex
1149 1103 1232 1144 hac
1248 1102 1343 1158 ipsa
1362 1101 1526 1142 familia
1543 1101 1621 1142 ali-

72 1160 184 1215 quis,
215 1175 267 1202 ac
297 1161 566 1217 potissimum
590 1161 741 1202 Caecus
762 1161 855 1208 ille;
886 1160 1108 1200 minimum
1125 1159 1238 1201 enim
1257 1158 1448 1200 dolorem
1464 1158 1618 1214 capiet,

74 1216 147 1272 qui
169 1216 294 1257 istam
315 1231 401 1258 non
435 1217 618 1268 videbit;
640 1218 713 1273 qui
741 1216 952 1272 profecto,
982 1217 1016 1257 si
1038 1215 1263 1266 exstiterit,
1282 1218 1344 1256 sic
1365 1221 1477 1270 aget,
1494 1221 1536 1255 et
1556 1214 1621 1255 sic

72 1271 287 1328 loquetur:
310 1273 602 1329 Mulier,quid
619 1274 696 1314 tibi
719 1287 817 1314 cum
841 1272 1003 1313 Coelio?
1026 1273 1128 1327 quid
1150 1286 1248 1312 cum
1264 1271 1436 1312 homine
1453 1271 1620 1312 adoles-

73 1328 268 1369 centulo?
300 1329 403 1384 quid
424 1344 523 1370 cum
539 1330 701 1370 alieno?
747 1328 835 1369 Cur
853 1334 928 1369 aut
947 1335 1034 1368 tarn
1050 1327 1268 1368 familiaris
1288 1327 1391 1367 huic
1407 1326 1541 1376 fuisti,
1572 1332 1622 1368 ut
1637 1327 1693 1369 40
1731 1358 1734 1362 A

74 1398 223 1425 aurum
243 1385 554 1436 commodares,
576 1392 651 1426 aut
669 1392 756 1426 tam
773 1384 959 1435 inimica,
980 1390 1028 1424 ut
1047 1398 1257 1425 venenum
1279 1382 1480 1423 timeres?
1520 1382 1622 1424 Non

71 1446 237 1496 patrem
256 1447 377 1482 tuum
394 1441 577 1490 videras,
600 1456 687 1483 non
706 1447 917 1496 patruum,
948 1454 1036 1481 non
1056 1454 1194 1489 avum,
1211 1453 1429 1494 proavum,
1450 1445 1623 1480 atavum

75 1496 286 1548 audieras,
299 1499 500 1539 consules
512 1497 668 1538 fuisse?
685 1512 772 1538 non
786 1497 970 1552 denique
983 1495 1112 1537 modo
1126 1503 1168 1537 te
1181 1495 1332 1543 Quinti
1353 1495 1520 1536 Metelli
1533 1509 1623 1535 ma-

74 1552 320 1594 trimonium
332 1553 520 1595 tenuisse
537 1553 722 1605 sciebas,
739 1553 962 1595 clarissimi
976 1559 1019 1593 et
1033 1552 1254 1593 fortissimi
1269 1550 1358 1601 viri,
1391 1551 1622 1606 patriaeque

75 1608 371 1659 amantissimi,
393 1610 482 1665 qui,
505 1610 631 1651 simul
652 1624 703 1651 ac
719 1609 894 1665 cpedem
913 1608 1060 1650 limine
1082 1609 1304 1658 extulerat,
1327 1621 1474 1648 omnes
1492 1606 1623 1663 prope
1640 1609 1696 1651 45

74 1664 190 1706 cives
210 1664 380 1718 virtute,
400 1665 551 1722 gloria,
569 1665 792 1722 dignitate,
809 1664 1058 1722 superabat?
1080 1664 1150 1707 cui
1171 1663 1269 1706 cum
1287 1677 1339 1705 ex
1359 1663 1624 1720 amplissimo

73 1779 312 1820 ahabendas
330 1775 649 1821 controversias.

119 1901 172 1932 25.
215 1901 305 1932 Iscina
327 1903 458 1934 mulieris
481 1901 570 1942 virm]
618 1902 657 1934 P.
682 1902 828 1934 Clodium

76 1943 184 1976 festive
207 1944 362 1986 designat,
391 1956 484 1986 quern
521 1946 704 1977 Plutarchus
730 1946 830 1976 inces-

77 1991 141 2016 tam
156 1997 227 2018 cum
249 1989 346 2018 tribus
375 1988 436 2019 suis
457 1989 612 2020 sororibus
631 1989 830 2020 eonsuetudi-

79 2038 151 2059 nem
167 2029 314 2060 habuisse
322 2030 439 2061 scribit.

122 2073 176 2103 30.
209 2071 361 2103 Inimicum
385 2073 592 2113 putaverunt]

79 2113 161 2144 ludit
173 2114 214 2144 ad
226 2115 432 2145 meretriciam
447 2115 567 2145 Clodiae
581 2115 830 2145 familiaritatem.

124 2158 177 2188 33.
223 2155 274 2187 Ex
295 2157 421 2189 barbatis
446 2157 533 2197 illis]
577 2157 670 2188 Teste
715 2157 832 2193 Plinio,

79 2198 254 2230 tonsoribus
281 2199 329 2230 usi
353 2210 417 2229 non
439 2206 510 2231 sunt
525 2199 660 2230 Romani
681 2204 754 2229 ante
779 2210 833 2229 an-

81 2252 154 2272 num
170 2243 254 2279 4543
276 2247 309 2272 et
331 2242 446 2283 primus
461 2242 598 2273 omnium
611 2242 680 2272 radi
694 2242 833 2282 quotidie

81 2283 215 2314 instituit
226 2283 405 2316 Africanus.

125 2325 175 2357 Ib.
221 2326 287 2357 Ηίισ
300 2327 448 2368 barbula]
473 2326 590 2368 Pungit
600 2326 755 2363 Clodiam,
767 2337 836 2367 quae

80 2369 241 2400 barbatulo
267 2375 413 2406 amatore,
438 2375 471 2400 et
494 2371 588 2400 fratre
612 2381 680 2407 suo,
701 2370 833 2401 maxime

83 2413 256 2444 tenebatur.

125 2456 178 2486 35.
203 2454 341 2496 Nema]
387 2455 511 2487 Clodia.

127 2499 181 2528 37.
203 2497 300 2529 Caecus
309 2498 386 2538 ium]
409 2498 534 2539 Appius
551 2497 712 2534 Claudius,
722 2498 835 2528 abavus

84 2539 182 2580 ipsius
196 2539 328 2577 Clodiae,
344 2541 454 2572 Caecus
474 2540 576 2572 dictus
587 2545 645 2576 est,
673 2540 746 2581 quia
768 2540 835 2570 lon-

87 2583 839 2657 ffissza⁰ss32ffi²ff¹2³22³¹⁰ffi³¹¹³¹3¹225322

89 2665 294 2698 Claudianum
320 2667 508 2709 descriptum
531 2637 628 2700 haiiet
648 2667 723 2699 Nic.
738 2668 839 2698 Abra-

88 2709 252 2783 lgimusSin
279 2709 369 2742 Orat.
393 2721 449 2752 pro
472 2711 584 2749 Coeliu,
615 2710 712 2743 Num.
739 2709 841 2742 xxxiii.

127 2756 171 2781 ot.
210 2773 220 2783 .

133 2796 187 2827 39.
215 2793 337 2832 Mulier,
357 2797 492 2836 qeddubs
505 2807 570 2829 oum
586 2796 709 2838 Coeum
751 2795 842 2829 Pros-

758 1779 1057 1820 brevocandus.

1145 1779 1356 1818 “arimini
1370 1777 1421 1818 de
1439 1777 1624 1819 civitate.

871 1903 1019 1943 opopoeia
1048 1901 1186 1942 elegans,
1206 1901 1280 1943 qua,
1318 1901 1351 1931 in
1374 1900 1505 1942 personis
1529 1900 1626 1941 Caeci,

873 1946 1015 1977 Clodiam
1027 1946 1136 1986 carpit.

917 1992 970 2019 41.
995 1987 1063 2018 Non
1088 1993 1200 2027 patrem
1214 1992 1299 2017 tuum
1313 1986 1455 2028 videras]
1500 1985 1626 2026 Appius

875 2030 1026 2061 Claudius
1056 2030 1200 2067 Pulcher,
1224 2029 1344 2059 Clodiae
1373 2039 1496 2070 parens,
1519 2027 1627 2059 consul

637 2072 759 2104 Ironice
785 2072 830 2102 al·
870 2073 932 2103 suit
945 2083 1014 2104 cum
1032 2072 1114 2102 Pub.
1129 2072 1258 2102 Servilio
1275 2071 1425 2106 Isaurico,
1439 2081 1520 2101 anno
1533 2070 1628 2101 Urbis

873 2116 1007 2146 conditae
1024 2117 1097 2145 674.
1123 2114 1300 2149 Suetonius,
1316 2114 1347 2143 in
1361 2113 1431 2143 Tib.
1448 2123 1518 2153 cap.
1532 2116 1563 2142 1.
1580 2123 1628 2143 re-

873 2158 944 2194 fert,
976 2156 1128 2188 Claudios
1166 2156 1398 2196 duodetriginta
1439 2154 1628 2191 consulatus,

875 2200 1013 2241 quinque
1026 2200 1206 2235 dictaturas,
1219 2209 1362 2229 censuras
1378 2203 1509 2239 septem,
1521 2197 1630 2228 trium-

878 2244 956 2283 phos
968 2253 1034 2278 sex,
1049 2243 1125 2272 duas
1148 2242 1317 2276 ovationes,
1338 2240 1519 2272 obtinuisse.

921 2287 973 2316 43.
999 2284 1036 2319 Q.
1052 2283 1188 2323 Metelli]
1239 2284 1278 2320 Q.
1296 2283 1446 2313 Metellus
1461 2282 1562 2320 Celer,
1577 2282 1632 2323 qui

879 2327 938 2358 suit
952 2327 1059 2358 consul
1083 2338 1164 2358 anno
1180 2326 1272 2358 Urbis
1288 2327 1364 2365 693,
1389 2325 1533 2358 Clodiam
1556 2335 1633 2355 uxo-

877 2381 941 2401 rem
957 2370 1075 2401 habuit.

920 2415 974 2444 46.
998 2412 1044 2443 Ex
1070 2412 1242 2452 amplissimo
1269 2411 1397 2453 genera]
1442 2410 1490 2441 Ex
1515 2408 1633 2440 familia

880 2455 1055 2487 Claudiana
1081 2455 1213 2496 patricia
1240 2454 1422 2485 transiverat
1435 2454 1467 2484 in
1482 2452 1633 2483 familiam

879 2498 1094 2535 Metellorum,
1117 2498 1192 2539 quia
1208 2497 1342 2528 Metello
1358 2496 1461 2528 Celeri
1475 2499 1636 2535 nupserat.

876 2540 1080 2582 Amplissima
1105 2545 1168 2570 tum
1201 2540 1401 2571 Claudiorum
1426 2543 1491 2569 tum
1519 2536 1636 2567 Metel-

878 2584 976 2614 lorum
988 2583 1106 2614 familia
1117 2582 1188 2618 suit,
1197 2593 1267 2614 cum
1277 2584 1336 2613 hoc
1348 2581 1535 2614 discrimine,
1547 2577 1634 2619 qudd

881 2625 1007 2656 Claudii
1021 2626 1067 2656 illi
1088 2625 1220 2666 patricii,
1237 2624 1362 2655 Metelli
1379 2622 1492 2663 plebeii
1507 2621 1634 2651 fuerint.

881 2668 910 2698 E
923 2673 1017 2708 gente
1033 2673 1136 2698 autem
1151 2667 1280 2699 Caecilia
1293 2668 1419 2697 suerunt
1432 2663 1567 2699 Metelli,
1590 2662 1636 2693 sic

884 2710 961 2742 dicti
976 2711 995 2741 a
1006 2720 1083 2743 voce
1094 2710 1230 2747 militari,
1246 2720 1316 2753 quae
1330 2706 1561 2740 Mercenarium
1573 2705 1635 2746 sig-

885 2753 1002 2786 nificat.

1602 180 1691 225 227
