1790 3090
11 165 52 207 ‘lv
570 151 619 182 M.
647 145 800 181 TULLu
824 140 1069 180 CICERONIS

19 240 66 280 in
86 251 186 279 suas
208 234 404 277 civitates
425 226 570 278 sociis,
602 224 675 282 qui
711 238 756 264 se
787 219 948 278 passim
968 231 1044 274 pro
1067 212 1234 256 civibus
1263 204 1473 250 Romanis
1501 216 1619 260 gere-

21 297 152 338 bant:
174 308 271 350 quae
283 291 354 332 lex
375 290 510 330 fomes
529 280 739 324 fuitillius
759 276 947 319 incendii
964 272 1118 323 civilis,
1139 267 1254 327 quod
1270 271 1371 323 post
1389 259 1619 304 triennium

25 359 220 394 exortum
237 354 316 391 est.
366 343 503 386 Gallia
517 338 737 397 provincia
753 336 910 376 Crasso
932 330 1101 388 obtigit,
1120 326 1226 368 Asia
1247 321 1469 370 Scaevolae,
1490 329 1620 373 quam

27 407 150 450 tanta
166 401 430 448 abstinentia
442 398 564 448 rexit,
584 402 632 436 ut
651 393 677 435 a
698 394 860 434 Senatu
887 391 931 431 in
952 386 1195 442 exemplum
1224 381 1426 433 deinceps
1455 370 1622 416 caeteris

29 462 352 521 magistratibus
366 459 685 516 proponeretur.
745 449 819 498 At,
840 447 942 503 quia
956 440 1198 502 publicanis
1214 450 1359 494 regere
1374 431 1524 474 Asiam
1536 441 1624 470 non

31 521 297 578 permiserat,
319 528 465 558 eorum
495 505 812 565 conspiratione
847 505 891 544 in
922 500 1136 558 judicium
1155 502 1335 538 vocatus
1372 495 1453 541 est,
1489 492 1533 528 et
1571 483 1625 524 ab

36 577 270 634 equitibus,
290 572 365 630 qui
381 579 469 613 turn
480 566 751 625 judicabant,
776 560 1102 602 condemnatus.

466 686 628 717 ANNUS
660 682 804 711 URBIS
839 675 1071 706 conTAE
1108 658 1204 699 659.

101 758 216 799 Coss.
236 755 364 797 Coelio
388 752 534 800 Calclo,
558 749 610 789 L.
630 745 818 787 Domitio
839 736 1097 783 AEnolmrbo,
1130 735 1231 772 aute
1254 727 1475 770 Christum
1494 719 1565 762 93.

529 804 746 847 Ciceronis
765 799 950 840 decimus
967 794 1134 834 tertius.

100 903 200 945 Hoc
213 915 324 943 anno
345 897 454 939 nihil
474 890 748 937 memorabile
784 885 898 944 apud
930 883 1150 924 Romanos
1191 879 1362 932 gestum
1382 873 1462 911 est.
1520 862 1638 905 Huic

48 959 228 1002 Consuli
250 956 377 999 Caldi
408 969 483 995 seu
520 949 661 993 Calidi
696 955 938 1002 cognomen
969 938 996 979 a
1032 930 1278 978 ferventiori
1308 926 1451 970 indole
1490 922 1638 964 datum

50 1017 199 1069 fuisse,
219 1014 280 1056 ait
296 1013 464 1061 Cicero,
486 1008 563 1050 lib.
580 1009 622 1048 2.
643 1005 695 1046 de
719 999 987 1044 Inventione.

466 1126 628 1156 ANNUS
658 1121 803 1150 urinis
838 1113 1071 1145 conTAE
1109 1096 1208 1138 660.

168 1211 286 1254 Coss.
312 1206 360 1249 C.
383 1205 546 1245 Valerio
562 1201 731 1245 Flacco,
754 1194 821 1236 M.
834 1189 1074 1235 Herennio,
1097 1188 1198 1224 ante
1222 1179 1444 1221 Christum
1463 1173 1534 1215 92.

515 1256 733 1298 Ciceronis
753 1252 939 1292 decimus
959 1247 1158 1298 quartus.

111 1358 198 1400 Hic
214 1355 280 1397 M.
294 1348 537 1394 Herennius
568 1343 816 1398 Philippum
837 1333 1006 1378 summa
1021 1331 1158 1373 virum
1177 1320 1423 1381 eloquentia
1454 1324 1498 1360 et
1530 1315 1651 1358 nobi-

53 1416 175 1458 litate
197 1414 242 1454 in
272 1408 481 1468 petitione
504 1401 765 1445 Consulatus
793 1390 1024 1449 superavit.
1081 1387 1131 1428 T.
1156 1383 1308 1426 Didius
1332 1380 1384 1420 de
1410 1372 1652 1420 Celtiberis,

57 1474 110 1514 P.
128 1469 316 1513 Licinius
334 1467 515 1507 Crassus
529 1461 582 1501 de
600 1453 831 1502 Lusitanis,
852 1445 1142 1502 triumphavit.
1162 1442 1216 1482 P.
1230 1436 1438 1485 Rutilius,
1461 1431 1523 1472 vir
1539 1443 1654 1472 sum-

56 1545 139 1571 mae
155 1523 426 1572 innocentiae,
447 1518 521 1575 qui
538 1517 563 1558 ’ἲι
583 1512 909 1572 publicanorum
931 1501 1095 1558 injuriis
1114 1497 1264 1540 Asiam
1290 1494 1559 1538 liberaverat,
1589 1486 1654 1526 in-

56 1586 174 1627 visus
207 1579 394 1639 equestri
426 1573 580 1624 ordini,
601 1566 931 1627 repetundarum
958 1562 1187 1601 damnatus
1219 1558 1299 1604 est,
1321 1556 1365 1591 et
1389 1548 1433 1589 in
1458 1542 1658 1588 exsilium

60 1644 240 1698 ejectus.

487 1715 649 1747 ANNUS
682 1710 825 1739 URB15
861 1700 1094 1734 CONDITAE
1133 1684 1231 1725 661.

141 1803 257 1845 Coss.
284 1798 333 1842 C.
358 1797 542 1840 Claudio
563 1793 766 1839 Pulchro,
788 1787 854 1828 M.
872 1779 1108 1835 Perperna,
1140 1778 1242 1816 aute
1265 1769 1488 1813 Christum
1507 1762 1577 1805 91.

568 1849 782 1891 Ciceronis
804 1843 992 1884 decimus
1012 1837 1210 1890 quintus.

126 1950 206 1991 His
226 1947 351 1988 Coss.
370 1939 643 1985 nobilissima
663 1935 729 1977 M.
751 1931 870 1974 Curii
903 1936 947 1970 et
977 1926 1041 1967 Μ.
1064 1919 1252 1979 Coponii
1274 1929 1408 1959 causa
1428 1909 1541 1967 apud
1564 1921 1663 1949 cen-

66 2005 271 2050 tumviros
301 2003 325 2044 {i
358 1999 528 2042 duobus
558 1990 868 2036 Consularibus
901 1992 1029 2042 atque
1065 1977 1320 2036 aequalibus,
1356 1972 1403 2012 L.
1429 1969 1587 2010 Crasso
1623 1968 1668 2004 et

69 2066 123 2114 Q.
147 2059 354 2111 Scaevolfi,
375 2056 552 2099 defensa
567 2058 647 2094 est.

475 2155 644 2186 ANNUS
680 2150 829 2180 unius
865 2141 1100 2175 conTAE
1137 2123 1234 2166 662.

77 2243 193 2286 Coss.
217 2240 271 2281 L.
286 2239 342 2280 M
342 2237 456 2277 arcio
478 2234 698 2284 Philippo,
721 2229 852 2270 Semo
869 2224 991 2265 Julio
1016 2219 1200 2263 Coesare,
1222 2215 1324 2252 aute
1350 2205 1572 2248 Christum
1591 2197 1662 2240 90.

567 2286 785 2329 Ciceronis
806 2283 993 2322 decimus
1019 2278 1181 2315 semtus.
1355 2300 1358 2301 γ

132 2388 234 2429 Hoc
254 2396 380 2432 anno,
403 2377 540 2420 aetatis
553 2374 722 2416 decimo
744 2374 879 2418 sexto,
897 2365 1050 2406 Cicero
1069 2355 1256 2402 excessit
1271 2354 1294 2396 ὲ
1315 2347 1510 2409 pueritia,
1531 2345 1573 2386 in
1587 2342 1675 2400 qu&

75 2444 185 2489 mira
204 2439 334 2484 animi
356 2435 562 2478 felicitate
584 2431 637 2472 iis
665 2426 865 2470 omnibus
886 2421 1047 2464 artibus
1067 2418 1302 2458 instructus
1324 2415 1403 2458 est,
1425 2403 1580 2462 quibus
1600 2413 1676 2456 per

75 2504 194 2545 illam
215 2504 386 2540 aetatem
405 2490 525 2548 pueri
560 2489 613 2529 ad
649 2482 961 2527 humanitatem
982 2470 1199 2517 informari
1222 2468 1391 2510 solent:
1423 2456 1675 2503 incredibile

80 2565 146 2602 est
162 2552 369 2613 quantum
385 2551 476 2605 ejus
492 2544 712 2601 ingenium
734 2537 928 2584 eluxerit,
951 2530 1199 2590 quant-&que
1221 2529 1337 2567 esset
1355 2518 1470 2576 apud
1491 2513 1677 2571 aequales

76 2619 122 2658 in
139 2609 424 2655 veneratione.
480 2603 592 2643 Nam
607 2614 704 2641 eum
722 2602 894 2638 euntem
911 2591 965 2632 ad
982 2589 1145 2635 ludum,
1162 2591 1203 2625 et
1220 2581 1484 2625 redeuntem,
1501 2568 1677 2612 honoris

78 2664 423 2730 gi·atia,niediurn
433 2658 716 2702 deducebant.
738 2644 1097 2694 Delectabaturin
1106 2638 1252 2698 primis
1263 2634 1399 2693 po'esi.
1422 2626 1678 2673 Plutarchus

79 2726 244 2776 scribit,
261 2720 468 2765 Pontium
485 2717 698 2757 Glaucum
720 2704 978 2752 tetrametris
999 2709 1311 2756 composuisse,
1328 2698 1458 2747 atque
1481 2699 1580 2728 eum
1602 2681 1682 2724 sua

77 2791 202 2829 aetate
212 2781 354 2825 adhuc
368 2774 600 2820 exstitisse.
631 2771 764 2813 Juxta
779 2764 1006 2820 antiquum
1019 2770 1195 2807 morem,
1209 2747 1384 2808 sumpta
1400 2743 1508 2788 virili
1525 2738 1643 2798 toga,
1657 2737 1683 2780 ὰ
