1858 3095
662 170 716 204 m
741 169 1000 204 cArrthM
1024 169 1085 203 ιν.
1647 167 1727 216 133

85 246 186 289 cula
198 247 376 303 ruperit:
398 246 623 288 horribiles
641 246 861 288 custodias
875 246 1127 298 circumdat,
1142 252 1185 288 et
1198 246 1329 303 (ligna
1338 245 1498 288 scelere
1511 245 1650 290 homi-

83 317 186 344 num
207 305 468 360 perditorum
489 303 648 355 sancit3
680 319 732 344 ne
749 303 846 359 quis
873 318 1018 344 eorum
1039 318 1223 359 poenam,
1246 318 1355 359 quos
1374 302 1648 356 condemnat,

85 368 159 401 aut
191 377 265 417 per
310 367 506 403 senatum
553 368 625 401 aut
655 375 729 416 per
761 360 963 415 populum
1003 360 1141 401 levare
1172 360 1333 416 possit:
1365 358 1491 414 eripit
1519 359 1649 401 etiam

85 432 220 472 spem,
249 433 343 474 quae
365 417 459 458 sola
486 416 704 458 hominem
733 416 776 457 in
798 416 978 457 miseriis
999 417 1211 458 consolari
1245 417 1376 467 solet3
1407 416 1523 457 bona
1542 430 1648 472 prae-

86 474 202 515 terea
224 473 431 530 publicari
447 474 574 528 jubet
593 491 603 524 ;
635 473 767 514 vitam
789 473 925 514 solam
947 473 1149 530 relinquit
1175 472 1348 514 nefariis
1374 472 1618 514 hominibus
1635 490 1646 525 3
1664 474 1719 513 25

84 545 213 586 quam
231 530 266 571 si
288 529 530 585 eripuisset,
562 531 733 578 multas,
756 544 840 570 uno
862 530 1009 571 dolore
1031 529 1160 571 animi
1183 544 1233 570 ac
1254 528 1461 584 corporiS,
1493 535 1536 570 et
1556 543 1648 570 om—

86 602 161 628 nes
182 587 390 628 scelerum
407 601 557 642 poenas
581 587 825 628 ademisset.
887 586 1055 642 Itaque,
1069 593 1115 627 ut
1136 585 1278 641 aliqua
1291 586 1333 626 in
1354 584 1444 626 vita
1462 584 1646 627 formido

83 643 287 705 improbis
309 650 425 684 esset
454 643 608 700 posita,
640 644 755 699 apud
795 642 952 683 inferos
988 641 1199 697 ejusmodi
1221 641 1420 696 quaedam
1454 640 1516 681 illi
1538 642 1647 682 anti-

83 713 156 755 qu1
174 699 384 755 supplicia
406 699 549 756 impiis
566 699 801 741 constituta
817 713 911 739 esse
933 698 1181 740 voluerunt:
1213 696 1330 753 quod
1350 697 1549 739 videlicet
1583 697 1647 739 in-

82 754 352 811 telligebant,
374 756 442 798 his
461 757 649 807 remotis,
672 770 757 796 non
782 770 877 796 esse
890 762 1071 796 mortem
1088 755 1225 810 ipsam
1242 753 1644 809 pertimescendam.
1662 754 1719 796 30

83 811 226 863 Nunc,
243 812 346 854 P.C.
365 827 446 869 ego
467 813 483 836 ‘¹
497 812 593 854 mea
609 812 733 854 video
751 812 855 867 quid
869 811 1051 853 intersit.
1111 811 1158 851 Si
1180 811 1297 852 eritis
1316 810 1455 852 secuti
1475 817 1647 852 senten·
1698 813 1708 851 Ἀ

81 868 187 910 tiam
224 868 277 912 C.
298 869 497 921 Caesaris,
527 869 730 926 quoniam
758 869 870 910 hanc
897 867 933 909 is
965 869 1009 909 in
1038 867 1257 923 republica
1282 867 1408 916 viam,
1438 882 1536 923 quae
1570 882 1646 924 po-

80 924 241 981 pularis
262 926 455 976 habetur,
478 933 652 968 secutus
675 932 755 977 est,
786 923 968 967 sortasse
992 924 1130 965 minus
1151 930 1287 972 erunt,
1307 924 1392 965 hoc
1412 933 1586 966 auctore
1603 930 1647 966 et

83 981 305 1037 cognitore
323 983 503 1038 hujusce
524 982 765 1033 sententiae,
792 981 895 1023 mihi
924 982 1179 1038 epopulares
1212 981 1398 1037 impetus
1422 981 1646 1037 pertimes-

82 1038 229 1081 cendi:
262 1039 330 1080 sin
361 1039 479 1081 illam
509 1041 685 1081 alteram
717 1038 855 1080 secuti
888 1038 1019 1089 eritis,
1050 1038 1198 1080 nescio
1240 1052 1296 1078 an
1325 1037 1508 1092 amplius
1538 1036 1644 1078 mihi
1662 1038 1718 1080 35

81 1095 245 1151 negotii
267 1096 556 1138 contrahatur.
589 1097 675 1138 Sed
695 1103 839 1137 tamen
855 1109 1044 1136 meorum
1062 1094 1348 1150 periculorum
1359 1093 1546 1136 rationes
1562 1093 1647 1135 uti-

82 1151 183 1193 litas
214 1151 461 1208 reipublicae
482 1153 644 1194 vincat:
676 1153 883 1194 habemus
905 1151 1017 1192 enim
1040 1151 1066 1192 ἓι
1089 1151 1140 1193 C.
1163 1152 1347 1203 Caesare,
1379 1150 1494 1192 sicut
1509 1149 1646 1206 ipsius

83 1207 288 1263 dignitas,
320 1215 364 1250 et
384 1210 591 1265 majorum
613 1210 704 1265 ejus
726 1208 962 1264 amplitudo
984 1208 1246 1264 postulabat,
1265 1207 1520 1249 sententiam
1541 1213 1646 1248 tam-

83 1279 212 1320 quam
233 1264 427 1307 obsidem
449 1273 665 1321 perpetuae
685 1266 728 1306 in
748 1264 1056 1320 rempublicam
1075 1264 1324 1306 voluntatis.
1376 1264 1647 1306 Intellectum

83 1329 163 1372 est,
196 1321 302 1377 quid
323 1320 491 1363 intersit
511 1322 621 1363 inter
641 1321 862 1363 lenitatem
883 1320 1250 1369 concionatorum,
1283 1326 1326 1362 et
1346 1320 1533 1361 animum
1548 1318 1647 1362 vert}
1664 1321 1721 1363 40

82 1377 346 1433 popularem,
367 1378 493 1419 saluti
509 1378 658 1434 populi
680 1378 992 1419 consulentem.
1050 1376 1206 1428 Video,
1227 1377 1280 1418 de
1300 1376 1394 1418 istis
1414 1376 1488 1432 qui
1509 1391 1555 1418 se
1571 1391 1650 1432 po-

80 1434 249 1489 pulares
268 1434 418 1476 haberi
435 1435 598 1485 volunt,
621 1435 772 1476 abesse
788 1432 1127 1485 non-neminem,
1148 1448 1201 1475 ne
1218 1433 1271 1474 de
1288 1433 1430 1489 capite
1445 1432 1650 1474 videlicet

83 1490 242 1532 civium
263 1490 557 1534 Romanorum
574 1491 833 1534 sententiam
853 1490 975 1533 ferat.
1036 1490 1080 1532 Is
1096 1496 1140 1532 et
1159 1489 1470 1544 nudiustertius
1491 1489 1535 1530 in
1555 1494 1843 1566 ους-ὅρκῳ,

82 1547 246 1589 todiam
260 1547 375 1589 cives
388 1547 623 1599 Romanos,
639 1548 838 1590 Cetheou
899 1554 943 1588 et
952 1547 1003 1588 P.
1019 1547 1261 1598 Lentulum,
1275 1546 1410 1598 dedit,
1428 1551 1472 1588 et
1487 1545 1650 1602 suppli-
1823 1529 1858 1571 j

82 1604 297 1647 cationem
317 1604 422 1646 mihi
441 1605 645 1654 decrevit,
676 1611 720 1646 et
749 1562 1137 1646 iffdifilbeffs‘fflsterno
1154 1603 1224 1646 die
1244 1602 1444 1645 maximis
1464 1602 1647 1659 praemiis
1666 1604 1724 1646 45

82 1660 241 1703 affecit.
298 1661 397 1704 Jam
435 1661 520 1704 hoc
545 1662 700 1704 nemini
731 1661 910 1703 dubium
937 1666 1016 1712 est,
1047 1660 1121 1717 qui
1149 1675 1221 1703 reo
1243 1659 1501 1711 custodiam,
1566 1675 1650 1702 uae-

83 1717 204 1761 sitori
225 1717 570 1775 gratulationem,
601 1718 735 1760 indici
766 1717 1004 1774 praemium,
1035 1717 1239 1770 decrevit,
1270 1716 1377 1774 quid
1398 1716 1451 1759 de
1479 1721 1574 1760 tota
1604 1731 1650 1759 re

253 1860 271 1885 ‘³
283 1862 401 1904 video
421 1860 549 1916 qucim
567 1864 676 1904 utile
695 1864 751 1903 sit
771 1863 889 1902 mihi.
1175 1865 1190 1883 θ
1196 1861 1362 1914 populi.

129 2034 183 2064 23.
207 2031 315 2063 Levare
326 2032 440 2076 possin]
486 2031 559 2064 Nisi
572 2031 648 2063 velit
675 2043 707 2064 se
722 2032 844 2063 hostem

86 2076 193 2116 patriae
208 2075 356 2116 profiteri.

129 2120 182 2149 26.
223 2117 288 2149 Uno
311 2119 406 2148 dolore
432 2119 523 2148 animi
548 2127 581 2147 ac
611 2117 763 2157 corporis]
811 2116 845 2146 Si

87 2161 150 2192 vita
166 2160 331 2201 conjuratis
350 2161 497 2201 adempta
519 2164 611 2195 esset,
627 2161 666 2190 ab
678 2160 762 2190 omni
776 2169 843 2190 cor-

86 2204 171 2244 poris
187 2210 219 2235 et
234 2204 328 2234 animi
343 2203 450 2234 dolore
462 2203 551 2233 vacui
568 2207 691 2233 essent:
708 2202 843 2243 loquitur

87 2252 191 2277 autem
207 2258 244 2277 ex
268 2246 423 2278 sententia
449 2245 589 2282 Caesaris,
620 2245 674 2286 qui
697 2245 845 2276 censebat

87 2289 222 2320 animam
237 2300 306 2320 cum
322 2299 451 2330 corpore
464 2288 628 2328 exstingui.

131 2335 184 2363 28.
208 2333 301 2372 Apud
315 2332 449 2375 inferos]
503 2332 624 2362 Inferos
651 2335 746 2372 negat
774 2341 840 2361 esse

88 2374 211 2412 Cicero,
236 2376 291 2407 lib.
324 2380 352 2407 1.
379 2374 504 2406 Tuscul.
532 2374 654 2412 Quaest.
683 2384 761 2414 quos
786 2384 841 2418 nos

87 2418 254 2450 Christiani
269 2423 301 2449 et
314 2418 480 2454 credimus,
496 2422 529 2448 et
542 2417 753 2449 formidamus.

130 2464 183 2493 33.
207 2461 269 2493 Hoc
279 2461 423 2502 auctora]
469 2461 603 2492 Caesare.

131 2506 184 2536 35.
208 2504 297 2535 Illam
309 2505 462 2546 alteram]
505 2503 557 2534 De
582 2501 690 2540 Silani,
711 2502 844 2534 consulis

88 2547 254 2588 designati,
269 2546 424 2578 sententia
436 2547 579 2587 loquitur.

131 2591 184 2621 36.
230 2589 349 2632 Negotii
376 2589 594 2630 contrahatur-,J
640 2588 715 2620 Non
744 2589 845 2620 minus

89 2632 218 2674 periculi
239 2633 297 2663 sibi
313 2633 493 2663 incumbere
509 2633 660 2671 declarat,
683 2633 708 2663 si
731 2632 842 2670 Silani,

89 2686 183 2717 quam
197 2675 223 2706 si
235 2675 377 2714 Caesaris,
391 2677 577 2707 sententiam
593 2680 770 2716 sequantur.

134 2721 186 2750 38.
212 2718 370 2759 Tamquam
384 2719 530 2761 obsidem]
578 2719 701 2750 Laudat
716 2717 846 2750 Caesaris

90 2761 286 2797 sententiam,
308 2766 465 2804 tamquam
501 2763 527 2793 is
549 2762 629 2793 bene
651 2763 692 2792 de
716 2761 845 2802 Repub.

91 2805 238 2836 sentiret:
263 2814 334 2835 nam
362 2804 470 2836 revera
498 2805 587 2836 multi
624 2815 697 2836 eum
739 2804 844 2835 favere

887 2030 1055 2073 conjuratis
1069 2030 1323 2072 suspicabantur:
1349 2029 1413 2068 alii,
1438 2028 1576 2060 molliore
1588 2027 1648 2059 hac

888 2075 993 2116 poena,
1016 2075 1074 2105 sibi
1099 2075 1184 2115 apud
1211 2074 1363 2115 populum
1387 2072 1581 2103 dominatum
1602 2072 1648 2102 af-

890 2118 1016 2148 sectare.

931 2164 986 2190 40.
1014 2157 1281 2198 Concionatorum]
1329 2157 1390 2189 Per
1401 2157 1646 2193 concionatores,

888 2202 936 2233 vel
952 2203 1020 2233 illos
1034 2203 1171 2233 tribunos
1188 2201 1288 2242 plebis
1303 2201 1356 2241 qui
1372 2201 1540 2232 conciones
1555 2200 1642 2240 apud

887 2245 1040 2286 populum
1066 2244 1229 2275 seditiosas
1258 2243 1427 2278 habebant,
1447 2243 1496 2275 vel
1523 2253 1577 2274 eos
1591 2242 1647 2284 qui

889 2299 997 2319 omnes
1026 2288 1210 2320 concionum
1235 2291 1343 2317 ventos
1372 2286 1575 2328 colligebant,
1596 2286 1646 2316 in-

884 2331 980 2364 dicat.

902 2385 909 2396 ·
929 2376 981 2405 42.
1008 2372 1257 2412 Non-neminem]
1305 2371 1417 2412 Carpit
1439 2370 1573 2412 aliquem
1596 2370 1644 2402 in-

884 2418 1054 2458 cognitum,
1067 2416 1083 2448 ὲ
1097 2422 1272 2447 senatorum
1288 2414 1504 2455 numero,qui,
1527 2418 1562 2444 ut
1585 2424 1644 2454 po-

886 2461 1002 2501 pularis
1024 2459 1201 2498 haberetur,
1225 2469 1262 2489 eo
1290 2457 1341 2488 die
1367 2457 1473 2487 venire
1488 2456 1589 2487 noluit
1610 2456 1643 2487 in

887 2508 1038 2534 senatum·
1095 2502 1178 2533 Huic
1208 2500 1372 2542 anteponit
1398 2499 1562 2536 Caesarem,
1589 2499 1645 2540 qui

887 2547 992 2577 reverti
1009 2546 1167 2588 popularis
1182 2549 1240 2580 est,
1256 2550 1289 2575 et
1310 2542 1417 2574 salutis
1432 2542 1565 2583 publicae
1581 2546 1644 2572 stu·

888 2590 1003 2620 diosus.
1621 2594 1623 2598 ⁴

931 2634 983 2663 46.
1021 2631 1205 2671 Quaesitori]
1244 2631 1285 2661 Se
1326 2628 1518 2670 quaesitorcm
1542 2630 1645 2663 vocat,

888 2675 963 2716 quia
977 2675 1222 2716 conjurationem
1236 2672 1365 2704 detexit.

933 2720 987 2751 47.
1013 2717 1275 2757 Gratulationem]
1311 2713 1460 2754 Loquitur
1472 2713 1513 2743 de
1525 2710 1646 2753 suppli-

887 2761 1024 2800 catione,
1040 2771 1111 2804 quae
1135 2761 1262 2791 decreta
1286 2757 1344 2787 suit
1359 2756 1378 2786 ἃ
1398 2760 1519 2787 senatu.
1561 2754 1646 2786 Vide

890 2803 980 2837 Orat.
990 2804 1190 2847 superiorem,
1201 2810 1323 2844 paragr.
1333 2798 1400 2832 111.
1412 2803 1476 2831 not.
1489 2798 1530 2830 ad
1542 2797 1563 2829 l.
1579 2799 1634 2829 55.

1227 2843 1312 2885 Μ2
