1858 3095
668 162 718 195 IN
743 161 1000 195 CATILINAM
1022 162 1070 194 11.
1646 165 1724 209 107

94 253 233 296 neque
251 239 364 281 enim
382 238 469 291 isti,
499 237 572 294 qui
603 238 901 295 possessiones
925 239 1102 290 habent,
1132 238 1218 280 alifi
1245 236 1409 281 ratione
1431 239 1520 281 ulla
1542 243 1648 284 salvi

95 311 188 338 esse
210 304 402 354 possunt.
462 294 592 342 Quod
628 296 663 336 si
696 295 928 337 gmaturius
957 296 1095 337 facere
1130 297 1379 349 voluissent,
1411 311 1550 353 neque
1571 300 1649 351 (id,
1671 303 1725 344 65

95 354 209 409 quod
234 353 532 395 stultissimum
552 357 635 402 est)
661 359 822 394 certare
851 367 946 393 cum
971 352 1106 393 usuris
1135 353 1341 395 fructibus
1373 354 1650 411 praediorum;

95 409 446 474 locupletioribus
471 409 537 449 his
574 417 617 450 et
648 409 895 450 melioribus
929 409 1094 451 civibus
1125 417 1349 452 uteremur.
1410 410 1497 452 Sed
1521 411 1652 453 hosce

94 466 289 508 homines
325 464 500 506 minime
536 473 640 522 puto
662 466 1041 521 pertimescendos,
1073 466 1188 522 quod
1211 475 1283 508 aut
1305 467 1462 508 deduci
1484 467 1536 508 de
1558 482 1654 509 sen-

94 523 228 564 tentia
246 529 438 578 possunt,
453 529 536 571 aut,
561 523 595 563 si
618 523 941 578 permanebunt,
957 524 1092 579 magis
1114 523 1217 563 mihi
1236 523 1434 564 videntur
1449 530 1549 565 vota
1567 524 1655 565 fac-

94 580 177 620 turi
212 585 361 620 contra
381 578 535 635 Remp.
564 579 697 635 quam
732 593 847 620 arma
868 580 1008 620 laturi.
1068 579 1199 620 Aliud
1233 594 1368 634 genus
1398 586 1465 621 est
1493 595 1654 633 eorum,
1674 584 1729 625 70

96 635 184 691 qui,
215 649 476 691 quamquam
498 642 744 692 premuntur
763 650 843 676 aere
867 635 1019 683 alieno,
1050 635 1387 677 dominationem
1419 644 1563 678 tamen
1585 652 1655 678 ex-

93 697 269 747 petunt3
318 707 456 733 rerum
495 692 624 747 potiri
664 692 839 742 volunt;
881 692 1082 742 honores,
1125 706 1249 748 quos,
1295 692 1444 748 quiet-21
1484 693 1654 749 Repub.

93 747 337 804 desperant,
369 748 598 804 peturbatsi
645 747 851 803 consequi
903 763 948 788 se
984 762 1111 803 posse
1147 749 1417 790 arbitrantur.
1484 750 1654 798 Quibus

92 803 177 845 hoc
208 805 543 861 praecipiendum
572 805 751 855 videtur,
783 819 915 844 unum
933 805 1100 846 scilicet
1119 812 1162 846 et
1192 805 1319 854 idem,
1351 806 1466 861 quod
1489 807 1654 848 caeteris

92 861 308 912 omnibus,
324 869 373 902 ut
389 861 617 917 desperent
637 876 682 901 se
704 860 761 911 id,
786 862 902 916 quod
924 868 1145 913 conantur,
1170 864 1376 918 consequi
1399 877 1550 918 posse:
1573 863 1655 919 pri·
1674 868 1727 907 75

92 931 211 958 mum
232 918 436 970 omnium,
469 933 535 958 me
557 918 698 974 ipsum
717 918 908 972 vigilare,
940 918 1107 969 adesse,
1139 918 1357 974 providere
1379 919 1565 976 Reipub.
1583 920 1656 961 de-

92 973 192 1015 inde
225 989 405 1031 magnos
438 974 603 1016 animos
640 988 734 1015 esse
765 974 810 1014 in
833 973 956 1015 bonis
976 974 1093 1026 viris,
1123 989 1323 1031 magnam
1364 976 1653 1029 concordiam,

92 1030 322 1073 maximam
369 1031 713 1072 multitudinem:
764 1045 942 1086 magnas
997 1031 1204 1087 praeterea
1249 1031 1397 1087 copias
1447 1033 1653 1074 militum:

95 1087 200 1128 deos
219 1087 404 1143 denique
427 1088 686 1128 immortales
703 1087 805 1128 huie
827 1087 988 1129 invicto
1008 1088 1181 1143 populo,
1199 1088 1438 1129 clarissimo
1460 1089 1654 1146 imperio,

93 1144 390 1199 pulcherrimas
410 1144 516 1194 urbi,
534 1150 683 1185 contra
705 1150 869 1184 tautam
887 1144 970 1185 vim
988 1144 1174 1195 sceleris,
1197 1153 1428 1200 praesentes
1449 1146 1654 1187 auxilium
1673 1149 1728 1190 80

97 1213 191 1241 esse
213 1201 388 1241 laturos.
449 1200 576 1248 Quod
598 1200 634 1241 si
660 1201 751 1256 jam
772 1200 859 1240 sint
876 1200 935 1248 id,
971 1201 1086 1256 quod
1108 1216 1206 1242 cum
1231 1217 1397 1243 summo
1425 1202 1564 1244 furore
1581 1218 1655 1244 cu-

93 1256 232 1311 piunt,
265 1257 436 1312 adepti3
465 1271 568 1298 num
595 1257 659 1296 illi
697 1257 739 1296 in
762 1256 904 1297 cinere
926 1257 1042 1298 urbis
1065 1264 1108 1298 et
1128 1258 1334 1313 sanguine
1356 1258 1527 1310 civium,
1560 1275 1657 1316 quae

93 1319 236 1354 mente
257 1313 548 1354 conscelerata
570 1327 621 1354 ac
641 1312 806 1353 nefaria
826 1313 1147 1368 concupierunt,
1168 1329 1213 1355 se
1231 1315 1432 1355 consules
1449 1330 1500 1356 ac
1521 1316 1658 1357 dicta-

93 1375 225 1420 tores,
256 1376 331 1410 aut
351 1369 480 1410 etiam
501 1384 639 1425 reges,
661 1375 836 1425 sperant
855 1369 1049 1410 futuros?
1081 1384 1167 1411 non
1184 1370 1335 1411 vident
1355 1370 1398 1412 id
1420 1386 1465 1412 se
1486 1387 1656 1429 cupere,

94 1425 212 1481 quod
233 1424 270 1466 si
292 1425 438 1482 adepti
458 1425 630 1477 fuerint,
661 1424 842 1481 fugitivo
864 1425 1007 1478 alicui,
1028 1432 1103 1467 aut
1123 1427 1367 1483 gladiatori,
1399 1429 1578 1470 concedi
1601 1429 1658 1471 sit
1676 1432 1729 1473 85

93 1482 304 1524 necesse?

150 1538 207 1580 V.
236 1538 426 1581 Tertium
457 1553 591 1596 genus
619 1546 685 1581 est
714 1546 840 1582 aetate
854 1541 947 1596 jam
968 1540 1228 1591 confectum,
1260 1541 1566 1584 exercitatione
1594 1557 1659 1585 ro-

95 1595 270 1637 bustum
281 1613 292 1647 ;
310 1611 397 1653 quo
409 1610 461 1637 ex
472 1611 627 1653 genere
642 1604 708 1638 est
721 1597 812 1653 ipse
824 1596 1110 1648 Manlius,cui
1122 1612 1236 1639 nunc
1251 1597 1439 1640 Catilina
1451 1600 1659 1643 succedit.

96 1651 154 1693 Hi
170 1653 474 1694 sunthornines
483 1667 534 1695 ex
544 1653 595 1694 iis
605 1654 919 1710 coloniis‚quas
933 1654 1150 1708 [Faesulis]
1160 1654 1280 1711 Sylla
1289 1655 1531 1707 constituit3
1552 1671 1658 1712 quas

98 1723 180 1765 ego
199 1709 420 1751 universas
447 1710 606 1751 civium
626 1726 720 1752 esse
743 1712 1015 1767 optimorum,
1047 1717 1091 1752 et
1111 1711 1440 1753 fortissimorum
1459 1712 1658 1764 virorum,

97 1768 256 1807 sentio:
275 1767 352 1808 sed
366 1774 509 1808 tamen
521 1767 679 1808 bisunt
692 1768 850 1819 coloni,
865 1767 939 1824 qui
953 1783 998 1809 se
1011 1767 1237 1824 insperatis
1250 1768 1568 1824 repentinisque
1585 1784 1659 1826 pe·
1705 1772 1732 1812 5

97 1822 236 1864 cuniis
265 1823 558 1880 sumptuosius
579 1824 920 1880 insolentiusque
945 1824 1181 1881 jactarunt.
1229 1825 1302 1876 Hi,
1321 1825 1422 1866 dum
1444 1826 1661 1868 aedificant

97 1885 317 1937 tamquam
331 1881 462 1934 beati,
493 1881 596 1924 dum
611 1882 797 1939 praediis,
828 1881 1010 1934 lecticis,
1027 1881 1200 1924 familiis
1222 1882 1659 1939 magnis,'“conviviis,

798 2061 817 2087 8
827 2055 963 2097 citius.

141 2241 194 2271 64.
217 2239 325 2282 Salvi]
350 2239 425 2271 Non
441 2245 573 2283 possunt
584 2241 673 2273 aliter
685 2251 745 2272 aere
758 2240 862 2273 alieno
906 2246 937 2272 et
953 2241 1128 2284 rapinarum
1145 2241 1183 2271 ad
1202 2251 1234 2272 se
1251 2241 1388 2273 Catilina
1402 2242 1583 2274 adduxerat.

93 2282 228 2314 liberari.
949 2289 979 2317 2.
1024 2285 1086 2324 Ipse
1111 2284 1273 2326 Manlius]
1318 2285 1456 2316 Manlius
1488 2287 1520 2317 in
1551 2284 1658 2317 castris

141 2328 195 2358 66.
239 2326 359 2358 Cer-tare
383 2337 450 2357 cnm
476 2330 575 2359 usuris
591 2327 774 2369 fructibus]
819 2327 859 2358 Id
906 2329 1002 2370 Syllae
1015 2328 1210 2359 militaverat.

99 2375 159 2406 est,
182 2375 293 2411 putare
324 2370 441 2401 fructus
471 2371 657 2412 praediorum
673 2371 770 2402 usuris
794 2382 858 2401 ma·
946 2375 979 2403 3.
1004 2371 1048 2401 Ex
1060 2371 1103 2401 his
1117 2371 1260 2412 coloniis]
1305 2373 1347 2402 47
1363 2371 1500 2403 colonias
1528 2372 1659 2403 deduxit

95 2411 182 2452 jores
198 2424 277 2444 esse.
903 2415 994 2456 Sylla
1010 2419 1083 2455 post
1102 2415 1281 2452 victoria1n;
1300 2416 1426 2456 suisque
1450 2416 1599 2446 militibus
1615 2416 1659 2446 ci-

142 2457 197 2486 72.
220 2459 333 2488 Rerum
347 2458 436 2496 potiri
448 2457 575 2499 volana]
620 2457 796 2488 Discrimen
813 2461 861 2488 est
902 2460 987 2489 vium
1003 2459 1111 2488 domos
1123 2462 1156 2487 et
1168 2468 1255 2497 agros
1270 2458 1398 2499 largitus
1413 2464 1472 2490 est.

102 2498 182 2529 inter
213 2499 267 2529 illa
299 2502 404 2536 verba,
439 2503 530 2541 potiri
572 2501 667 2540 rebus,
706 2507 738 2531 et
762 2511 860 2532 ‘rerum
945 2501 995 2532 Ib.
1021 2501 1167 2541 Faesulis]
1193 2500 1377 2537 Politianus‚
1396 2501 1494 2532 lib.1.
1509 2501 1600 2543 epist.
1615 2501 1659 2531 ait

98 2542 198 2579 potiri.
253 2541 350 2573 Potin·
383 2554 482 2574 rerum
520 2544 560 2575 de
597 2545 634 2574 iis
657 2544 781 2580 dicitur,
805 2544 858 2585 qui
902 2544 1037 2575 Faesulas
1061 2545 1100 2574 ab
1115 2543 1244 2574 Atlante
1270 2544 1424 2580 conditas,
1450 2555 1565 2584 easque
1587 2554 1658 2574 eum

102 2583 309 2622 dominantur,
332 2591 364 2617 et
385 2587 592 2627 principatum
622 2593 748 2618 tenent:
770 2588 862 2627 potiri
903 2588 1038 2618 Faesulas
1052 2587 1070 2617 εἶ
1084 2586 1148 2616 filia
1164 2587 1217 2617 sua
1231 2586 1352 2618 Faesula
1363 2586 1551 2627 appellasse.

102 2627 186 2657 rebus
200 2628 240 2658 de
251 2628 288 2659 iis
303 2629 358 2670 qui
371 2630 512 2661 fruuntur
526 2630 699 2672 voluptate,
714 2629 860 2672 pecunia,
947 2632 978 2660 6.
1000 2629 1187 2671 Jactarzmt]
1212 2629 1255 2660 Hi
1273 2629 1397 2665 milites,
1414 2629 1542 2659 deducti
1557 2629 1589 2658 in
1605 2638 1658 2659 co-

105 2668 166 2702 &c.
904 2673 1014 2710 Ionias,
1037 2673 1161 2703 divitias
1174 2683 1244 2703 suas
1256 2673 1465 2707 ostentabant,
1480 2672 1658 2713 sumptuose

148 2715 179 2743 1.
223 2712 323 2746 AEtate
343 2715 534 2758 confectum]
581 2715 618 2746 In
645 2715 860 2758 conjuratione
905 2727 957 2747 eas
971 2716 1201 2758 profundendo.

105 2754 250 2786 Catilinae
264 2757 355 2788 multi
379 2765 468 2790 erant
487 2759 611 2801 Syllani
635 2760 757 2795 milites,
781 2759 862 2799 sugi—
948 2761 979 2790 7.
1003 2758 1150 2798 [εειὶσίε.]
1195 2758 1330 2790 Lecticis
1361 2758 1528 2789 utebantur
1553 2757 1661 2799 aegroti

103 2798 159 2829 tivi
175 2809 231 2841 per
240 2798 378 2839 Italiam,
388 2807 420 2834 et
429 2802 582 2840 bellicosi,
592 2812 670 2844 quos
681 2813 738 2845 spe
747 2803 861 2845 praedae
906 2807 939 2835 et
952 2813 1052 2841 senes,
1074 2802 1228 2839 mulieres,
1243 2806 1275 2834 et
1289 2801 1430 2834 homines
1445 2801 1615 2834 delicatuli.
