1858 3095
716 169 808 202 PRO
835 168 993 201 COELIO.

61 247 279 293 seditiosis
300 246 689 303 consceleratisque
721 246 903 298 civibus,
936 246 1008 302 qui
1041 245 1190 288 armati
1227 249 1423 288 senatum
1445 245 1624 288 obsede-

61 307 160 355 rint,
191 305 511 363 magistratibus
552 303 637 344 vim
678 303 912 354 attulerint,
961 305 1269 359 rempublicam
1318 302 1623 359 oppugnarint,

63 363 258 420 quotidie
279 361 599 423 quaerijubeat3
631 361 770 416 legem
804 374 890 400 non
921 360 1162 416 improbet;
1194 360 1351 401 crimen
1382 359 1499 414 quod
1533 373 1623 400 ver-

63 428 180 461 setur
196 419 434 474 injudicio,
467 417 689 472 crequirat.

750 415 859 457 Cum
881 417 1043 467 audiat,
1064 417 1229 458 nullum
1252 415 1432 464 facinus,
1463 415 1622 456 nullam
1644 413 1693 454 lO

64 475 302 524 audaciam,
333 475 489 514 nullam
514 474 611 520 vim,
644 473 685 513 in
710 473 921 529 judicium
943 474 1107 523 vocari3
1139 473 1215 513 sed
1236 472 1556 513 adolescentem
1576 472 1621 513 il-

60 532 181 574 lustri
203 530 390 586 ingenio,
423 530 649 577 industria,
672 528 824 586 gratia,
845 530 1035 570 accusari
1057 530 1109 570 ab
1129 530 1221 584 ejus
1244 528 1348 578 filio,
1380 542 1508 582 quem
1528 528 1621 584 ipse

60 590 103 629 in
128 587 343 644 judicium
369 594 413 627 et
442 594 566 627 vocet
600 594 643 627 et
671 586 862 637 vocarit3
894 585 1132 642 oppugnari
1169 591 1312 624 autem
1345 584 1499 639 opibus
1535 599 1622 626 me-

63 644 268 693 retriciis;
301 642 487 684 Atratini
519 643 634 684 illius
665 643 871 698 pietatem
905 657 989 683 non
1025 641 1332 697 reprehendat3
1372 640 1618 682 muliebrem

62 699 286 742 libidinem
303 699 669 756 comprimendam
687 706 828 754 putet3
859 712 936 738 vos
958 697 1195 738 laboriosos
1213 696 1444 745 existimet,
1466 697 1621 752 quibus
1645 694 1695 736 15

62 756 215 798 otiosis
235 771 288 797 ne
310 756 353 797 in
373 755 589 798 communi
611 755 788 811 quidem
808 755 895 796 otio
914 754 1046 796 liceat
1065 768 1175 795 esse.
1220 753 1407 804 Etenim,
1429 752 1465 794 si
1486 760 1625 795 atten-

62 813 162 855 dere
175 812 415 868 diligenter,
425 819 468 853 et
478 811 719 853 existimare
734 810 831 853 vere
845 811 898 852 de
912 811 1028 852 omni
1041 811 1122 852 hac
1136 809 1282 861 causa,
1296 809 1537 861 volueritis;
1559 810 1625 853 sic

62 869 381 920 dconstituetis,
406 868 592 925 judices,
623 883 704 910 nec
734 868 1041 909 descensurum
1058 881 1320 924 quemquam
1348 865 1402 907 ad
1423 866 1536 908 hanc
1555 882 1624 909 ac-

65 926 331 968 cusationem
361 925 509 976 fuisse,
541 925 623 975 cui,
655 933 797 966 utrum
817 925 962 976 vellet,
994 924 1169 973 liceret3
1202 938 1296 974 nec,
1327 922 1423 964 cum
1445 924 1624 965 descen-

64 983 214 1034 disset,
246 975 482 1039 quidq'uam
501 981 748 1023 habiturum
768 982 861 1031 spei
882 981 1030 1032 fuisse,
1057 981 1140 1021 nisi
1160 980 1343 1036 alicujus
1364 979 1623 1022 intolerabili
1641 979 1697 1020 20

61 1039 241 1081 libidine
263 1045 308 1081 et
321 1038 449 1080 nimis
469 1039 624 1080 acerbo
647 1039 746 1080 odio
767 1033 986 1079 niteretur.
1036 1037 1124 1079 Sed
1140 1052 1222 1093 ego
1241 1036 1454 1086 Atratino,
1476 1036 1625 1078 huma-

61 1096 241 1137 nissimo
263 1102 393 1151 atque
416 1095 579 1151 optimo
601 1095 883 1143 adolescenti,
914 1109 1010 1136 meo
1033 1093 1292 1145 necessario,
1323 1094 1518 1148 ignosco,
1549 1094 1625 1150 qui

63 1153 196 1194 habet
210 1151 533 1194 excusationem
546 1152 613 1193 vel
627 1152 814 1208 pietatis,
827 1152 895 1192 vel
910 1151 1196 1202 necessitatis,
1212 1150 1280 1191 vel
1297 1149 1450 1191 aetatis.
1489 1150 1536 1191 Si
1552 1165 1627 1191 vo-

63 1209 144 1250 luit
163 1223 383 1259 accusare,
404 1209 554 1263 pietati
571 1208 738 1260 tribuo;
770 1209 964 1264 sijussus
983 1215 1064 1259 est,
1085 1206 1354 1259 necessitati3
1385 1206 1421 1247 si
1439 1206 1626 1262 speravit

64 1266 244 1328 aliquid,
257 1264 462 1322 pueritiae.
503 1265 683 1306 Caeteris
696 1279 783 1307 nou
798 1264 924 1306 modo
938 1264 1043 1306 nihil
1058 1264 1386 1320 ignoscendum,
1404 1265 1482 1305 sed
1496 1263 1626 1306 etiam
1642 1261 1699 1304 25

64 1330 218 1364 acriter
239 1328 306 1364 est
326 1321 629 1363 resistendum.

405 1485 419 1502 ⁰
428 1481 635 1532 inquirat.

109 1637 160 1667 12.
183 1635 228 1666 Ab
239 1634 402 1676 q'usfilio]
454 1634 571 1665 Coelius
585 1634 752 1666 accusabat
765 1633 825 1664 ite-

62 1677 130 1708 rum
147 1678 257 1709 Polam
272 1678 461 1713 Atratinum,
485 1678 540 1719 qui
562 1678 663 1708 fuerat
681 1677 746 1718 jam
771 1677 826 1706 ab·

61 1721 200 1761 solutus:
225 1727 257 1752 et
271 1721 358 1752 1³01ae
373 1721 523 1757 Atratini,
546 1721 627 1751 filius
643 1721 826 1751 adolescens

64 1763 156 1794 Coelii
164 1764 361 1796 accusatione
374 1770 536 1805 paternum
547 1763 686 1794 dolorem
697 1763 827 1794 ulcisce-

66 1807 176 1844 batur3
192 1808 277 1847 quod
291 1818 355 1837 non
366 1813 430 1838 tam
437 1807 500 1838 veri
510 1807 657 1842 criminis,
672 1817 764 1847 quarn
776 1816 822 1836 re-

63 1849 295 1885 criminationis,
306 1850 392 1881 locus
401 1849 665 1890 viderijudicibus
677 1849 825 1880 debebat.

108 1894 160 1924 13.
185 1892 294 1933 Opibus
315 1893 507 1932 meretriciis]
558 1891 598 1922 Id
628 1897 686 1927 est,
715 1891 825 1930 opibus

64 1934 197 1972 Clodiae,
219 1946 300 1976 quae,
322 1942 450 1976 propter
466 1936 621 1966 incestum
641 1945 711 1965 cum
733 1935 826 1965 fratre

64 1977 190 2014 Clodio,
207 1979 338 2017 pessime
354 1978 462 2013 audiit,
475 1984 507 2009 et
522 1988 592 2019 quae
602 1979 683 2008 hanc
700 1987 825 2008 accusa.

65 2021 184 2050 tionem
200 2020 300 2051 Coelio
312 2021 470 2051 conflavit.

110 2067 162 2094 14.
192 2062 365 2094 Muliebrem
378 2063 552 2103 libidinem]
606 2063 685 2094 Haec
701 2062 826 2099 Clodia,

65 2115 104 2137 ex
126 2116 188 2147 quo
213 2110 350 2136 mortuus
373 2111 421 2136 est
438 2106 480 2142 Q.
495 2105 659 2143 Metellus,
682 2104 733 2134 cui
749 2115 827 2143 nup-

65 2155 159 2187 serat,
176 2148 289 2179 effudit
300 2159 334 2180 se
347 2149 377 2178 in
390 2159 512 2179 omnem
528 2147 708 2178 libidinem:
733 2145 825 2176 immi}

63 2191 132 2231 ejus
154 2201 226 2222 curu
249 2192 308 2222 hoc
332 2191 432 2223 Coelio
455 2191 650 2221 consuetudo
679 2195 827 2230 suspecta

61 2235 134 2270 fuit,
158 2244 251 2275 quem
266 2234 331 2271 illa,
352 2244 440 2265 verso
456 2243 558 2264 amore
569 2234 601 2264 in
617 2233 736 2269 odium,
761 2238 828 2262 tan-

65 2278 138 2308 dem
153 2277 322 2308 accusavit.

109 2322 162 2350 15.
175 2319 367 2361 Labor-imos]
405 2319 590 2349 Laboriosos
604 2318 744 2360 appellat
757 2328 827 2348 suos

59 2362 198 2403 judices,
221 2362 305 2404 quod
328 2363 465 2393 laborem
488 2367 612 2393 sumant
632 2364 743 2392 eodem
757 2361 826 2402 ipso

68 2412 208 2447 tempore
223 2416 288 2447 quo
301 2415 426 2441 vacare,
441 2410 474 2436 et
487 2404 567 2435 ludis
584 2405 717 2446 publicis
731 2404 826 2436 inter·

65 2458 145 2485 esse,
167 2449 320 2480 deberent
333 2458 403 2481 cum
416 2448 546 2479 caeteris.

1014 1475 1031 1498 ‘³
1039 1477 1286 1518 decernetis.

914 1634 966 1663 19.
991 1632 1061 1669 Cui,
1083 1639 1184 1663 utrum
1213 1633 1305 1671 vestet,
1336 1631 1461 1673 liceret]
1513 1631 1554 1663 Id
1585 1637 1633 1663 est

868 1675 919 1706 cui
945 1675 1050 1706 liceret
1075 1676 1122 1706 vel
1148 1686 1304 1713 accusare,
1331 1675 1381 1705 vel
1397 1685 1458 1705 non
1475 1685 1630 1706 accusare.

869 1718 996 1749 Indicat
1020 1723 1135 1754 autem,
1164 1723 1307 1750 coactum
1336 1718 1430 1748 fuisse
1454 1716 1632 1749 Atratinum

871 1762 982 1802 opibus
997 1761 1078 1792 illius
1094 1762 1264 1793 meretricis
1283 1761 1406 1792 Clodiae
1423 1760 1559 1792 Coelium
1579 1771 1633 1794 ac-

867 1815 987 1836 cusare.

911 1847 961 1878 Ib.
985 1846 1208 1886 Descendisset]
1270 1845 1340 1876 Vox
1366 1847 1445 1882 haec,
1468 1847 1633 1877 descendere

869 1891 907 1920 ad
921 1891 1083 1929 judicium,
1109 1889 1255 1921 Ciceroni
1276 1889 1434 1919 familiaris
1456 1896 1501 1920 est
1525 1894 1557 1920 et
1572 1890 1634 1920 usi-

871 1938 957 1970 tata3
989 1933 1110 1973 opinor,
1145 1932 1219 1973 quia
1248 1931 1312 1961 fere
1336 1942 1442 1962 omnes
1472 1937 1632 1973 magnates

869 1976 980 2006 Rumae
1004 1976 1036 2005 in
1059 1975 1189 2005 collibus
1212 1974 1412 2004 habitabant:
1436 1975 1486 2005 vel
1510 1981 1556 2005 est
1571 1985 1634 2006 me-

870 2019 1000 2059 taphora
1016 2024 1139 2059 sumpta
1152 2018 1191 2048 ab
1202 2017 1260 2046 illis
1273 2017 1325 2058 qui
1340 2023 1491 2058 pugnant,
1507 2017 1561 2058 qui
1576 2018 1633 2048 de-

872 2061 1020 2091 scendere
1033 2060 1126 2100 vulgo
1142 2061 1173 2091 in
1189 2065 1344 2090 certamen
1358 2061 1511 2091 dicuntur.

916 2107 970 2134 24.
992 2103 1131 2143 Pietati]
1185 2103 1301 2133 Pietati
1335 2108 1424 2141 paret
1458 2101 1632 2139 Atratinus,

869 2146 942 2187 quia
959 2151 1076 2186 patrem
1088 2146 1244 2181 defendit,
1257 2144 1389 2175 Coelium
1401 2146 1587 2176 accusando.

913 2188 961 2218 Ib.
988 2187 1183 2230 Necessitati]
1227 2187 1358 2219 Jubenti
1383 2188 1504 2229 parenti
1523 2192 1634 2228 pareat

871 2241 1000 2262 necesse
1015 2237 1064 2261 est
1075 2231 1166 2263 filius.

916 2277 969 2305 25.
987 2273 1154 2313 Puer-itia]
1194 2273 1339 2314 Praeceps
1355 2279 1403 2304 est
1418 2275 1483 2306 haec
1496 2279 1583 2310 aetas,
1599 2279 1633 2304 et

870 2316 962 2348 facile
977 2327 1033 2358 spe
1050 2317 1129 2347 vana
1144 2316 1320 2353 deluditur3
1341 2317 1454 2357 quibus
1469 2317 1516 2348 his
1537 2317 1631 2347 tribus

871 2360 916 2391 sic
938 2365 1065 2390 excusat
1079 2359 1268 2393 Atratinum,
1292 2364 1327 2389 ut
1344 2359 1459 2400 judicii
1479 2359 1628 2391 invidiam

870 2403 902 2432 in
924 2402 1000 2433 alios
1025 2408 1233 2439 accusatores,
1255 2402 1460 2440 Herennium,
1483 2402 1630 2439 Balbum,

872 2451 904 2476 et
918 2445 1074 2483 Clodiam,
1097 2445 1226 2487 rejiciat.

681 2632 1019 2662 CONFUTATIO.

125 2735 255 2775 Duas
264 2739 414 2788 partes
429 2737 619 2777 continet
630 2736 716 2775 ista
734 2733 1001 2789 szfutatio.
1041 2733 1171 2775 Prior
1185 2735 1309 2773 varia
1325 2732 1508 2772 erimina
1522 2743 1629 2772 com-

64 2793 284 2846 plectitur,
314 2805 415 2845 quae
439 2795 489 2834 in
512 2791 689 2834 Coecium
710 2792 898 2885 conjeci}
917 2794 1036 2840 secut,
1069 2805 1119 2831 ac
1148 2791 1280 2831 citata
1307 2791 1356 2829 in
1376 2793 1630 2841 argumento

816 2859 843 2886 1<
868 2848 877 2864 ί

1619 165 1704 210 213
