1790 3090
86 140 167 187 196

693 139 784 172 PRO
812 138 1001 179 ARCHIA,
1028 138 1188 174 POETA.

89 211 146 252 25
166 215 345 261 Metello
377 216 438 258 illi
472 215 716 267 Numidico,
738 222 781 258 et
813 215 893 259 Pio
915 217 1007 273 ejus
1029 216 1142 258 filio:
1174 215 1425 259 audiebatur
1455 215 1481 259 ὲ
1503 215 1568 258 Μ.
1589 217 1721 261 AEmi-

164 273 249 315 lio:
280 274 452 316 vivebat
481 288 579 314 cum
600 273 652 320 Q.
675 272 845 324 Catulo,
867 279 911 314 et
940 280 1059 330 patre
1090 280 1133 315 et
1158 273 1274 316 filio:
1308 273 1334 315 εὶ
1365 273 1411 314 L.
1434 272 1589 314 Crasso
1611 275 1722 316 cole-

164 331 313 372 batur:
346 330 546 373 Lucullos
573 328 686 381 vero,
715 337 758 371 et
789 330 993 381 Drusum,
1024 337 1067 371 et
1099 329 1320 381 Octavios,
1354 337 1397 371 et
1429 329 1651 381 Catonem,
1680 337 1724 372 et

164 393 300 428 totam
332 386 657 427 Hortensiorum
679 386 854 427 domum
884 386 1127 428 devinctam
1149 386 1458 427 consuetudine
1481 385 1578 428 cum
1608 393 1724 428 tene-

166 451 245 493 ret,
266 443 527 484 afficiebatur
561 457 726 483 summo
754 443 928 490 honore,
950 442 1063 498 quod
1095 457 1192 483 eum
1223 457 1309 483 non
1342 442 1478 484 solum
1510 443 1724 494 colebant,

93 495 149 535 30
168 500 240 554 qui
268 499 430 555 aliquid
462 500 679 555 percipere
709 506 784 539 aut
813 499 958 539 audire
988 499 1232 549 studebant,
1253 498 1395 540 verum
1424 498 1567 547 etiam,
1594 499 1628 540 si
1650 499 1724 554 qui

167 556 276 596 forte
312 557 584 596 simulabant.
649 554 861 606 blnterim,
898 554 1002 595 satis
1038 555 1168 611 longo
1200 555 1440 607 intervallo,
1475 555 1572 596 cum
1612 562 1728 597 esset

168 627 266 653 cum
293 613 339 653 L.
363 613 540 653 Lucullo
571 613 613 652 in
647 612 840 653 Siciliam
872 611 1113 666 prosectu-s3
1145 618 1202 661 et,
1225 612 1323 655 cum
1344 627 1394 652 ex
1421 611 1472 652 e'a
1504 611 1725 663 provincia

168 684 265 710 cum
306 670 456 725 eodem
496 670 674 710 Lucullo
713 668 956 718 decederet,
988 668 1105 709 venit
1154 668 1418 709 Heracleam.

1479 668 1587 716 Quae
1629 667 1726 710 cum

166 733 281 767 esset
300 725 450 767 civitas
472 726 716 782 aequissimo
731 726 827 788 jure
849 740 900 767 ac
921 725 1095 775 foedere,
1118 724 1305 766 adscribi
1337 739 1381 765 se
1402 724 1446 764 in
1467 739 1558 764 eam
1581 725 1727 766 civita-

92 776 148 816 35
166 789 251 824 tem
274 782 434 823 voluit:
466 782 610 838 idque,
632 782 727 824 cum
758 797 849 837 ipse
880 796 954 836 per
985 797 1030 822 se
1061 781 1217 837 dignus
1249 787 1481 836 putaretur,
1504 788 1595 823 tum
1627 796 1728 822 auc-

164 839 334 879 toritate
356 846 400 878 et
420 840 559 894 gratia
579 839 742 880 Luculli
763 839 816 879 ab
840 838 1199 879 Heracleensibus
1217 838 1474 893 impetravit.
1524 837 1642 885 Data
1663 843 1730 879 est

164 895 316 936 civitas
337 895 499 936 Silvani
519 896 613 951 lege
631 903 674 936 et
693 895 915 944 Carbonis,
941 900 968 919 ‘⁶
993 894 1042 936 Sa·
1063 898 1137 948 qui
1147 896 1375 950 foecleratis
1394 895 1638 936 civitatibus
1655 896 1729 936 ad-

161 953 543 1005 .s‘criptifuissent;
577 955 612 992 si
643 957 749 1001 tum,
772 954 864 992 etim
893 953 1211 1006 leoefereMtzcr,
1234 954 1282 991 in
1312 953 1444 992 Italia
1467 953 1728 992 domicilium

163 1009 435 1055 Izabuissent3
458 1013 498 1049 et
512 1011 549 1049 .ςὶ
565 1011 792 1060 seoeaginta
808 1009 955 1048 diebus
971 1010 1092 1060 apud
1102 1013 1332 1060 prcetorem
1347 1013 1486 1048 essent
1501 1008 1728 1062 professi.''

88 1058 146 1098 40
166 1063 275 1104 Cum
297 1063 369 1103 hic
390 1064 654 1105 domicilium
675 1064 825 1105 Romae
846 1064 1004 1104 multos
1019 1063 1112 1118 jam
1133 1077 1267 1103 annos
1298 1063 1489 1112 haberet,
1511 1063 1727 1119 professus

165 1126 231 1161 est
252 1120 365 1176 apud
387 1128 613 1176 praetorem
631 1120 685 1168 Q.
704 1120 946 1170 Metellum,
964 1119 1341 1160 familiarissimum
1363 1133 1502 1162 suum.

859 1290 1022 1343 bposteci
1029 1320 1038 1330 .

212 1531 266 1560 Ξῖ).
304 1529 421 1560 Metello
459 1529 645 1570 Numidica]
702 1529 744 1565 Q.
777 1528 922 1560 Caecilius

168 1572 319 1603 Metellus
344 1572 531 1602 Numidicus
557 1572 733 1613 appellatus
755 1576 813 1606 est,
837 1571 923 1612 qudd

168 1616 275 1646 consul
292 1616 412 1645 duobus
429 1615 544 1655 proeliis
556 1615 740 1656 Jugurtham
751 1615 878 1650 fuderit,
892 1620 924 1645 et

169 1664 265 1689 totam
282 1658 464 1688 Numidiam
481 1659 656 1689 vastaverit.
708 1657 782 1694 Hie,
799 1658 923 1689 Plutar-

169 1703 227 1731 cho
244 1702 411 1736 referente,
429 1701 627 1731 Lucullorum
642 1701 812 1732 avunculus
824 1702 893 1732 fnit.

212 1744 262 1774 Ib.
288 1744 342 1774 Pio
356 1744 452 1785 filim]
508 1744 549 1780 Q.
574 1743 736 1780 Metellus,
762 1744 924 1774 Numidici

168 1786 262 1825 filius,
284 1787 359 1816 Pius
384 1787 484 1817 dictus
508 1792 565 1823 est,
585 1787 669 1828 quud
695 1788 836 1827 precibus
862 1787 924 1818 suis

169 1831 264 1871 patris
281 1829 410 1860 reditum
428 1831 466 1859 ab
484 1831 590 1860 exsilio
608 1831 787 1860 obtinuerit.

212 1872 261 1903 Ib.
285 1872 331 1902 M.
345 1872 490 1913 AEmili‘o.]
526 1873 672 1903 AEmilius
689 1874 821 1903 Scaurus
837 1872 922 1912 prin-

168 1925 243 1955 ceps
260 1914 384 1945 senatus
399 1916 468 1949 fnit,
484 1920 516 1945 et
541 1927 659 1956 niagnae
677 1916 722 1945 vir
747 1916 829 1957 apud
854 1915 921 1945 Ro-

168 1969 275 1988 manos
292 1959 492 1988 auctoritatis.

211 2003 262 2031 26.
288 2001 323 2034 Q.
340 2001 473 2043 Catulo]
500 2001 612 2031 Orator
624 2000 682 2030 fuit
698 2005 729 2030 et
743 2000 859 2030 Consul
877 2001 920 2036 Q.

169 2043 321 2118 caItiiiuL.
339 2086 466 2126 Cressa]
518 2085 628 2115 Lucius
645 2084 774 2115 Crassus
791 2095 920 2126 magnus

167 2130 347 2164 oratorsuit,
359 2139 451 2169 quem
470 2130 500 2159 in
517 2128 569 2159 lib.
583 2129 623 2158 de
637 2127 725 2159 Orat.
741 2127 919 2169 loquentem

167 2172 288 2203 inducit
301 2172 422 2203 Cicero.

211 2217 262 2245 2³7.
288 2215 447 2255 Drusum]
504 2214 553 2243 M.
582 2212 711 2243 Catonis
741 2212 765 2242 is
798 2213 917 2244 Drusus

167 2258 335 2289 avunculus
347 2258 417 2296 fuit,
430 2268 522 2298 quem
533 2257 686 2286 tribunum
704 2255 816 2295 plebis,
830 2257 917 2286 initio

167 2301 241 2331 belli
264 2300 396 2337 socialis,
413 2300 497 2330 dorni
518 2299 715 2329 interfectum
731 2298 824 2329 fuisse
844 2299 918 2330 Vel-

165 2343 245 2374 leius
260 2343 372 2374 scribit.

211 2385 258 2417 ΙΙ).
273 2385 430 2425 Octavius]
452 2384 526 2414 Tres
535 2383 620 2413 suere
634 2383 775 2413 Octavii:
794 2383 919 2420 Cnaeus‚

165 2429 298 2468 quicum
311 2429 409 2458 Cinna
421 2427 527 2458 consul
538 2427 607 2462 fuit,
621 2426 837 2465 eteu1n,leges
851 2437 918 2466 per·

164 2472 295 2502 niciosas
321 2471 508 2503 molientem,
525 2481 562 2500 ex
579 2468 663 2499 Urbe
681 2469 815 2508 expulit3
842 2469 919 2499 alter

166 2515 289 2550 Cnaens,
299 2525 360 2544 non
374 2515 485 2544 eodem
500 2519 586 2553 patre
596 2517 696 2546 natus,
709 2511 761 2552 qui
775 2511 917 2542 Curionis

164 2556 195 2587 in
212 2557 373 2587 consulatu
388 2556 509 2595 collega
530 2556 608 2591 fuit;
630 2554 743 2584 Lucius
757 2554 843 2585 Cnaei
857 2555 916 2583 fra·

165 2605 224 2637 ter,
239 2601 290 2641 qni
307 2610 375 2630 cum
394 2598 485 2630 Confi
502 2598 607 2627 consul
621 2597 688 2628 fuit.

209 2643 257 2674 Ib.
283 2641 442 2680 Catonem]
480 2641 539 2671 Hic
555 2640 634 2670 Cato
652 2646 739 2680 pater
756 2639 912 2670 Uticensis

163 2686 231 2720 fnit,
249 2687 302 2727 qui
317 2690 415 2715 semet
429 2685 529 2725 ipsum
543 2682 709 2714 interfecit.

205 2731 257 2759 39.
281 2729 317 2758 In
340 2728 467 2758 Siciliam
486 2726 659 2766 prty'ectus]
703 2726 739 2755 L.
766 2725 911 2756 Lucullus

153 2777 286 2812 quaestor
309 2771 340 2801 iu
362 2770 470 2801 Asiam
496 2770 651 2810 profectus
672 2774 730 2805 est,
746 2775 778 2799 et
799 2773 910 2809 praetor

967 1528 1117 1565 Siciliam,
1133 1539 1169 1560 ac
1184 1528 1293 1558 consul
1309 1526 1430 1564 Asiam,
1455 1527 1599 1560 obtinuit.
1643 1528 1723 1569 Eum

966 1570 1109 1607 Archias,
1124 1571 1155 1602 in
1171 1582 1223 1602 eas
1240 1570 1415 1612 provincias
1430 1576 1553 1601 secutus
1565 1576 1623 1603 est.

1010 1616 1064 1646 33.
1090 1615 1290 1655 Heracleam]
1327 1614 1481 1644 Heraclea
1497 1614 1606 1645 civitas
1622 1613 1724 1654 Italiae

966 1657 998 1686 in
1035 1658 1184 1688 Lucaniae
1211 1657 1321 1688 finibus
1351 1656 1420 1693 fuit,
1450 1657 1504 1687 ubi
1541 1657 1724 1694 Tarentum,

969 1699 1138 1742 Rhegium,
1154 1701 1284 1741 aliaeque
1307 1700 1463 1735 civitates,
1481 1701 1519 1730 de
1537 1700 1650 1740 quibus
1672 1711 1723 1731 su-

967 1741 1033 1783 pra.
1080 1744 1231 1774 Strabone
1256 1748 1346 1778 teste,
1372 1742 1505 1783 primum
1534 1743 1640 1784 Troja,
1663 1743 1720 1774 sed

967 1785 1088 1826 postea,
1104 1786 1239 1818 inductis
1253 1785 1487 1816 Tarentinorum
1503 1786 1643 1822 coloniis,
1655 1786 1722 1818 He-

967 1830 1068 1859 raclea
1083 1830 1167 1860 dicta
1183 1835 1239 1859 est.
1262 1828 1343 1860 Cum
1356 1836 1460 1859 autem
1475 1829 1662 1869 haberetjus
1677 1829 1721 1859 ci.

964 1872 1069 1902 vitalis
1093 1872 1245 1901 Romanae
1266 1873 1331 1902 haec
1352 1872 1422 1903 urbs
1443 1871 1612 1910 Heraclea,
1625 1878 1720 1911 atque

964 1914 1044 1944 inter
1069 1914 1135 1955 ejus
1159 1916 1243 1945 cives
1268 1915 1442 1954 adscriptus
1467 1920 1551 1944 esset
1575 1914 1720 1951 Archias,

965 1958 1046 1988 certe
1060 1957 1129 1997 jure
1141 1957 1273 1987 civitatis
1284 1957 1436 1987 Romana.
1446 1957 1624 1994 fruebatur;
1646 1968 1718 1988 nam

965 2000 1123 2030 soederatae
1139 2000 1284 2029 civitates
1300 2000 1411 2036 eodem
1427 2010 1489 2040 quo
1505 1999 1643 2031 Romani
1657 2000 1720 2042 pri-

965 2043 1079 2083 vilegio
1099 2043 1274 2074 utebantur.

1007 2087 1061 2116 34.
1086 2085 1258 2126 AEqicissimo
1273 2086 1348 2124 jure
1372 2095 1407 2114 ac
1419 2084 1560 2126 foedere]
1605 2086 1719 2126 Fcedus

964 2127 1047 2158 istud
1075 2139 1144 2163 cum
1169 2127 1323 2158 Heraclea
1349 2129 1503 2157 sancitum
1531 2133 1578 2158 est
1603 2128 1717 2170 Ryrrhi

965 2172 1166 2212 temporibus,
1183 2171 1324 2202 Fabricio
1347 2170 1486 2207 consule,
1508 2180 1590 2201 anno
1614 2171 1655 2211 U.
1679 2172 1716 2203 C.

963 2215 1037 2244 475.

1004 2259 1057 2287 37.
1080 2256 1194 2286 Silvani.
1208 2257 1278 2298 Iege,
1293 2263 1320 2287 et
1334 2256 1501 2296 Carbonia]
1545 2256 1605 2287 Cn.
1619 2256 1714 2288 Poru-

961 2300 1034 2339 peio
1051 2299 1203 2330 Strabone
1227 2305 1260 2329 et
1282 2299 1317 2329 L.
1337 2298 1447 2329 Porcio
1465 2299 1608 2330 Carbone
1625 2300 1715 2331 Coss.

962 2342 1010 2372 M.
1023 2342 1165 2373 Plautius
1178 2342 1320 2372 Silvanus
1330 2347 1362 2372 et
1373 2342 1431 2372 Cn.
1444 2341 1588 2383 Papirius
1600 2338 1714 2379 Carbo,

963 2384 1076 2415 tribuni
1095 2385 1205 2425 plebis,
1216 2386 1316 2426 legem
1328 2383 1423 2415 tulere
1436 2385 1476 2415 de
1487 2385 1668 2426 peregrinis,
1681 2391 1715 2422 ut

963 2426 1012 2457 liic
1030 2429 1183 2467 subjacet,
1196 2429 1220 2457 si
1232 2428 1451 2469 quijiaedercrtiS‚
1466 2433 1526 2458 etc.

1005 2472 1057 2500 39.
1081 2471 1235 2510 Sexaginta
1252 2471 1380 2511 diebus]
1421 2470 1492 2501 Tria
1515 2470 1594 2511 legis
1609 2470 1714 2511 capita

962 2512 1101 2542 fuerunt:
1123 2514 1146 2543 si
1160 2513 1227 2553 quis
1238 2513 1395 2543 foedcratae
1407 2513 1523 2542 civitati
1541 2513 1714 2556 adscriptus⁸

961 2561 1063 2592 esset3
1089 2556 1114 2585 si
1138 2557 1169 2585 in
1193 2555 1285 2586 Italia
1308 2555 1497 2586 domicilium
1514 2556 1662 2590 haberem
1687 2557 1712 2586 si

959 2600 1119 2638 sexaginta
1145 2599 1254 2628 diebus
1279 2609 1405 2628 censum
1433 2599 1517 2638 apud
1548 2605 1710 2639 praetorem

958 2641 1111 2681 professus
1124 2647 1205 2671 esset
1219 2652 1226 2678 3
1249 2641 1280 2681 id
1300 2647 1358 2678 est,
1372 2641 1450 2672 intra
1462 2641 1544 2671 diem
1555 2641 1711 2683 sexagesi-

957 2694 1037 2714 mum
1063 2690 1134 2724 post
1155 2684 1249 2714 latam
1270 2684 1371 2724 legem
1395 2685 1551 2725 professus
1571 2690 1653 2725 esset
1676 2695 1711 2716 se

955 2726 1053 2758 civem
1069 2727 1245 2758 Romanum
1263 2737 1341 2758 esse.
