1790 3090
106 178 160 221 32
763 176 815 209 IN
848 173 1106 209 CATILINAM
1137 172 1167 207 L

178 270 273 297 sese
313 255 518 298 effrenata
560 253 748 311 jactabit
786 254 998 296 audacia?
1029 254 1212 296 nihil-ne
1251 259 1292 296 te
1330 259 1586 299 nocturnum
1624 271 1732 314 prae-

177 313 333 355 sidium
367 312 536 363 Palatii,
558 311 666 352 nihil
687 311 803 352 urbis
825 311 998 367 vigiliae,
1019 311 1128 352 nihil
1157 311 1285 353 timor
1313 312 1478 369 populi,
1500 313 1607 355 nihil
1628 329 1732 356 con-

131 369 158 409 5
178 384 328 411 sensus
359 370 567 411 bonorum
589 367 793 419 omnium,
814 368 921 408 nihil
951 368 1024 410 hic
1054 368 1368 410 munitissimus
1399 369 1587 410 habendi
1608 385 1729 413 sena-

176 427 244 467 tfis
264 427 400 477 locus,
421 425 528 465 nibil
549 425 701 466 horum
723 439 795 466 ora
811 425 1038 480 vultusque
1055 425 1307 466 moverunt?
1369 426 1522 467 Patere
1538 434 1613 468 tua
1627 441 1731 468 con-

176 483 271 523 silia
301 497 386 523 non
418 481 580 522 sentis?
612 481 892 522 constrictam
916 482 1007 537 jam
1039 481 1229 521 omniurn
1260 482 1411 523 horum
1435 482 1729 524 cconscientia

176 539 309 580 teneri
329 538 666 593 conjurationem
686 545 805 577 tuam
834 551 921 577 non
941 537 1093 577 vides?
1156 537 1271 584 Quid
1300 539 1511 593 proxima,
1534 540 1637 596 quid
1659 555 1731 581 su-

174 596 337 651 periore
368 601 493 635 nocte
519 595 671 650 egeris,
692 593 766 634 ubi
787 593 931 643 fueris,
953 606 1061 648 quos
1094 595 1412 646 convocaveris,
1434 596 1538 652 quid
1560 596 1728 638 consilii

103 651 154 692 10
175 653 354 709 ceperis,
393 666 519 706 quem
568 650 759 692 nostrum
806 650 999 706 ignorare
1049 650 1290 690 arbitraris?
1365 651 1403 691 O
1450 653 1663 708 tempora!
1702 668 1727 695 o

173 709 338 750 mores!
400 710 582 749 Senatus
610 708 704 748 haec
733 706 961 762 intelligit3
994 707 1147 746 consul
1168 706 1310 747 videt:
1341 707 1414 749 hic
1433 713 1576 750 tamen
1595 709 1724 750 vivit!

174 765 322 806 Vivit?
356 763 483 806 immo
511 764 608 805 vero
641 764 768 805 etiam
804 763 849 803 in
881 769 1077 804 senatum
1103 762 1246 804 venit:
1279 764 1329 804 fit
1359 764 1522 819 publici
1554 767 1725 807 consilii

172 822 416 878 particeps:
448 827 571 862 notat
606 827 649 861 et
681 821 880 875 designat
912 819 1048 860 oculis
1088 820 1142 860 ad
1183 820 1345 861 caedem
1380 835 1727 877 unumquemque

171 879 379 921 nostrum.
440 878 531 919 Nos
561 885 703 918 autern
733 877 827 932 (viri
859 876 1033 927 fortes!)
1062 876 1308 917 satisfacere
1341 876 1584 933 reipublicae
1604 879 1724 920 vide-

103 936 280 986 l5inur,
315 936 351 976 si
382 934 505 976 istius
539 935 695 975 ferrum
732 949 782 975 ac
816 934 900 974 tela
930 933 1137 973 vitemus!
1199 933 1269 974 Ad
1302 941 1483 975 mortem
1521 940 1578 986 te,
1610 935 1728 976 Cati..

171 991 274 1042 lina,
291 992 527 1047 ducijussu
545 991 735 1032 consulis
751 990 1010 1046 jampridem
1033 990 1259 1045 oportebat
1276 1007 1286 1041 3
1318 990 1361 1031 in
1378 997 1420 1032 te
1434 991 1615 1032 conferri
1632 1007 1727 1048 pes-

172 1054 259 1092 tem
280 1047 421 1100 istam,
443 1062 572 1104 quam
591 1053 637 1088 tu
669 1048 712 1088 in
731 1061 809 1088 nos
833 1061 980 1088 omnes
1006 1046 1171 1103 jamdiu
1203 1046 1478 1093 machinaris.
1524 1048 1608 1098 din
1630 1047 1726 1090 verb

841 1268 1052 1308 cseientist.

210 1495 243 1525 3.
268 1492 450 1535 Effienata]
501 1491 675 1523 Translatio
690 1491 729 1522 ab
745 1491 846 1532 equis,
861 1490 926 1532 qui,
970 1490 1074 1521 hensis
1089 1494 1120 1520 et
1135 1490 1168 1520 in
1185 1489 1308 1522 vincula
1323 1490 1486 1532 conjectis.

167 1534 236 1566 curn
252 1537 318 1567 sine
333 1537 419 1567 sreno
434 1541 516 1570 sunt,
530 1536 656 1566 retineri
670 1545 732 1564 non
749 1541 889 1574 possunt.
1014 1537 1044 1565 8.
1072 1534 1290 1572 Quidprmima
1302 1535 1408 1575 nocta]
1432 1534 1470 1564 In
1485 1534 1579 1564 domo
1589 1533 1636 1563 Μ.
1651 1533 1727 1564 Por·

210 1582 241 1610 4.
268 1579 410 1620 Palatii]
458 1579 612 1609 Palatium
628 1578 647 1607 a
662 1577 806 1607 Palatino
819 1582 924 1607 monte
970 1576 1010 1605 cii
1040 1577 1139 1606 Laecae
1167 1577 1268 1606 fuerat
1296 1577 1444 1617 Catilina,
1472 1587 1542 1608 cum
1569 1576 1637 1607 aliis
1660 1588 1724 1608 suae

167 1622 285 1652 dictum
301 1627 358 1657 est,
374 1622 428 1652 ubi
443 1622 589 1652 Evander
605 1625 637 1651 et
661 1620 811 1650 Romulus
834 1620 924 1649 habi-

168 1664 281 1695 tarunt.
311 1664 467 1694 Palatium
484 1669 587 1694 autem
600 1668 666 1693 crat
681 1663 768 1703 quasi
785 1673 836 1692 arx
850 1663 923 1693 civi-

166 1707 251 1743 tatis,
266 1707 298 1737 in
315 1707 388 1748 qua,
404 1707 473 1738 cum
493 1707 564 1748 quis
588 1706 734 1736 tumultus
757 1705 923 1742 oriebatur,

166 1752 271 1780 statim
297 1751 474 1791 praesidium
501 1749 720 1784 collocabatur,
743 1748 815 1789 quia
845 1749 919 1779 inde

165 1792 258 1823 facile
273 1798 340 1823 erat
354 1794 409 1823 toti
425 1792 491 1822 urbi
507 1792 670 1823 dominari.

208 1835 258 1866 lb.
287 1835 516 1877 Urbisvigz'liae.]
556 1835 718 1865 Sallustius
741 1834 845 1870 refert,
866 1845 921 1865 au-

167 1878 233 1908 dita
262 1878 487 1918 conjuratione,
510 1878 682 1908 decrevisse
713 1882 864 1914 senatum,
888 1883 922 1908 ut

166 1921 231 1951 lotii
248 1922 371 1952 civitate
386 1922 498 1961 vigilia:
522 1922 717 1956 haberentur,
733 1921 845 1961 quibus
865 1921 921 1950 mi·

165 1975 255 1994 nores
271 1966 463 2004 magistratus
481 1969 657 2004 praeesscnt.

210 2007 258 2038 Ib.
284 2007 371 2037 Nihil
388 2008 562 2048 consensus]
609 2006 649 2036 ln
677 2005 777 2036 inultis
803 2006 921 2036 codici-

166 2049 222 2079 bus
239 2050 519 2091 legiturconventus.
571 2050 651 2085 Sed,
664 2050 767 2090 quoad
786 2059 919 2086 sensum,

165 2093 277 2122 eodeni
315 2093 425 2123 recidit
460 2098 621 2132 utrumque
652 2092 790 2122 verbum.
835 2092 918 2121 Nam

164 2146 271 2166 omnes
285 2136 402 2165 boniet
417 2135 615 2165 consentiunt
630 2140 661 2164 et
676 2134 862 2164 conveniunt
878 2136 917 2164 ad

163 2177 324 2218 Rempub.
350 2184 455 2208 contra
478 2177 622 2209 Catilinae
645 2178 778 2207 furorem
807 2178 917 2207 defen-

163 2221 310 2252 dendarn.

208 2266 237 2293 Γ).
263 2264 503 2304 M11nieissimus.]
550 2262 778 2293 munitissimus
802 2272 916 2302 nempe

164 2308 203 2337 ad
228 2308 404 2338 habendum
424 2312 563 2337 senatum
580 2317 587 2341 ς
611 2306 686 2346 quia
699 2306 729 2336 in
748 2306 917 2346 Capitolio,

162 2350 193 2379 in
215 2351 282 2381 {ede
305 2350 390 2382 Jovis
414 2350 554 2385 Statoris,
569 2359 632 2379 non
655 2349 687 2378 in
709 2349 805 2388 curiit,
822 2349 917 2379 habe-

162 2393 260 2425 batur.

207 2438 236 2466 6.
255 2436 367 2466 Horum
377 2447 426 2466 ora
435 2436 585 2474 vultusque
593 2440 737 2464 moverunt
747 2435 774 2475 2]
806 2435 916 2465 Vereri
952 2462 958 2472 ,

163 2478 314 2509 debuerat
328 2484 497 2516 senatores,
513 2488 614 2518 neque
628 2488 660 2507 se
675 2483 735 2507 tam
753 2477 867 2508 temere
883 2478 913 2507 in

162 2531 266 2551 eorum
276 2527 475 2562 conspectum
484 2522 556 2551 dare
571 2519 914 2560 3tantaeni1nindigna-

161 2564 245 2594 tione
260 2565 406 2594 commoti
421 2569 492 2594 sunt
506 2565 537 2594 in
551 2563 728 2598 Catilinam,
742 2569 775 2593 ut
785 2564 911 2593 venien-

161 2613 224 2637 tem
249 2608 282 2637 in
308 2612 447 2637 senatum
477 2618 567 2637 nemu
597 2606 774 2636 salutaverit
787 2617 796 2644 3
818 2606 910 2636 imino

162 2650 266 2680 onmia
281 2649 426 2680 subsellia
441 2660 547 2679 omnes
565 2649 766 2686 deseruerint,
778 2659 818 2679 ne
834 2649 915 2679 hosti

161 2694 269 2734 patria:
284 2692 463 2724 assiderent.

203 2738 234 2765 7.
260 2735 474 2776 Consti-ictam]
502 2735 541 2766 Id
557 2741 614 2771 est,
628 2740 710 2766 tuam
723 2735 762 2766 ab
772 2735 912 2766 omnibus

158 2779 402 2819 conjurationem
430 2779 474 2809 ita
504 2779 660 2819 cognosci,
691 2785 725 2808 ut
755 2779 913 2809 neminem

158 2832 278 2863 prorsus
295 2822 402 2863 fugiat.
448 2822 637 2863 Metaphura
648 2821 664 2853 ὲ
678 2821 788 2853 belluis
802 2823 913 2864 depre-

966 1618 1188 1658 conjurationis
1203 1619 1391 1651 hominibus.

1009 1661 1058 1693 lb.
1089 1662 1238 1701 Superiore
1274 1663 1379 1704 nocta]

966 1705 1176 1745 praecedebat.

1007 1749 1036 1777 9.
1063 1747 1292 1788 convocaveris]
1333 1747 1402 1778 Suae
1419 1747 1580 1779 seditionis
1595 1747 1723 1789 partici-

963 1801 1019 1831 pes
1044 1796 1076 1821 et
1099 1791 1198 1822 socios
1224 1791 1443 1828 advocaverat,
1459 1797 1494 1822 ut
1516 1792 1556 1821 de
1576 1790 1723 1822 interfici-

964 1834 1046 1863 endo
1062 1834 1187 1865 consule
1204 1833 1370 1874 Cicerone,
1387 1839 1419 1865 et.
1442 1834 1523 1865 bello
1544 1834 1652 1875 patriae
1675 1835 1723 1865 in-

965 1877 1107 1912 ferendo,
1123 1876 1339 1908 deliberarent.

1008 1922 1061 1949 10.
1079 1920 1104 1949 O
1119 1925 1242 1959 tempora
1251 1920 1280 1959 J]
1308 1920 1403 1950 Teste
1415 1918 1586 1956 prisciano,
1597 1919 1651 1950 lib.
1666 1921 1721 1952 16.

966 1960 992 1989 Ο
1003 1962 1155 2002 particula
1169 1963 1213 1992 ibi
1228 1963 1417 2002 indignantis
1433 1967 1491 1993 est.

1007 2007 1060 2035 12.
1084 2005 1190 2045 Vinia]
1238 2005 1327 2036 Vivit
1351 2005 1498 2042 Catilina,
1524 2003 1597 2035 cnm
1617 2006 1657 2035 ab
1679 2016 1718 2037 eo

956 2045 1023 2086 jam
1045 2053 1185 2088 repetere
1208 2058 1315 2088 poenas
1337 2048 1480 2088 Respub.
1498 2048 1668 2084 debuisset,
1685 2054 1720 2079 ut

963 2091 1016 2130 qui
1033 2090 1128 2121 hostis
1146 2091 1252 2131 patria*
1261 2090 1422 2130 judicatus
1437 2091 1486 2121 sit.

1005 2132 1053 2163 Ib.
1078 2133 1128 2163 Fit
1147 2134 1256 2173 publici
1267 2134 1378 2163 consilii
1397 2132 1563 2173 particeps]
1611 2132 1721 2175 Auget

959 2174 1206 2216 indignationem
1223 2176 1345 2212 Cicero,
1360 2175 1444 2217 quod
1462 2186 1524 2207 non
1539 2177 1661 2206 venerit
1683 2178 1718 2207 in

960 2224 1100 2249 senatum
1118 2219 1267 2256 Catilina,
1277 2225 1310 2249 ut
1322 2225 1443 2260 rogaret
1454 2225 1487 2250 et
1498 2219 1615 2260 aliquid
1631 2225 1718 2260 pete-

959 2266 1018 2299 ret,
1039 2268 1074 2292 nt
1097 2263 1204 2299 multi3
1230 2262 1286 2292 scd
1309 2267 1342 2292 ut
1362 2263 1431 2302 ipse
1455 2262 1612 2303 particeps
1634 2268 1716 2293 essct

962 2305 1171 2341 consiliorum,
1186 2315 1255 2346 quae
1271 2304 1289 2334 ῑὶ
1302 2311 1410 2335 senatu
1424 2311 1619 2346 caperentur.

1007 2351 1057 2379 14.
1083 2347 1142 2378 Nos
1152 2347 1454 2388 autem,virif0rtes.]
1493 2347 1617 2384 Ironia;
1641 2358 1713 2379 nani

953 2389 1019 2430 jam
1037 2391 1055 2421 ἰι
1070 2391 1157 2421 nobis
1173 2391 1304 2420 interfici
1321 2391 1455 2421 Catilina
1470 2390 1628 2421 debuerat.

1004 2435 1055 2464 15.
1079 2433 1174 2472 Tetus]
1223 2434 1325 2464 Omne
1352 2444 1448 2474 genus
1485 2444 1635 2463 armorum
1666 2433 1713 2463 in-

960 2475 1083 2518 telligit,
1100 2477 1211 2517 quibus
1225 2476 1434 2507 meditabatur
1448 2476 1605 2506 civitatem
1628 2487 1714 2507 ever-

959 2523 1032 2549 tere.

998 2561 1048 2593 lb.
1072 2561 1122 2592 Ad
1137 2561 1283 2602 mortem]
1319 2560 1507 2601 Propositio,
1521 2561 1583 2602 qua
1599 2572 1713 2603 propo-

954 2604 1000 2634 nit
1023 2605 1270 2635 interficiendum
1293 2604 1553 2641 essc‘Catilinam,
1569 2605 1713 2646 exemplo

958 2647 1098 2678 aliorum.

1000 2693 1053 2721 17.
1077 2690 1286 2732 machinaris]
1331 2690 1521 2731 Metapbora
1550 2691 1589 2724 ab
1613 2691 1712 2723 archi-

958 2734 1046 2765 tectis
1062 2734 1238 2774 desumpta.

1000 2778 1050 2810 lb.
1074 2777 1122 2807 An
1133 2777 1221 2818 vorin]
1267 2775 1491 2817 Argumentum
1507 2777 1526 2810 ὲ
1541 2777 1655 2810 minore
1669 2778 1710 2809 ad

958 2820 1054 2863 majus
1069 2830 1125 2862 per
1139 2819 1414 2862 comparationem.

1443 1663 1522 1700 Quae
1553 1662 1722 1704 proximam
