1790 3090
98 133 182 175 288
812 125 864 158 IN
895 125 1114 160 PISONEM.

170 208 384 265 Rempub.
406 219 584 254 servare,
616 203 651 245 si
674 204 926 246 cessissem:
958 203 1171 245 infinitam
1193 203 1355 246 caedem
1371 203 1477 257 fore,
1509 206 1545 247 si
1569 207 1748 249 restitis-

171 281 285 308 sem:
327 264 497 314 deinde,
530 262 585 302 ad
618 268 869 312 extremum,
912 275 1054 316 neque
1089 265 1146 313 te,
1181 275 1320 316 neque
1357 277 1572 318 generum,
1608 278 1748 321 neque

98 319 151 360 75
171 324 382 379 collegam
404 328 539 370 tuum,
562 318 734 359 tribuno
754 318 894 374 plebis
916 318 1174 359 defuturum.
1236 317 1321 360 Hic
1339 326 1401 371 tu,
1422 319 1560 361 hostis
1581 335 1633 362 ac
1652 335 1747 377 pro-

169 380 295 430 ditor,
327 377 422 418 aliis
444 390 511 417 me
532 374 828 426 inimiciorem,
851 374 980 431 quam
1003 374 1095 425 tibi,
1117 374 1272 416 debere
1295 390 1388 418 esse
1410 376 1546 418 dicis?

228 434 357 477 XIII.
389 433 484 489 Ego
508 432 559 473 C.
580 432 792 474 Caesarem
813 446 899 472 non
922 431 1073 473 eadem
1093 431 1147 472 de
1168 432 1391 488 republica
1415 432 1618 482 sensisse,
1648 448 1745 489 quae

168 508 252 545 me,
275 491 384 533 scio:
418 490 493 532 sed
515 496 672 540 tamen,
693 488 810 544 quod
825 489 918 544 jam
939 489 991 529 de
1013 502 1079 540 eo,
1100 487 1169 529 his
1189 488 1478 542 audientibus,
1504 490 1620 546 saepe
1638 489 1743 539 dixi,

167 565 236 590 me
257 549 328 590 ille
350 547 414 588 sui
435 546 568 588 totius
590 544 854 596 consulatus,
874 559 1104 600 eorumque
1123 545 1334 586 honorum
1352 561 1460 603 quos
1484 562 1580 588 cum
1600 547 1742 603 proxi-

167 606 249 648 mis
285 603 633 654 communicavit,
662 601 827 644 socium
855 616 949 644 esse
981 601 1140 653 voluit3
1173 602 1342 655 detulit,
1374 603 1586 656 invitavit,
1617 618 1742 660 roga-

123 662 149 701 5
168 664 243 704 vit.
303 663 403 703 Non
425 676 518 702 sum
540 675 636 716 ego,
665 666 836 716 propter
857 658 1033 699 nimiam
1052 658 1234 700 fortasse
1258 661 1511 702 constantiae
1533 660 1744 716 cupidita-

169 728 269 770 tem,
291 719 504 760 adductus
521 718 575 758 ad
590 731 781 758 causam:
810 730 896 756 non
914 716 1188 771 postulabam
1204 722 1253 757 ut
1269 715 1307 757 ei
1325 716 1570 758 carissimus
1588 731 1745 767 essem,

167 778 288 833 cujus
306 790 386 832 ego
403 790 456 815 ne
474 773 694 815 beneficiis
712 773 887 829 quidem
904 773 1161 814 sententiam
1177 788 1316 814 meam
1333 773 1621 816 tradidissem.
1658 773 1747 814 Ad-

168 834 300 875 ducta
320 847 385 873 res
407 831 450 872 in
472 837 704 882 certamen,
735 837 778 871 te
809 829 999 880 consule,
1032 830 1278 886 putabatur,
1305 830 1461 883 utrum,
1493 846 1587 887 quae
1616 844 1743 886 supe-

166 891 275 931 riore
289 903 400 929 anno
417 888 489 928 ille
505 887 726 943 gessisset,
746 893 982 938 manerent,
1003 901 1057 927 an
1071 887 1425 928 rescinderentur.
1464 887 1581 936 Quid
1594 887 1747 943 loquar

99 944 150 985 10
167 946 312 1003 plura?
345 945 381 986 si
412 950 580 984 tantum
608 944 680 983 ille
708 943 753 982 in
785 957 852 983 me
878 957 972 983 esse
1005 957 1089 983 uno
1122 944 1285 984 roboris
1311 951 1355 984 et
1373 944 1542 986 virtutis
1563 943 1744 1000 putavit,

168 1010 216 1044 ut
242 1017 306 1053 ea,
339 1016 436 1057 quae
462 1000 556 1056 ipse
586 1005 791 1055 gesserat,
822 998 1113 1047 conciderent,
1143 999 1178 1039 si
1199 1013 1279 1054 ego
1300 1000 1576 1051 restitissem3
1609 1015 1685 1042 cur
1705 999 1744 1040 ei

167 1074 254 1101 non
275 1060 511 1115 ignoscam,
544 1056 580 1097 si
601 1055 850 1112 anteposuit
870 1069 990 1096 suam
1011 1055 1193 1096 salutem
1216 1057 1352 1096 meae‘?
1414 1056 1502 1098 Sed
1531 1056 1746 1111 praeterita

168 1116 319 1157 omitto
336 1132 345 1157 :
377 1129 444 1156 me
461 1121 510 1155 ut
531 1113 610 1155 Cn.
627 1112 862 1168 Pompeius
880 1111 1078 1153 omnibus
1096 1112 1185 1153 suis
1200 1112 1370 1164 studiis,
1390 1112 1626 1161 laboribus,
1644 1113 1745 1154 vitae

165 1173 385 1229 periculis,
424 1171 675 1227 complexus
709 1176 790 1221 est,
827 1168 924 1210 cum
954 1168 1192 1226 municipia
1217 1183 1294 1225 pro
1318 1184 1387 1211 me
1417 1169 1569 1221 adiret,
1606 1169 1743 1211 Italiae

95 1229 148 1270 15
168 1231 297 1271 fidem
322 1229 582 1285 imploraret,
615 1226 666 1268 P.
701 1226 883 1267 Lentulo
909 1226 1091 1278 consuli,
1131 1225 1296 1268 auctori
1331 1226 1482 1267 salutis
1513 1241 1634 1276 meae,
1662 1226 1742 1267 fre-

166 1302 303 1343 quens
321 1286 545 1336 assideret,
567 1284 735 1325 senatui
757 1283 1014 1324 sententiam
1035 1289 1268 1339 praestaret,
1289 1283 1334 1323 in
1354 1283 1638 1325 concionibus
1658 1297 1743 1324 non

166 1343 296 1385 modo
314 1358 358 1385 se
378 1342 647 1384 defensorem
663 1340 811 1381 salutis
824 1355 945 1391 meae,
966 1340 1042 1381 sed
1059 1340 1189 1381 etiam
1201 1339 1442 1396 supplicem
1457 1354 1533 1396 pro
1550 1355 1632 1391 me,
1649 1355 1743 1395 pro-

166 1403 380 1443 fiteretur:
415 1400 544 1455 hujus
566 1397 801 1439 voluntatis
821 1412 932 1447 eum,
965 1412 1092 1453 quem
1108 1397 1288 1438 multum
1308 1411 1435 1454 posse
1456 1397 1742 1453 intelligebat,

166 1458 273 1499 mihi
294 1472 381 1500 non
402 1455 623 1497 inimicum
651 1469 745 1496 esse
773 1454 997 1511 cognorat,
1033 1454 1199 1496 socium
1231 1453 1315 1495 sibi
1345 1461 1388 1495 et
1422 1453 1663 1510 adjutorem
1691 1453 1742 1494 C.

93 1516 149 1557 20
169 1515 383 1556 Caesarem
410 1513 620 1569 adjunxit.
679 1512 776 1553 Jam
795 1511 931 1563 vides,
961 1526 1030 1552 me
1058 1511 1138 1552 tibi
1167 1525 1253 1551 non
1276 1510 1513 1562 inimicum,
1549 1511 1625 1552 sed
1643 1511 1745 1552 hos-

166 1579 278 1624 tem3
315 1570 415 1623 illis,
445 1585 554 1626 quos
576 1569 800 1620 describis,
829 1582 915 1609 non
935 1567 1065 1609 modo
1085 1582 1172 1609 non
1193 1568 1362 1617 iratum,
1390 1568 1468 1609 sed
1489 1567 1619 1609 etiam
1639 1567 1743 1609 ami-

166 1644 277 1680 cum,
299 1643 393 1670 esse
411 1626 591 1668 debere?
623 1641 802 1683 quorum
818 1626 923 1666 alter
935 1625 1010 1677 (id,
1033 1625 1148 1681 quod
1165 1625 1394 1666 meminero
1417 1628 1601 1680 semper)
1621 1622 1744 1680 aeque

165 1687 272 1727 mihi
289 1686 369 1727 fuit
385 1684 549 1726 amicus
567 1698 617 1724 ac
634 1683 739 1734 sibi;
770 1683 876 1724 alter
898 1682 974 1735 (id,
997 1682 1115 1738 quod
1136 1681 1365 1723 obliviscar
1385 1681 1637 1738 aliquando)
1659 1680 1741 1722 sibi

165 1743 345 1785 amicior
374 1741 505 1799 quam
537 1740 656 1782 mihi.
728 1739 897 1781 Deinde
930 1739 1016 1780 hoc
1050 1739 1111 1780 ita
1150 1739 1213 1790 fit,
1244 1744 1292 1779 ut
1321 1738 1397 1779 viri
1430 1738 1578 1790 fortes,
1614 1737 1744 1779 etiam

93 1803 149 1844 25
168 1802 205 1843 si
256 1800 366 1841 ferro
398 1799 507 1839 inter
542 1813 588 1839 se
630 1796 824 1839 cominus
859 1795 1134 1847 decertarint,
1184 1802 1327 1837 tamen
1361 1795 1469 1836 illud
1501 1794 1743 1837 contentio-

167 1858 235 1900 nis
269 1856 414 1898 odium
442 1855 569 1896 simul
601 1870 699 1896 cum
729 1854 826 1910 ipsa
857 1852 1003 1910 pugna
1031 1854 1245 1908 armisque
1275 1858 1453 1909 ponant.
1513 1851 1648 1908 Atqui
1674 1866 1743 1893 me

168 1916 237 1956 ille
269 1913 412 1955 odisse
443 1926 662 1968 nunquam
692 1910 848 1967 potuit,
878 1925 932 1951 ne
958 1915 1050 1950 tum
1082 1909 1257 1966 quidem
1288 1908 1386 1950 cum
1410 1908 1742 1950 dissidebamus

168 1971 312 2013 Habet
344 1970 429 2012 hoc
463 1969 611 2021 virtus,
646 1976 798 2024 aquam
831 1973 879 2009 tu
913 1981 967 2008 ne
1003 1967 1058 2008 de
1092 1966 1202 2008 facie
1232 1965 1406 2023 quidem
1435 1965 1567 2018 nosti,
1603 1971 1652 2007 ut
1679 1964 1741 2006 vi-

467 2067 615 2118 aeujus
636 2079 691 2106 ne
711 2066 823 2106 nosti
841 2063 1185 2118 quidemfctez‘em
1206 2067 1442 2105 meo-ozam.

211 2173 264 2203 ⁹73.
287 2171 319 2202 Si
339 2171 503 2212 cessissem]
558 2169 706 2210 Tempori
720 2168 880 2209 videlicet,
895 2173 927 2199 et

169 2216 260 2246 armis
276 2215 510 2247 Clodianorum.

213 2261 266 2289 74.
292 2258 390 2298 Neque
415 2258 470 2298 ten]
525 2256 662 2287 Polliciti
691 2259 813 2287 fuerant
841 2253 925 2291 Piso,

171 2302 287 2337 Caesar,
302 2307 334 2332 ct
350 2301 513 2335 Gabinius,
536 2311 620 2330 suam
645 2309 736 2340 opem
759 2298 885 2336 Clodio,
900 2298 925 2328 si

170 2345 245 2385 quid
263 2345 281 2374 a
297 2345 448 2375 Cicerone
472 2349 648 2383 susceptum
671 2343 779 2372 suisset
802 2352 856 2381 pro
878 2351 925 2371 re-

170 2387 299 2428 publica
329 2393 436 2418 contra
464 2387 611 2417 furiosum
648 2385 735 2415 illurn
770 2384 925 2414 tribunum

170 2431 281 2471 plebis.

215 2478 245 2504 1.
270 2472 338 2503 Non
351 2473 448 2503 eadem
463 2473 498 2502 de
514 2469 637 2511 Repub]
687 2471 797 2502 Cicero
813 2469 927 2500 restitit

173 2516 300 2552 Caesari,
323 2517 450 2557 quando
473 2515 545 2545 tulit
567 2515 667 2555 legem
692 2515 732 2544 de
756 2513 924 2543 dividendo

173 2570 245 2599 agro
262 2560 433 2600 Campano.

215 2605 248 2633 3.
272 2603 344 2631 Cum
379 2603 545 2642 piurimis]
588 2600 776 2629 Duumviros
811 2599 925 2628 creavit

173 2644 319 2676 Pisonem
334 2655 472 2675 socerum
495 2654 595 2680 suum,
609 2649 641 2673 et
664 2653 808 2683 generum
832 2643 924 2672 Porn-

172 2688 294 2729 peiurn,
321 2689 405 2719 unde
426 2699 507 2723 euni,
534 2693 568 2720 ‚ut
593 2687 637 2717 ait
660 2686 748 2716 Orat.
779 2686 819 2716 de
849 2685 925 2716 Pro-

171 2731 283 2761 vinciis
313 2732 400 2762 Coss.
431 2730 549 2773 rogavit
585 2735 619 2760 ut
655 2729 924 2770 quinqueviratum

173 2775 341 2815 acciperet,
357 2780 389 2804 et
412 2774 443 2804 in
466 2774 560 2805 tribus
583 2773 641 2804 sibi
665 2772 925 2813 conjunctissimis

981 2168 1194 2200 consularibus
1210 2179 1277 2199 esse
1293 2168 1398 2199 vellet.

1024 2214 1055 2242 9.
1080 2211 1353 2253 Rescinderentur]
1399 2211 1550 2242 Praetores
1566 2209 1737 2240 Mummius

981 2259 1014 2284 et
1026 2255 1186 2286 Domitius
1196 2256 1344 2286 volebant
1355 2254 1479 2286 abolere
1493 2253 1596 2285 onmia
1608 2253 1739 2284 Caesaris

981 2303 1051 2329 acta
1067 2299 1099 2328 in
1114 2298 1287 2330 consulatu.

1026 2345 1077 2372 12.
1116 2341 1147 2372 Si
1172 2343 1332 2382 anteposuit
1368 2353 1450 2372 suam
1482 2341 1603 2371 salutem
1639 2339 1734 2379 meae.]

980 2384 1098 2415 Maluit
1114 2385 1229 2421 Caesar,
1245 2391 1280 2416 ut
1294 2385 1393 2415 abiret
1407 2385 1439 2414 in
1454 2383 1594 2415 exsilium
1609 2382 1733 2418 Cicero,

980 2427 1073 2468 quum
1090 2434 1160 2459 acta
1175 2439 1230 2458 sua
1244 2428 1505 2459 rescinderentur.

1025 2471 1077 2502 15.
1099 2472 1222 2501 Auctori
1235 2473 1339 2502 salutis
1357 2471 1450 2511 τηρεε]
1495 2468 1645 2499 Lentulus
1662 2478 1738 2498 con-

980 2513 1027 2543 sul
1051 2514 1156 2545 retulit
1179 2515 1219 2544 ad
1243 2519 1384 2545 senatum
1408 2514 1449 2544 de
1472 2512 1625 2543 Cicerone
1648 2522 1738 2542 revo-

978 2557 1090 2586 cando.

1024 2601 1075 2630 16.
1098 2600 1273 2630 Sententiam
1292 2599 1471 2639 praestaret]
1517 2597 1556 2627 Id
1584 2602 1641 2633 est,
1667 2597 1738 2628 cum

980 2648 1062 2673 esset
1077 2648 1201 2683 paratus
1225 2643 1264 2673 ad
1287 2642 1474 2673 sententiam
1498 2642 1538 2672 de
1566 2651 1615 2671 me
1640 2641 1735 2671 libere

980 2686 1158 2718 dicendam.

1023 2731 1076 2761 23.
1099 2729 1159 2759 Sibi
1181 2730 1300 2761 amicior
1326 2729 1412 2771 qucim
1436 2727 1538 2769 mihi-J
1583 2726 1736 2770 Loquitur

981 2773 1021 2804 de
1037 2772 1172 2804 Caesare.
