1858 3095
688 156 739 187 IN
763 155 980 188 PISONEM.

58 228 310 271 vulneratio.
369 227 417 269 Si
438 225 641 268 familiam
661 233 779 269 tuam
800 227 1051 278 dimisisses,
1072 228 1208 283 (quod
1227 227 1280 269 ad
1303 227 1516 268 neminem
1537 218 1620 268 nisi

60 285 115 327 ad
142 283 283 340 ipsum
317 290 358 326 te
386 283 632 340 pertineret)
663 284 790 325 amici
821 291 862 325 te
893 283 954 324 tui
986 284 1366 338 constringendum
1400 290 1622 339 putarent:

59 342 299 396 proesidium
321 348 367 382 tu
388 339 648 394 reipublic-ee,
671 340 910 382 custodiam
932 341 1170 396 provinciae,
1194 341 1358 395 injussu
1381 339 1526 396 populi
1556 353 1623 379 se-

61 398 271 454 natusque
284 395 535 446 dimisisses,
552 396 586 436 si
603 405 686 438 tuae
700 397 852 438 inentis
869 411 1047 452 compos
1067 397 1218 438 fuisses
1234 400 1245 437 .'
1278 396 1392 437 Ecce
1410 394 1487 436 tibi
1506 396 1624 442 alter,

63 454 200 496 efl'ussi
224 455 316 510 jam
343 452 531 493 maxim-Si
561 453 720 508 praedii,
751 468 879 509 quam
911 467 962 493 ex
994 453 1172 495 fortunis
1203 453 1542 508 publicanorum,
1573 465 1626 492 ex
1644 453 1697 493 55

63 509 177 566 agris
202 509 460 564 urbibusque
491 509 719 560 sociorum,
751 511 1017 561 exhauserat,
1048 510 1163 561 (ciun
1185 509 1339 564 partim
1361 509 1452 563 ejus
1475 507 1625 563 praedae

63 565 282 620 profundae
302 565 504 606 libidines
527 566 816 617 devorassent,
848 567 997 621 partin]
1020 580 1130 606 nova
1157 565 1350 620 quandam
1373 571 1415 604 et
1435 563 1628 604 inaudita

64 621 266 672 luxuries,
288 622 441 677 partim
462 622 590 663 etiam
608 623 649 663 in
672 623 755 663 illis
771 623 894 672 locis,
911 621 983 662 ubi
1001 621 1143 662 omnia
1161 620 1349 675 diripuit,
1371 620 1628 674 emptiones,

63 677 216 733 partim
238 678 587 733 permutationes,
620 679 673 719 ad
694 679 809 719 hunc
835 677 1063 718 Tusculani
1092 685 1279 718 montem
1307 675 1628 725 exstruendum)

63 732 160 774 cum
175 734 267 789 jam
289 743 447 790 egeret,
479 734 576 776 cum
607 735 681 775 illa
711 735 802 788 ejus
833 734 1040 774 immensa
1070 740 1114 774 et
1145 732 1424 774 intolerabilis
1445 731 1629 772 aedifiea-
1648 734 1703 773 60

63 789 124 830 tio
146 789 433 840 constitisset3
464 805 510 830 se
531 791 686 844 ipsum,
709 790 848 831 fasces
870 804 984 840 suos,
1005 789 1239 830 exercitum
1260 788 1406 844 populi
1431 787 1630 838 Romani,

65 860 223 886 numen
263 845 647 901 dinterdictumque
689 846 864 887 deorum
904 845 1220 894 immortalium,
1258 859 1463 900 responsa
1493 857 1631 884 sacer-

65 901 228 952 dotum,
265 900 564 943 auctoritatem
602 902 790 953 senatus,
816 903 939 957 jussa
978 902 1141 957 populi,
1182 915 1338 942 nomen
1368 915 1419 941 ac
1451 899 1631 956 dignita-

65 963 154 998 tem
173 957 353 1014 imperii,
385 958 474 1012 regi
503 958 708 1015 AEgyptio
737 959 943 1000 vendidit.

65 1018 134 1055 tos
165 1013 355 1066 haberet,
395 1022 578 1070 quantos
609 1015 813 1066 voluerat,
853 1022 1037 1071 quantos
1068 1022 1302 1070 optaverat,
1333 1020 1517 1069 quantos
1549 1011 1631 1053 mei
1651 1017 1705 1057 65

1005 958 1113 998 Cum
1145 959 1251 998 fines
1283 956 1512 1014 provinciae
1539 964 1633 996 tan-

65 1070 220 1126 capitis
250 1070 386 1126 pretio
416 1071 691 1127 periculoque
724 1080 904 1122 emerat3
939 1071 1005 1111 his
1029 1086 1073 1112 se
1095 1081 1239 1112 tenere
1261 1085 1346 1110 non
1366 1069 1529 1126 potuit:
1561 1083 1633 1110 ex-

68 1126 248 1168 ercitum
269 1126 417 1168 eduxit
449 1142 502 1169 ex
527 1127 672 1183 Syriii:
705 1128 778 1184 qui
813 1128 935 1169 licuit
968 1135 1088 1168 extra
1120 1126 1410 1183 provinciam?
1471 1124 1636 1167 Tribuit

68 1197 114 1224 se
146 1183 453 1225 mercenarium
484 1184 686 1226 comitem
716 1185 805 1241 regi
839 1184 1157 1226 Alexandrino:
1189 1182 1294 1238 quid
1328 1183 1411 1224 hoc
1446 1182 1633 1237 turpius?

69 1237 120 1280 In
152 1239 391 1295 AEgyptuni
422 1239 561 1281 venit:
592 1240 739 1296 esigna
765 1241 949 1282 contulit
980 1255 1078 1280 cum
1104 1239 1432 1280 Alexandrinis:
1464 1238 1636 1294 quando

67 1295 151 1336 hoc
173 1295 343 1346 bellum,
364 1302 438 1336 aut
454 1296 526 1336 hic
547 1297 666 1348 ordo,
686 1304 760 1337 aut
780 1297 979 1352 populus,
1003 1295 1273 1350 susceperat?
1307 1294 1434 1350 Cepit
1451 1295 1637 1338 Alexan-
1656 1299 1710 1338 70

67 1350 226 1392 driam:
268 1352 369 1406 quid
404 1351 522 1392 aliud
550 1359 848 1408 exspectamus
881 1352 906 1393 ἓι
935 1352 1074 1392 furore
1105 1352 1212 1407 ejus,
1243 1351 1326 1391 nisi
1357 1357 1404 1391 ut
1433 1351 1486 1391 ad
1517 1365 1640 1391 sena-

67 1414 159 1448 tum
190 1407 321 1448 tantis
353 1407 406 1448 de
441 1409 567 1449 rebus
599 1410 731 1464 gestis
763 1409 908 1450 literas
941 1408 1107 1449 mittat?

1168 1407 1253 1448 Hic
1284 1407 1319 1448 si
1347 1406 1503 1448 mentis
1526 1413 1640 1448 esset

68 1462 187 1514 ssuae,
217 1463 301 1504 nisi
330 1478 480 1519 poenas
511 1467 659 1520 patriae
689 1465 858 1521 diisque
890 1464 1202 1505 immortalibus
1235 1478 1321 1512 eas,
1352 1478 1449 1519 quae
1479 1463 1640 1519 gravis-

71 1518 189 1560 simae
206 1528 319 1570 sunt,
342 1519 482 1561 furore
504 1527 633 1577 atque
655 1521 820 1562 insani&
842 1522 1070 1576 penderet3
1102 1535 1231 1561 ausus
1254 1527 1369 1561 esset
1389 1519 1547 1572 (mitto,
1569 1534 1640 1561 ex-

69 1574 129 1617 ire
159 1576 213 1616 de
243 1575 479 1632 provincia)
507 1577 688 1619 educere
716 1578 965 1629 exercitum,
996 1577 1155 1618 bellum
1185 1578 1265 1617 sua
1295 1583 1447 1632 sponte
1479 1591 1639 1633 gerere,
1659 1582 1713 1622 75

219 1711 579 1766 dprolzibitionem.

724 1715 975 1754 cdimicavz't.

1121 1710 1300 1766 fcompos
1320 1714 1489 1753 mentis.

115 1884 168 1912 ⁵1.
195 1880 351 1913 Familiam
373 1882 549 1923 dimisisses]
596 1882 750 1923 Intelligit
771 1893 835 1913 ser·
877 1882 971 1918 villae,
994 1880 1099 1912 similis
1114 1882 1280 1912 videretur.

72 1935 138 1960 vos,
161 1929 194 1954 et
208 1929 388 1966 argumento
403 1924 421 1954 ὲ
439 1925 547 1955 minori
567 1927 682 1956 utitur:
706 1937 791 1962 nam,
811 1926 836 1956 si

73 1966 157 1996 furor
178 1973 225 1996 est
244 1977 357 2003 servos,
381 1966 473 2008 longe
491 1968 589 2009 major
604 1974 651 1999 est
666 1973 765 1998 totum
782 1979 836 1999 ex·

77 2009 218 2043 ercitum,
240 2009 408 2040 dimittere.

119 2054 173 2082 52.
196 2052 487 2092 Coum-iugandum]
529 2053 596 2089 Ait,
616 2052 699 2093 quod
717 2052 839 2083 Pisonis

75 2092 165 2124 bonis
194 2093 213 2123 ὲ
243 2100 372 2134 praetore
400 2093 650 2126 interdicendum
682 2101 776 2130 essct,
809 2099 841 2124 et

73 2136 122 2167 illi
136 2137 371 2167 constituendus
387 2142 507 2167 curator
521 2148 558 2168 ex
580 2138 747 2168 amicorum
771 2147 840 2167 sen-

81 2179 192 2209 tentiix.

122 2224 175 2253 54.
201 2220 272 2252 Ecce
287 2222 338 2251 tihi
352 2221 454 2262 alter-J
499 2221 571 2253 Jam
585 2222 761 2262 aggreditur
778 2222 843 2253 Ga-

80 2264 211 2301 binium,
234 2264 288 2304 qui
316 2264 377 2294 alio
407 2264 513 2294 furoris
543 2276 655 2304 genere
686 2270 843 2304 correptus

81 2307 214 2343 videtur,
240 2307 378 2346 pecuniis
392 2307 617 2346 profundendis
633 2308 672 2338 ad
689 2318 760 2338 suas
776 2307 845 2337 libi-

80 2349 168 2380 dines
182 2349 350 2380 satiandas.

123 2393 177 2423 55.
207 2392 345 2422 Fortituis
355 2392 606 2432 publicanorum]
653 2392 737 2422 Vide
754 2392 841 2423 Orat.

80 2435 122 2466 de
142 2434 286 2466 Provinc.
343 2432 586 2474 Consularibus,
603 2445 666 2465 non
689 2435 781 2476 longe
805 2436 844 2465 ab

81 2477 180 2508 initio.

125 2521 179 2551 56.
202 2520 319 2552 Partim
340 2522 401 2559 ejus
423 2520 550 2561 parda]
612 2519 773 2560 Significat
795 2530 846 2551 eas

84 2563 231 2602 pecunias
245 2563 353 2603 partini
366 2563 398 2594 in
415 2563 593 2593 libidinibus
607 2563 845 2604 consumpsisse,

85 2604 144 2634 &c-
165 2605 248 2646 saepe
271 2611 376 2636 autem
389 2608 496 2646 parlim
512 2616 582 2636 cum
598 2606 736 2646 genitivo
755 2606 845 2647 poni-

87 2652 144 2676 tur.

129 2690 182 2721 59.
205 2690 254 2721 Aa
276 2691 354 2721 hunc
386 2691 547 2722 Truculani
573 2691 721 2732 montem]
783 2691 849 2722 Ga·

89 2731 190 2763 binius
204 2733 350 2764 exstruxit
360 2734 465 2764 villam
479 2740 541 2765 tam
557 2734 710 2765 excelsam
726 2734 757 2764 in
771 2734 850 2764 Tus-

89 2773 199 2806 culano
221 2785 307 2815 agro,
331 2781 364 2807 ut
388 2777 483 2808 monti
508 2775 610 2818 potius
634 2776 734 2812 alteri,
756 2777 848 2818 quirin

923 1927 974 1956 62.
1000 1924 1118 1954 Numen
1147 1926 1387 1964 interdictumque
1413 1924 1559 1965 deorum]
1605 1923 1645 1953 In

880 1967 1042 2009 Sibyllinis
1058 1967 1188 1997 oraculis
1203 1967 1349 2007 scriptum
1361 1974 1439 2005 erat,
1457 1978 1495 1996 ne
1509 1977 1645 2007 unquam

881 2011 919 2040 ad
943 2020 1048 2050 regem
1068 2009 1202 2051 AEgypti
1225 2010 1376 2040 exercitus
1400 2009 1529 2040 subsidii
1552 2008 1646 2040 caus&

884 2058 1064 2083 mutemur.

926 2095 976 2125 Ib.
999 2095 1143 2134 Responsa
1173 2095 1378 2134 sacerdotum]
1438 2093 1514 2123 Illos
1545 2103 1646 2123 sacer-

885 2139 985 2173 dotes,
1010 2147 1064 2167 seu
1079 2137 1246 2176 aruspices,
1269 2137 1443 2177 intelligere
1460 2135 1509 2166 hic
1525 2136 1647 2165 videtur

885 2180 1006 2216 Cicero,
1036 2179 1088 2220 qui
1105 2179 1142 2210 eii
1155 2180 1194 2210 dc
1211 2191 1254 2215 re,
1273 2179 1361 2220 juxta
1382 2179 1496 2209 oraculi
1519 2189 1647 2219 respon·

887 2233 964 2258 suin,
988 2222 1119 2253 consulti
1136 2228 1216 2252 sunt.

931 2267 982 2296 64.
1008 2265 1084 2306 Regi
1099 2264 1266 2306 AE'gyptio]
1300 2264 1499 2300 Ptolemaeus‚
1515 2263 1647 2304 pulsusri

889 2307 961 2344 suis,
978 2306 1124 2342 Romam,
1139 2313 1246 2338 contra
1258 2317 1328 2338 suos
1345 2307 1491 2337 auxilium
1507 2306 1526 2337 a
1538 2312 1648 2337 senatu

887 2350 1067 2391 populoque
1075 2349 1220 2380 Romano
1230 2351 1394 2391 petiturus,
1407 2355 1545 2386 venerat;
1563 2350 1647 2390 quod

887 2393 956 2424 cum
972 2403 1036 2423 n‹-n
1051 2393 1244 2428 obtinuisset,
1261 2392 1429 2424 Gabinium
1445 2393 1580 2433 corrupit
1593 2402 1649 2433 pe-

888 2435 991 2471 cunia,
1014 2436 1032 2465 a
1049 2446 1110 2475 quo
1125 2435 1156 2464 in
1172 2446 1298 2476 regnum
1316 2435 1470 2466 restitutus
1482 2441 1539 2467 est.

933 2481 984 2509 67.
1009 2478 1070 2512 Qui
1093 2479 1176 2508 licuit
1201 2485 1280 2508 extra
1300 2479 1481 2517 provinciam
1491 2478 1518 2519 2]
1575 2477 1649 2507 Non

888 2521 936 2551 sas
959 2527 1024 2551 erat
1040 2521 1275 2562 proconsulibus
1290 2532 1357 2552 esse
1380 2527 1464 2551 extra
1487 2531 1556 2551 suas
1579 2530 1650 2560 pro-

891 2574 1018 2594 vincias.

933 2609 987 2637 68.
1020 2605 1261 2646 Mercenarium]
1307 2605 1359 2636 Ab
1384 2616 1421 2636 eo
1449 2615 1520 2644 rege
1546 2604 1651 2635 Ptole-

891 2659 968 2679 maeo
985 2648 1117 2688 pecunia
1135 2655 1296 2689 corruptus
1318 2649 1428 2684 fuerat,
1452 2653 1485 2677 ut
1507 2647 1536 2677 ei
1557 2657 1649 2692 opem

892 2697 998 2722 contra
1014 2691 1242 2722 Alexandrinos
1257 2692 1358 2722 ferret.

934 2736 987 2764 70.
1012 2735 1073 2764 Aut
1096 2734 1142 2764 hic
1163 2734 1259 2774 orda]
1306 2732 1408 2765 Penes
1430 2737 1573 2765 senatum
1593 2732 1651 2763 fuit

894 2776 966 2807 belli
982 2777 1172 2818 suscipiendi
1187 2776 1363 2808 auctoritas.

1610 155 1696 200 273
