1838 3017
820 136 969 190 'Noun
1592 148 1674 196 531

116 237 360 292 Ccepionem
382 242 639 291 conquestus
659 241 734 287 est,
757 251 806 278 ac
826 239 877 278 de
897 236 1012 278 ccede
1033 236 1084 277 1².
1110 234 1248 277 Clodii
1257 234 1428 290 falsum
1453 247 1541 276 esse
1561 235 1674 275 divit

112 297 222 348 quod
261 296 372 337 Milo
401 297 462 336 sic
494 310 537 336 se
569 296 837 349 defenderet:
879 300 920 335 et
959 294 1151 334 Clodium
1192 293 1391 334 Aricinos
1422 293 1672 333 decuriones

111 354 355 405 alloquendi
371 354 517 404 gratia
539 354 704 401 abiisse,
715 353 954 406 profectum
971 365 1067 390 cum
1083 365 1156 391 sea·
1169 364 1218 389 ac
1234 352 1388 402 viginti
1401 351 1552 390 servis:
1580 349 1672 388 11Ῑὶ-

108 410 245 450 Ionem
275 407 426 457 subito,
447 414 541 462 post
571 411 714 449 horam
738 413 952 462 quartam,
974 412 1129 449 senatu
1149 409 1287 455 misso,
1309 421 1405 447 cum
1434 407 1564 447 servis
1583 419 1672 445 am-

103 466 219 519 plias
249 469 448 506 trecentis
480 469 658 506 armatis
688 465 847 506 obviam
877 467 915 505 ei
945 465 1222 511 contendisse,
1244 468 1284 503 et
1313 477 1446 516 supra
1480 463 1672 503 Bovillas

107 523 401 576 inopinantem
436 525 483 562 in
517 524 671 563 itinere
707 536 982 575 aggressum:
1014 523 1070 562 ibi
1102 521 1153 560 Ρ.
1174 521 1384 569 Clodium,
1415 520 1552 560 tribus
1577 520 1672 559 vul-

107 579 282 620 neribus
317 581 513 632 acceptis,
555 580 746 620 Bovillas
782 581 1022 632 perlatum:
1063 578 1298 625 tabernam,
1332 579 1380 616 in
1412 590 1540 628 quam
1571 589 1672 628 pro-

95 636 298 690 fugerat,
316 642 609 690 eoepugnatam
630 635 655 676 ὰ
676 637 732 676 M
733 638 863 677 ilone:
894 635 1181 676 semianimem
1199 633 1396 674 Clodium
1413 637 1670 682 eva-aetum,

109 693 157 733 in
192 695 261 733 vici
296 693 439 747 Appia.
473 696 656 734 occisum
694 708 795 742 esse,
829 693 1129 743 annulumque
1167 691 1260 741 ejus
1295 691 1333 729 ei
1368 690 1567 729 morienti
1601 703 1671 729 ew-

109 753 293 790 tractum
309 766 322 790 .·
369 751 517 791 deinde
561 751 784 797 sslilonem,
826 750 917 788 cum
957 750 1083 788 sciret
1134 748 1182 786 in
1221 745 1388 786 Albano
1433 746 1673 798 parvulum

112 807 247 846 tilium
277 807 415 848 Clodii
447 808 609 847 venisse
639 807 696 845 ad
728 806 901 851 villana
940 809 994 853 et,
1023 804 1113 844 cum
1147 817 1258 856 puer
1294 803 1393 843 ante
1423 803 1672 842 subtractus

109 867 230 911 esset,
258 864 308 902 de
337 876 454 902 servo
473 863 639 902 Alicore
669 864 946 915 quoestionem
978 863 1040 901 ita
1070 861 1281 909 habuisse,
1304 864 1354 900 ut
1383 873 1481 900 eum
1511 861 1672 900 articu-

109 920 230 959 latim
251 924 510 960 conseearet:
542 920 730 959 villicum
752 923 792 958 et
813 920 918 958 duos
935 915 1144 971 proetereci
1174 930 1313 957 servos
1333 917 1589 968 jugulasse:
1620 930 1674 956 ea:

110 977 243 1016 servis
266 976 419 1024 Clodii,
437 978 511 1028 qui.
533 977 750 1016 dominum
771 975 1055 1030 defenderint,
1074 974 1271 1013 undecim
1293 987 1379 1014 esse
1400 973 1643 1027 interfectos
1656 989 1671 1013 :

112 1033 273 1073 Asiloni
298 1034 404 1073 duos
438 1035 543 1073 solos
575 1033 896 1086 sazeciosfactos
924 1046 1036 1072 esse.-
1067 1032 1114 1070 ob
1142 1044 1243 1083 quce
1270 1031 1479 1071 sslilonem
1505 1034 1674 1083 postero

112 1090 180 1130 die
199 1091 262 1131 mii
281 1104 434 1137 servos,
455 1093 530 1142 qui
550 1092 588 1130 ei
608 1090 788 1129 nimrim&
808 1103 977 1142 operam
998 1089 1243 1135 naz-cissent,
1265 1088 1578 1134 manumisisse,
1595 1099 1674 1139 po-

107 1147 296 1199 puloque
313 1147 507 1187 tributim
526 1147 705 1200 singula
726 1148 858 1187 millia
876 1147 978 1186 ceris
994 1146 1050 1185 ad
1065 1144 1349 1199 defendendos
1361 1143 1410 1184 de
1425 1157 1469 1184 se
1483 1155 1676 1184 *rumores

112 1204 285 1245 dedisse.

170 1261 284 1301 Μὶῐο
304 1263 466 1302 misisse
482 1261 538 1301 ad
557 1261 638 1301 Cn.
652 1261 901 1312 Pompeium¹
922 1260 1154 1307 dicebatur,
1173 1258 1282 1311 qudd
1302 1258 1495 1311 Hypsaeo
1515 1256 1675 1297 summe

112 1318 323 1367 studebat,
337 1319 605 1372 quddfuerat
616 1319 709 1369 ejus
722 1320 922 1369 quaestor,
937 1317 1134 1356 desistere
1145 1329 1188 1356 se
1196 1316 1401 1369 petitione
1413 1315 1676 1363 consulatus,

116 1375 154 1414 si
169 1375 230 1414 ita
246 1376 284 1415 ei
300 1376 517 1416 videretur
529 1391 542 1415 .·
565 1374 816 1426 Pompeium
833 1373 1110 1426 respondisse,
1124 1373 1288 1412 nemini
1303 1386 1347 1412 se
1359 1385 1495 1424 neque
1500 1371 1680 1424 petendi

115 1444 252 1483 neque
272 1432 501 1474 desistendi
522 1436 738 1471 auctorem
758 1444 859 1479 esse,
881 1445 1017 1483 neque
1033 1431 1186 1483 populi
1208 1429 1394 1469 Romani
1409 1431 1677 1481 potestatem,

117 1493 197 1528 aut
226 1490 465 1537 consilium,
498 1493 577 1528 aut
606 1489 877 1535 sententiam,
909 1487 1313 1540 interpellaturum:
1350 1485 1499 1526 deind&
1523 1497 1603 1537 per
1628 1482 1680 1525 C.

117 1545 350 1595 Lucilium,
378 1548 454 1598 qui
479 1549 654 1598 propter
686 1543 757 1584 M.
780 1544 1360 1598 Ciceronisfamiliaritatem
1392 1543 1557 1582 amicus
1586 1545 1680 1582 erat

117 1598 292 1651 Miloni,
324 1605 458 1656 egisse
478 1615 644 1654 quoque
665 1601 899 1650 dicebatur,
922 1615 977 1641 ne
996 1614 1054 1649 se,
1077 1601 1127 1640 de
1156 1600 1236 1640 hac
1257 1613 1302 1640 re
1321 1598 1592 1647 consulendo,
1615 1599 1682 1638 in-

114 1658 230 1699 vidia
250 1664 460 1701 oneraret.

175 1715 300 1756 Inter
319 1717 412 1757 liceo
440 1714 535 1757 cam
563 1715 836 1756 erebresceret
865 1728 1025 1763 rumor,
1051 1713 1132 1755 Cn.
1155 1712 1408 1766 Pompeium
1437 1713 1578 1754 creari
1596 1712 1683 1753 dic-

119 1776 310 1822 tatorem,
350 1787 488 1826 neque
526 1772 766 1826 opportune
805 1772 931 1812 aliter
969 1773 1086 1811 mala
1119 1771 1308 1811 civitatis
1347 1770 1490 1810 sedari
1523 1783 1646 1822 posse
1661 1785 1678 1816 ;

117 1830 257 1869 ‘cisum
287 1834 350 1870 est
384 1830 674 1883 optimatibuS,
707 1830 848 1869 tutius
883 1842 984 1878 esse,
1021 1842 1118 1868 eum
1153 1828 1368 1867 consulem
1403 1826 1494 1866 sine
1527 1825 1687 1879 collegii

118 1898 262 1926 creare
276 1903 289 1927 .·
328 1891 369 1928 et
385 1887 477 1928 cum
500 1891 688 1928 tractata
709 1899 759 1926 ea
778 1899 846 1926 res
866 1889 971 1926 esset
990 1887 1040 1925 in
1058 1888 1230 1932 senatu,
1234 1884 1358 1938 facto
1377 1884 1428 1923 in
1447 1882 1519 1923 Μ.
1535 1882 1687 1922 Bibuli

118 1944 376 1983 sententiam
391 1945 439 1985 S.
463 1941 512 1984 C.
531 1941 778 1995 Pompeius,
796 1942 846 1981 ab
860 1944 1072 1994 interrege
1085 1942 1181 1982 Ser.
1197 1940 1404 1993 Sulpicio,
1422 1941 1572 1992 quinto
1591 1935 1685 1979 Cat.

125 1996 261 2039 DIart.
303 2013 444 2040 mense
475 1999 765 2046 intercalario,
797 2000 948 2038 consul
977 2003 1148 2038 creatus
1179 2000 1256 2045 est,
1277 1998 1505 2048 statimque
1536 2008 1688 2036 consu-

123 2056 262 2096 latum
281 2057 394 2097 iniit.

179 2113 348 2153 Deinde
375 2118 473 2166 post
504 2114 614 2153 diem>
649 2114 823 2152 tertium
859 2110 909 2150 de
944 2111 1105 2163 legibus
1138 2112 1259 2151 novis
1279 2110 1480 2164 serendis
1509 2109 1688 2150 retulit:

125 2169 236 2210 duas
254 2183 307 2210 etv
326 2170 377 2211 S.
403 2168 451 2210 C.
468 2170 788 2222 promulgavit,-
822 2169 1001 2208 alteram
1019 2168 1068 2209 de
1085 2169 1140 2217 vi,
1154 2168 1240 2220 qua
1256 2168 1512 2207 nominatim
1531 2167 1691 2207 caedem

125 2227 176 2266 in
195 2226 341 2280 Appia
361 2229 432 2267 vici
442 2228 628 2281 factam,
650 2231 691 2266 et
720 2225 969 2266 incendium
999 2226 1151 2273 carice,
1174 2229 1215 2265 et
1244 2224 1415 2264 domum
1446 2221 1511 2263 Μ.
1536 2223 1692 2276 Lepidi

124 2284 354 2336 interregis
383 2288 693 2337 oppugnatam,
715 2282 1056 2334 compreliendit3
1089 2282 1270 2322 alteram·
1300 2281 1350 2322 de
1381 2281 1574 2327 ambitu3
1603 2294 1692 2334 poe-

125 2354 230 2381 nam
243 2341 499 2393 grai-iorem,
521 2345 561 2381 et
571 2341 763 2394 sormam
773 2338 1042 2391 judiciorum
1062 2338 1302 2379 breviorem.
1367 2339 1561 2390 Utraque
1579 2338 1695 2378 enim

127 2399 195 2438 Ieoe
210 2398 336 2450 prius
356 2401 480 2438 testes
499 2397 598 2437 dari
613 2410 693 2450 per
715 2396 926 2445 triduum,
948 2395 1099 2436 deinde
1128 2408 1217 2435 uno
1247 2396 1314 2436 die
1344 2399 1473 2448 atque
1493 2394 1633 2435 eodem
1651 2397 1694 2435 et

128 2455 179 2495 ab
201 2459 448 2494 accusatore
468 2458 507 2494 et
528 2454 579 2493 ab
600 2467 669 2493 reo
685 2454 882 2506 perorari
899 2452 1093 2504 jubebat,
1113 2452 1180 2492 ita
1209 2456 1261 2493 ut
1289 2452 1393 2493 duce
1421 2451 1540 2492 horae
1570 2463 1694 2492 accu-

130 2512 278 2560 satori,
301 2516 386 2552 tres
406 2525 476 2551 reo
495 2511 722 2551 darentur.

188 2568 277 2608 His
295 2568 459 2620 legibus
473 2568 669 2608 obsistere
688 2563 752 2606 M.
774 2566 953 2615 Ccelius,
971 2567 1175 2608 tribunus
1191 2565 1339 2619 plebis,
1356 2565 1696 2606 studiosissimus

133 2620 328 2672 Milonis,
344 2629 527 2664 conatus
543 2629 618 2673 est,
635 2623 746 2676 quod
765 2627 805 2664 et
822 2624 1097 2676 privilegium
1113 2623 1268 2664 diceret
1283 2624 1331 2663 in
1348 2621 1695 2674 Milonemferri,

131 2686 172 2722 et
182 2681 358 2732 judicia
371 2681 643 2734 proecipitari
657 2697 669 2721 :
701 2684 756 2729 et,
778 2677 870 2720 cum
897 2677 1164 2734 pertinacius
1193 2680 1325 2731 Iegem
1347 2678 1513 2719 Caelius
1531 2678 1700 2731 vitupe-

133 2741 266 2785 raret,
287 2737 330 2777 eo
346 2739 551 2790 processit
565 2739 647 2778 irae
662 2735 910 2790 Pompeius,
928 2740 979 2777 ut
994 2737 1163 2785 diceret,
1183 2737 1221 2775 si
1240 2739 1412 2776 coactus
1428 2739 1548 2783 esset,
1567 2735 1700 2774 armis

134 2805 178 2835 se
202 2794 353 2846 Remp.
374 2794 681 2847 defensurum:
715 2793 885 2834 timebat
914 2797 1059 2834 autem
1101 2792 1334 2846 Pompeius
1369 2787 1591 2840 Milonem,
1621 2804 1701 2832 seu

135 2850 281 2893 timere
294 2863 336 2892 se
350 2851 607 2894 simulabat:
634 2850 886 2905 plerumque
901 2863 990 2891 non
1005 2850 1116 2894 domi
1130 2862 1240 2899 succ,
1257 2848 1330 2898 sed
1346 2849 1396 2893 in
1409 2848 1542 2894 hortis
1555 2860 1704 2894 mane·

878 2906 906 2948 2
929 2918 958 2947 0
