1759 2997
104 145 189 191 536

148 226 223 259 331.
244 226 319 263 ‘Quis
340 237 383 259 eos
401 226 578 268 postulavit?
605 227 742 268 Appius]
788 226 864 259 Non

106 269 146 301 P.
161 271 267 302 Clodii
282 271 385 308 frater,
409 272 464 301 sed
481 270 551 302 Caii
565 269 662 302 fratris
685 271 753 312 ejus
773 270 866 309 filius,

106 313 240 345 Milonis
257 320 427 345 accusator.
469 312 560 344 Idem.

120 370 124 374 ·
151 356 200 388 Ib.
240 357 355 388 Clodius
382 357 502 388 insidias
515 356 595 399 fecit
629 356 762 398 Miloni]
822 357 865 388 Et

106 401 167 431 h‘oc
182 406 289 432 contra
304 400 483 442 quaestionis
498 410 625 436 morem,
641 411 734 441 quam
746 400 799 441 qui
810 401 865 430 ha-

106 444 215 479 bebat,
237 443 356 474 nullum
379 443 515 474 debebat
538 454 701 484 suggerere
725 444 868 474 nomina-

108 485 178 517 tim:
203 486 317 517 deinde
339 487 385 517 fas
407 497 469 517 non
484 490 549 516 erat
563 486 653 516 minis
667 493 719 516 aut
733 487 862 527 promis-

106 527 149 559 sis
164 529 204 559 ad
219 530 279 560 hoc
294 529 397 571 potitis
412 529 504 571 quzim
520 529 597 560 illud
620 529 787 560 dicendum
810 540 864 560 eos

106 571 161 613 qui
177 573 399 613 torquebantur
411 572 583 613 impellere.
627 573 819 603 Abrahamus.

150 613 200 646 Ib.
238 614 319 650 Quid
343 615 396 646 hac
425 617 578 656 quaestione
598 616 656 646 dici
676 622 767 656 potest
791 617 865 647 inte-

105 656 225 699 grius?]
272 659 388 690 Ironia.
433 658 522 689 Idem.

121 707 125 710 ”
151 702 226 732 335.
256 700 325 732 Non
349 702 398 732 hoc
413 703 481 741 jam
505 702 678 732 Clodianum
699 704 806 733 crimen
829 704 865 733 ti-

106 744 242 785 memus]
301 744 444 775 Diximus
473 745 505 775 in
533 746 727 787 Argumento
753 746 865 776 oratio-

107 787 156 817 nis
177 787 279 828 hujus,
304 787 362 818 Cn.
387 788 571 828 Pompeium
594 788 753 819 simulasse
777 799 809 819 se
828 789 866 819 ti-

108 836 204 867 mere,
219 841 274 861 seu
287 830 380 871 plane
395 831 532 862 timuisse
548 831 701 862 Milonem
715 842 723 868 ;
746 836 778 862 et
792 832 865 862 ideo

107 881 149 902 ne
171 873 256 903 domi
279 874 405 913 quidem
429 884 502 910 suae,
525 875 626 904 sedin
642 874 737 904 hortis
749 875 867 914 superi-

108 915 222 951 oribus,
236 916 471 957 antejudicium
487 917 644 953 mansisse,
660 918 704 947 ita
720 922 753 946 ut
762 917 867 947 villam

108 964 233 999 quoque
249 959 391 1000 praesidio
411 959 541 989 militum
565 960 780 991 circumdaret.
825 960 867 996 Q.

108 1000 292 1042 Pompeius,
308 1002 446 1032 tribunus
460 1002 573 1043 plebis,
596 1003 649 1043 qui
665 1003 764 1033 fuerat
780 1003 868 1033 fami-

107 1043 285 1075 liarissimus
307 1046 444 1075 omnium
474 1045 512 1076 P.
536 1044 660 1082 Clodio,
690 1051 722 1076 et
751 1051 868 1076 sectam

109 1097 196 1117 suam
212 1088 300 1130 sequi
315 1098 348 1118 se
364 1089 466 1129 palam
481 1089 693 1129 profitebatur,
705 1089 824 1119 dixerat
836 1089 868 1118 in

108 1130 258 1162 concione
276 1131 382 1172 paucis
405 1130 477 1172 post
498 1131 607 1162 diebus
628 1132 720 1172 quam
738 1132 868 1163 Clodius

110 1177 177 1203 erat
209 1175 346 1205 occisus:
383 1174 459 1205 Milo
491 1175 581 1211 dedit,
614 1186 697 1214 quem
726 1177 758 1205 in
786 1174 870 1205 caria

107 1219 288 1248 cremaretis:
325 1218 407 1254 dabo,
445 1228 524 1258 quem
553 1220 585 1248 in
623 1218 764 1257 Capitolio
792 1229 867 1258 sepe-

109 1259 197 1290 lintis.
257 1261 295 1291 In
325 1260 434 1291 eadem
461 1261 610 1291 concione
637 1261 719 1291 idem
749 1262 868 1292 dixerat

108 1302 231 1376 ffiabuit
253 1304 334 1334 enim
357 1315 425 1335 eam
449 1305 489 1334 ad
516 1304 568 1335 vii.
589 1304 656 1335 Cal.
681 1304 771 1335 Febr.
796 1303 864 1336 cum

152 1345 192 1376 ilo
208 1347 319 1387 pridie,
334 1347 366 1377 id
380 1352 426 1378 est
438 1347 500 1377 viii.
516 1347 584 1379 Cal.
601 1347 692 1380 Febr.
702 1348 808 1378 venire
826 1348 866 1378 ad

109 1387 296 1430 Pompeium
321 1390 353 1420 in
375 1391 480 1421 hortos
503 1391 570 1432 ejus
593 1390 757 1430 voluisset)
782 1391 868 1420 Pom-

105 1433 201 1472 peium
236 1435 262 1463 ei
296 1444 348 1473 per
376 1433 514 1464 homiuem
542 1435 735 1474 propinquum
756 1435 871 1470 misisse,

108 1485 146 1506 me
171 1477 211 1506 ad
235 1487 262 1506 se
284 1478 402 1507 veniret.
447 1477 536 1507 Prius
551 1477 643 1507 etiam
665 1477 759 1517 quam
776 1477 870 1507 Pom.

108 1519 201 1558 peius
216 1519 340 1550 tertisnn
355 1520 461 1550 consul
474 1525 638 1556 crearetur,
661 1526 720 1551 tres
743 1520 871 1557 tribuni,

111 1560 154 1598 Q.
171 1562 339 1603 Pompeius
355 1562 470 1600 Rufus,
494 1562 532 1594 C.
547 1563 707 1593 Sallustius
730 1563 868 1604 Crispus,

108 1603 148 1635 T.
164 1604 327 1636 Munatius
343 1605 488 1642 Plancus,
503 1605 573 1636 curn
595 1606 782 1647 quotidianis
797 1617 872 1637 con-

109 1647 251 1679 cionibus
262 1649 322 1679 suis
333 1659 475 1689 magnam
487 1649 634 1679 invidiam
647 1649 761 1679 Miloni
778 1660 871 1691 prop·

110 1695 158 1720 ter
168 1690 315 1722 Clodium
330 1695 511 1729 excitarent,
534 1693 743 1733 produxerant
758 1693 796 1722 ad
814 1703 870 1733 po-

109 1734 218 1774 pulum
233 1734 292 1766 Cn.
304 1734 502 1775 Pompeium,
525 1741 556 1765 et
570 1736 609 1765 ab
623 1747 660 1765 eo
672 1736 867 1776 quaesierant,

110 1785 185 1807 num
201 1777 240 1807 ad
256 1788 325 1808 eum
342 1778 480 1808 delatum
496 1784 578 1808 esset
589 1778 664 1809 illud
682 1789 805 1820 quoque
821 1779 867 1808 in·

111 1819 238 1856 dicium,
259 1831 320 1850 suae
341 1821 412 1851 vitae
436 1821 573 1851 insidiari
588 1821 754 1851 Milonem.
800 1821 867 1851 Re-

111 1863 280 1903 sponderat
291 1863 473 1904 Pompeius,
489 1864 639 1894 Licinium
648 1865 815 1905 quemdam
826 1865 867 1894 de

111 1905 216 1946 plebe,
232 1907 445 1942 sacrificulum,
461 1908 513 1947 qui
526 1907 630 1937 solitus
644 1913 725 1937 esset
737 1907 867 1937 familias

110 1957 256 1990 purgare,
284 1950 324 1979 ad
350 1960 383 1979 se
410 1949 567 1985 detulisse,
590 1960 691 1980 servos
715 1951 868 1990 quosdam

111 1990 253 2027 Milonis,
275 1992 413 2033 itemque
438 1992 562 2030 liberos,
586 1998 779 2032 comparatos
802 2003 868 2023 esse

111 2034 152 2064 ad
167 2035 285 2065 caedem
301 2045 403 2065 suam:
429 2036 555 2065 nomina
576 2046 700 2076 quoque
715 2046 868 2066 servorum

113 2077 266 2108 edidisse:
292 2079 331 2108 ad
342 2077 496 2108 Milonem
508 2078 636 2114 misisse,
652 2083 686 2109 ut
702 2089 754 2108 eos
770 2079 802 2108 in
812 2089 870 2119 po-

112 2124 226 2150 testate
252 2120 308 2150 sua
330 2121 476 2152 haberet:
500 2121 519 2151 ἒ,
542 2121 664 2152 Milone
688 2132 869 2161 responsum

113 2172 195 2202 esse,
225 2174 262 2193 ex
291 2163 327 2194 iis
352 2165 448 2195 servis
471 2175 547 2205 quos
572 2164 774 2203 nominasset,
801 2175 871 2206 par-

112 2205 168 2236 tim
191 2207 343 2237 neminem
367 2217 400 2237 se
422 2218 556 2248 unquam
580 2207 734 2243 habuisse,
760 2209 872 2248 partim

113 2250 336 2280 manumisisse.
374 2249 472 2286 Dein,
487 2249 557 2280 crim
570 2250 722 2281 Licinium
739 2252 821 2292 apud
839 2262 871 2282 se

112 2290 251 2328 haberet,
268 2292 397 2323 Lucium
412 2294 578 2334 quemdam
591 2294 631 2324 de
644 2294 736 2335 plebe
750 2295 790 2325 ad
806 2305 871 2325 cor-

112 2336 320 2374 rumpendum
346 2336 485 2367 indicem
507 2337 651 2367 venisse:
682 2336 745 2378 quiz
764 2347 797 2367 re
821 2348 874 2368 co—

112 2377 213 2417 gnita,
234 2378 266 2408 in
281 2378 405 2409 vincula
420 2390 490 2409 eum
506 2378 633 2420 publica
648 2378 667 2409 ὁ,
689 2390 722 2410 se
745 2379 871 2420 conjec-

108 2423 199 2450 tum:
223 2421 403 2453 decreverat
424 2422 507 2452 enim
531 2427 665 2459 senatus,
689 2430 723 2453 ut
737 2433 806 2453 cum
822 2424 870 2453 in-

110 2467 233 2504 terrege
257 2469 289 2494 et
310 2465 442 2495 'tribunis
465 2465 565 2506 plebis
589 2465 758 2506 Pompeius
782 2466 870 2496 daret

111 2515 253 2546 operam,
274 2507 390 2547 nequid
414 2507 511 2548 Resp.
534 2508 711 2538 detrimenti
734 2514 870 2549 caperet.

108 2547 166 2579 'Ob
180 2549 235 2580 has
249 2550 438 2591 suspiciones
463 2550 631 2591 Pompeius
652 2552 684 2581 in
707 2551 870 2592 superiori-

107 2590 170 2622 'bus
191 2593 287 2623 hortis
309 2603 342 2623 se
365 2593 576 2632 continuerat;
601 2593 714 2624 deinde
730 2605 766 2624 ex
789 2594 866 2625 S.C.

112 2633 238 2666 delectu
247 2645 303 2678 per
312 2635 435 2666 Italiam
444 2636 561 2673 habito,
571 2635 642 2667 curn
652 2637 804 2675 rediisset,
814 2648 869 2667 ve-

106 2677 249 2709 ·nientem
264 2679 304 2710 ad
318 2690 351 2711 se
362 2679 527 2715 Milonem,
539 2690 632 2710 unum
646 2680 793 2716 omnium,
806 2691 869 2711 non

113 2721 290 2759 admiserat.
342 2722 436 2763 Item,
456 2721 529 2758 etun
550 2726 674 2757 senatus
697 2724 729 2758 in
749 2724 871 2766 porticu

803 138 951 183 N'orAE.

908 226 1050 268 Pompeii
1065 227 1241 265 haberetur,
1265 232 1298 258 ut
1313 225 1480 270 Pompeius
1495 230 1600 267 posset
1616 225 1665 257 in-

909 278 1035 310 teresse,
1054 281 1147 301 unum
1163 276 1228 301 tum
1244 271 1347 302 excuti
1360 270 1444 312 prius
1460 269 1551 311 quam
1567 268 1600 298 in
1615 279 1662 299 se-

909 319 1015 345 natum
1030 314 1168 353 intraret,
1188 314 1332 355 jusserat.
1378 312 1437 344 Hae
1453 317 1523 343 sunt
1538 311 1666 353 suspici-

906 368 993 394 ones,
1033 367 1109 399 quas
1137 358 1214 389 dicit
1242 369 1275 388 se
1306 357 1416 389 Cicero
1440 355 1667 401 pertimescere.

909 402 1010 433 Ascon.

953 444 1002 474 Ib.
1035 443 1079 473 Εά
1100 454 1173 480 voce,
1195 450 1230 474 ut
1252 454 1295 473 me
1317 444 1448 485 audire]
1489 442 1567 472 Tam
1582 439 1665 472 clara

906 492 938 518 et
953 486 1046 524 elata,
1069 492 1103 517 ut
1118 498 1166 517 rue
1181 486 1197 516 ἐ
1212 486 1333 517 Rostris
1348 487 1505 517 dicentem
1519 483 1667 515 exaudire

907 530 1006 572 possis
1030 530 1155 566 sedens,
1178 539 1216 559 ex
1239 531 1308 571 ipso
1322 529 1475 560 vestibulo
1498 527 1608 564 aerarii,
1632 532 1666 556 ut

907 578 995 604 notat
1028 573 1183 604 Asconius
1218 573 1251 603 in
1288 572 1494 614 Argumento.
1534 569 1668 601 Abraha-

908 626 981 647 mus.

951 659 1001 690 Ib.
1027 660 1235 700 Conquisito‘res
1256 659 1330 700 tui]
1391 656 1494 699 Vulgo
1524 656 1667 687 commis-

909 704 991 739 sarii,
1007 704 1062 744 qui
1077 703 1199 734 alterius
1215 702 1339 733 nomine
1355 701 1466 732 milites
1482 700 1668 741 conquirunt

909 747 1158 778 conscribendos.
1203 746 1311 776 Abrah.

952 792 1028 821 341.
1051 789 1102 819 Vir
1119 789 1206 830 Uera]
1252 788 1334 819 Vere
1350 787 1436 819 fortis
1448 791 1480 818 et
1490 796 1669 828 generosus.

909 833 1020 863 Abrah.

953 878 1026 906 347.
1061 875 1115 906 Sed
1139 877 1226 906 etiam
1249 875 1340 905 tribus
1368 875 1427 904 suis
1459 873 1669 914 patrimoniis]

910 918 992 949 Milo
1007 930 1043 949 ex
1059 919 1177 948 familia
1190 919 1247 948 fuit
1264 917 1375 958 Papi-21,
1398 917 1513 947 deinde
1537 917 1670 956 adopta-

912 967 960 991 tus
983 962 1041 991 fuit
1060 961 1079 990 a
1105 961 1143 991 C.
1162 961 1266 990 Annio
1284 970 1340 990 avo
1357 971 1410 990 suo
1427 965 1583 997 materno;
1607 964 1669 989 ter-

913 1004 988 1033 tium
1000 1004 1216 1044 patrimonium
1228 1003 1350 1033 videtur
1364 1001 1536 1043 significare
1549 1002 1668 1041 matris;

911 1047 994 1077 aliud
1011 1046 1092 1077 enim
1109 1047 1193 1088 quod
1206 1045 1309 1082 fuerit,
1331 1056 1395 1075 non
1409 1044 1546 1076 invenio.

956 1089 1088 1119 Peracta
1111 1089 1264 1130 utrimque
1288 1088 1392 1125 causa,
1415 1087 1528 1128 singuli
1557 1087 1671 1129 quinos

913 1138 1072 1164 accusator
1087 1138 1118 1163 et
1133 1143 1200 1163 reus
1216 1138 1384 1168 senatores,
1400 1131 1531 1162 totidem
1549 1131 1669 1172 equites

913 1181 945 1206 et
967 1176 1106 1206 tribunos
1122 1175 1241 1206 aerarios
1266 1174 1451 1215 rejecerunt,
1474 1174 1518 1204 ita
1540 1179 1576 1204 ut
1590 1185 1669 1204 unus

912 1225 944 1249 et
966 1219 1192 1260 quinquaginta
1208 1219 1376 1249 sententias
1392 1217 1529 1248 tulerint.
1573 1217 1672 1247 Sena-

912 1267 993 1292 tores
1007 1263 1289 1292 condemnaverunt
1304 1260 1381 1291 XII.
1397 1260 1593 1291 absolverunt
1609 1259 1670 1291 VI.

910 1305 1032 1345 equites
1055 1306 1342 1335 condemnaverunt
1356 1303 1453 1336 XIII.
1477 1303 1673 1334 absolverunt

911 1349 973 1379 IV.
1003 1348 1115 1378 tribuni
1139 1347 1237 1378 ⁷aerarii
1259 1348 1544 1378 condemnaverunt
1572 1345 1671 1376 XIII.

913 1391 1110 1422 absolverunt
1126 1391 1192 1422 III.
1238 1390 1325 1430 [Haec
1350 1389 1519 1421 Pedianus:
1547 1390 1671 1420 dubium

913 1441 1010 1465 tamen
1038 1445 1092 1465 esse
1119 1445 1176 1464 non
1202 1439 1302 1474 potest,
1325 1435 1395 1473 quin
1422 1444 1502 1463 error
1530 1433 1563 1462 in
1588 1438 1671 1463 notas

912 1489 1097 1508 numerorum
1139 1478 1310 1516 ’ἱννερεετὴτς
1355 1478 1380 1507 si
1411 1478 1488 1507 enim
1527 1486 1606 1506 unus
1644 1482 1672 1506 et

911 1522 1126 1561 quinquaginta
1156 1519 1290 1561 fuerint,
1341 1525 1448 1559 oportet
1490 1517 1506 1548 ἒ
1547 1519 1674 1560 singulis

913 1564 1058 1594 ordinibus
1100 1569 1202 1603 septem
1245 1569 1271 1593 et
1310 1563 1403 1593 decem
1421 1561 1519 1604 fuisse
1531 1573 1542 1599 ;
1581 1560 1673 1602 quart?

903 1606 1033 1649 fortusse
1047 1609 1086 1637 sic
1109 1608 1260 1648 legendum
1273 1605 1386 1648 fuerit,
1411 1605 1573 1636 Senatores
1596 1616 1672 1636 con·

913 1651 1139 1681 demnaverunt
1161 1650 1220 1682 XI.
1243 1649 1440 1680 absolverunt
1454 1648 1514 1680 VI.
1537 1653 1598 1679 etc.
1621 1648 1674 1678 tri-

914 1693 989 1724 buni
1003 1693 1101 1724 aerarii
1112 1693 1396 1724 condemnaverunt
1410 1691 1508 1722 XIII.
1533 1691 1675 1722 absolve—-

911 1741 981 1767 runt
1009 1736 1070 1768 IV.
1129 1736 1182 1766 Sed
1216 1737 1277 1776 quis
1313 1737 1399 1776 possit
1425 1735 1482 1766 haec
1517 1734 1672 1764 divinare?

911 1779 1118 1810 Abrahamus.
1164 1779 1267 1820 Pergit
1289 1778 1454 1819 Asconius]
1508 1778 1674 1808 Videban-

912 1827 960 1852 tur
988 1833 1050 1852 non
1073 1821 1230 1862 ignorasse
1254 1821 1390 1861 judices,
1427 1821 1525 1851 inscio
1548 1820 1673 1851 Milone

910 1865 1103 1895 vulneratum
1134 1874 1202 1894 esse
1230 1864 1400 1903 Clodium;
1434 1864 1489 1894 sed
1512 1874 1674 1904 compere-

911 1914 991 1943 rant,
1013 1908 1179 1948 postquam
1194 1907 1369 1938 vulneratus
1392 1911 1484 1945 esset,
1501 1905 1590 1948 jussu
1606 1907 1673 1937 Mi,

912 1950 991 1980 lonis
1008 1951 1155 1981 occisum.

956 1993 1105 2031 Fuerunt,
1125 1993 1177 2034 qui
1197 1994 1369 2029 crederent,
1393 1993 1442 2024 M.
1458 1992 1587 2024 Catonis
1602 2004 1672 2024 sen-

913 2036 1010 2066 tentia
1033 2047 1102 2067 eum
1127 2047 1195 2067 esse
1219 2036 1410 2067 absolutum:
1438 2046 1509 2066 nam
1536 2041 1568 2066 et
1589 2036 1669 2067 bene

913 2089 984 2109 cum
1008 2079 1168 2121 republica
1189 2084 1291 2110 actum
1315 2090 1381 2110 esse
1401 2084 1497 2110 morte
1512 2078 1550 2109 P.
1567 2079 1672 2110 Clodii

914 2133 976 2152 non
992 2123 1248 2159 dissimulaverat,
1266 2126 1298 2153 et
1309 2122 1455 2153 studebat
1469 2123 1502 2153 in
1518 2122 1671 2163 petitione

914 2164 1091 2196 consulatus
1106 2166 1232 2202 Miloni,
1256 2170 1288 2196 et
1307 2176 1360 2196 reo
1376 2166 1516 2197 affuerat.
1560 2165 1673 2196 Nomi-

915 2215 1043 2239 naverat
1057 2219 1180 2250 quoque
1197 2219 1268 2239 eum
1290 2208 1400 2240 Cicero
1420 2213 1616 2249 praesentem,
1642 2214 1675 2240 et

915 2256 1044 2282 testatus
1071 2257 1147 2288 erat,
1167 2251 1302 2282 audiisse
1325 2263 1394 2283 eum
1422 2251 1441 2282 ὲ
1469 2252 1519 2284 M.
1532 2251 1670 2283 Favonio

915 2300 986 2326 ante
1008 2295 1092 2326 diem
1115 2296 1238 2325 tertium
1264 2295 1356 2336 quzim
1380 2295 1481 2326 caedes
1495 2296 1579 2326 facta
1593 2301 1670 2332 erat,

915 2337 1061 2368 Clodium
1086 2337 1198 2369 dixisse
1223 2339 1391 2378 periturum
1415 2349 1483 2369 esse
1504 2349 1542 2369 eo
1564 2337 1670 2368 ‘triduo

912 2381 1076 2412 Milonem.
1123 2380 1185 2411 Sed
1202 2381 1333 2411 Milonis
1353 2391 1478 2422 quoque
1491 2386 1595 2412 notam
1615 2391 1671 2410 au-

913 2424 1033 2455 daciam
1063 2424 1220 2455 vindicare
1247 2424 1285 2455 P.
1309 2423 1352 2454 R.
1375 2424 1451 2455 utile
1475 2424 1573 2455 visum
1600 2428 1670 2454 est:

912 2467 997 2497 unde
1020 2467 1091 2497 sciri
1113 2477 1272 2508 nunquam
1295 2467 1410 2507 potuit,
1432 2471 1530 2497 utram
1545 2471 1670 2497 senten-

913 2510 987 2540 tiam
1016 2509 1146 2540 tulisset.
1205 2509 1396 2540 Damnatum
1432 2514 1535 2540 autem
1572 2508 1670 2551 opera
1705 2518 1706 2521 ’

913 2553 1045 2583 maxima
1059 2553 1158 2593 Appii
1174 2552 1311 2592 Claudii,
1334 2551 1562 2593 pronuntiatum
1578 2558 1635 2583 est.

955 2595 1038 2625 Milo
1066 2601 1190 2635 postero
1220 2596 1284 2632 die,
1314 2595 1413 2626 factus
1442 2606 1512 2626 reus
1535 2595 1667 2626 ambitus

912 2639 996 2679 apud
1012 2638 1166 2668 Manlium
1180 2639 1382 2679 Torquatum,
1405 2637 1515 2668 absens
1538 2639 1666 2669 damna-

913 2686 962 2712 tus
977 2687 1041 2712 est:
1064 2680 1118 2711 illa
1132 2692 1256 2723 quoque
1272 2681 1343 2721 lege
1355 2687 1514 2712 accusator
1527 2681 1585 2712 fuit
1599 2680 1666 2722 ejus

913 2724 1037 2768 Appius
1053 2724 1219 2768 Claudiu55
1245 2729 1277 2758 et
1290 2723 1361 2759 crim
1376 2724 1407 2758 ei
1421 2725 1582 2768 praemiurn
1595 2724 1666 2767 lege
