1858 3095
631 154 721 186 mo
750 150 940 189 Ancum,
969 151 1128 184 vomui.
1649 152 1728 196 195

85 222 254 276 bantur,
271 225 402 282 quam
417 238 531 267 nunc
546 223 700 266 iisdem
723 224 765 265 in
784 222 976 280 oppidis;
1017 230 1059 264 et
1079 224 1148 265 hic
1163 221 1330 274 Romae,
1346 229 1517 279 propter
1533 229 1644 266 tran-

83 280 338 335 quillitatem
359 281 540 336 Reipub.
554 295 639 322 non
657 281 999 337 negligebantur.
1048 281 1198 337 Itaque
1216 282 1329 322 hunc
1347 287 1390 321 et
1409 280 1642 330 Tarentini,

82 342 126 377 et
146 336 348 395 Meg-ini,
369 345 410 380 et
431 337 721 394 Neapolitani,
740 336 912 377 civitate
934 338 1181 393 caeterisque
1200 336 1385 394 praemiis
1403 336 1639 382 domimum

83 399 127 434 et
157 408 319 446 omnes,
341 394 412 450 qui
445 394 606 450 aliquid
640 395 692 435 (le
726 393 910 448 ingeniis
944 401 1140 449 poterant
1160 395 1368 450 judicare,
1392 393 1638 448 cognitione
1664 391 1712 431 15

81 456 210 506 atque
232 451 419 507 hospitio
439 451 617 506 dignum
641 450 954 491 existimarunt.
987 450 1084 491 Hac
1105 451 1223 491 tanta
1247 450 1494 491 celebritate
1516 450 1639 491 famae

84 505 181 547 cum
202 514 315 549 esset
329 508 419 562 jam
441 508 689 548 absentibus
721 515 862 557 notuS,
884 506 1066 547 Romam
1089 507 1218 557 venit,
1241 506 1381 547 Mario
1402 507 1575 547 consule
1597 514 1641 547 et

82 561 252 605 Catulo.
306 564 471 605 Nactus
485 573 550 605 est
566 564 747 620 primum
766 564 966 603 consules
981 578 1067 612 eos=
1084 577 1262 618 quorum
1276 563 1379 603 alter
1392 577 1457 603 res
1471 563 1524 602 ad
1539 562 1639 603 scri-

79 617 264 660 bendum
284 621 506 667 maximas,
530 621 636 661 alter
656 620 751 661 cum
772 634 838 659 res
860 626 1018 674 gestas,
1040 626 1131 659 tum
1151 620 1279 659 etiam
1300 618 1490 659 studium
1511 626 1638 675 atque

80 688 202 715 aures
223 676 425 718 adhibere
445 684 613 733 posset;
646 675 876 730 statimque
899 673 1078 725 Luculli,
1096 674 1190 715 cum
1214 681 1489 730 praetextatus
1511 675 1638 716 etiam

79 737 169 771 tum
190 733 372 774 Archias
393 741 521 784 esset,
539 748 636 774 eum
657 733 833 773 domum
853 745 973 771 suam
995 738 1258 786 receperunt.
1318 732 1403 772 Sed
1421 731 1531 771 enim
1554 732 1639 773 hoc

78 800 165 827 non
186 788 325 830 solum
344 789 504 846 ingenii
527 804 578 830 ac
600 789 827 838 literarum,
840 786 985 828 versun
1005 787 1132 828 etiam
1149 794 1308 829 naturae
1325 795 1454 843 atque
1472 788 1637 829 virtutis

76 841 172 895 fuit,
194 851 241 886 ut
270 845 438 897 domus,
460 861 556 903 quae
587 845 714 900 hujus
746 843 1048 886 adolescenti-212
1079 844 1211 900 prima
1231 845 1371 895 suerit,
1391 844 1542 885 eadem
1572 859 1638 886 es-

78 906 145 941 set
165 899 495 945 familiarissima
525 901 749 944 senectuti.

1657 675 1711 714 *ΖΟ

133 1329 188 1358 12.
200 1326 308 1364 Romae,
317 1333 435 1369 propter·
445 1328 716 1370 tranquillitatem]
741 1326 837 1359 Primi

88 1367 228 1400 Romani
255 1370 360 1402 literas
389 1372 604 1413 neglexerunt,
634 1373 688 1403 sed
726 1371 836 1412 poetas

88 1413 260 1454 praecipue,
281 1414 336 1445 uni
360 1416 419 1445 arti
446 1415 570 1445 militari
594 1414 704 1445 dediti.
740 1414 836 1445 Unde

91 1454 184 1494 Cato,
200 1455 232 1486 in
255 1458 406 1494 oratione,
422 1457 472 1488 M.
495 1457 651 1489 Nobiliori
676 1463 836 1498 tamquam

88 1500 235 1539 probrum
247 1499 375 1540 objecit,
385 1500 469 1541 quod
482 1501 513 1531 in
522 1501 712 1542 provinciam
727 1500 836 1541 poie'tas

90 1541 240 1573 duxisset.
282 1542 339 1579 At,
362 1542 432 1574 cum
461 1543 652 1585 tranquillior
677 1543 760 1573 iacta
790 1548 838 1573 est

89 1583 235 1626 Respub.
248 1585 446 1617 contulerunt
457 1597 489 1617 se
497 1586 634 1617 Romani
648 1587 687 1616 ad
698 1585 774 1616 disci
778 1585 837 1626 pli-

89 1637 146 1657 nas
158 1627 355 1663 excolendas,
367 1639 444 1670 quas
457 1629 476 1659 a
489 1629 606 1660 Graecis
620 1634 816 1669 acceperunt.

137 1672 191 1702 13.
213 1670 377 1710 Tarentini,
401 1671 468 1714 85⁴2]
533 1672 692 1702 Tarentini.
727 1671 837 1711 populi

92 1718 164 1743 sunt
177 1713 209 1744 in
225 1713 342 1754 majore
357 1714 490 1750 Graecia,
505 1715 536 1745 id
550 1724 607 1752 est,
624 1715 654 1744 in
672 1714 835 1745 Calabria:

92 1755 280 1796 Neapolitani
300 1757 335 1788 in
350 1757 535 1799 Campania,
552 1758 591 1788 ad
616 1768 699 1788 oram
722 1757 838 1787 mariti-

91 1809 173 1830 mam
189 1800 326 1831 Siciliam
341 1800 457 1836 versus,
472 1801 525 1830 ubi
541 1800 598 1831 sita
615 1800 767 1841 Neapolis
777 1805 835 1831 est.

137 1844 188 1872 14.
213 1842 337 1874 CIuitate
345 1843 518 1882 donarunt]
545 1843 668 1882 Exjure
680 1843 835 1878 Romano,

91 1895 183 1915 nemo
199 1886 327 1917 duarum
343 1886 501 1917 civitatum
517 1886 594 1916 civis
609 1897 676 1917 esse
692 1892 832 1926 poteratg

91 1927 131 1957 de
145 1938 208 1969 quo
223 1929 298 1961 vide
314 1929 401 1960 Orat.
419 1940 474 1970 pro
490 1928 628 1960 Caecina.
688 1929 740 1964 At,
756 1929 836 1960 inter

91 1969 166 2000 alias
178 1971 329 2010 civitates,
341 1973 473 2013 quisque
486 1971 747 2012 diversarumjure
759 1983 835 2012 gau-

92 2013 167 2043 dere
190 2019 322 2054 poterat.
367 2015 526 2044 Tarentini
541 2013 624 2050 vero,
639 2014 789 2055 Rhegini,
804 2020 837 2045 et

93 2055 308 2095 Neapolitani,
322 2062 410 2087 erant
423 2057 550 2087 civitate
567 2057 685 2087 donati.

137 2100 188 2129 16.
215 2098 371 2140 Hospitio]
414 2099 488 2129 RIos
501 2098 674 2129 invaluerat
687 2099 746 2129 illis
759 2103 836 2129 tem-

90 2141 229 2181 poribus,
244 2147 279 2172 ut
294 2142 414 2173 urbium
429 2142 617 2172 diversarum
633 2140 776 2181 civesjus
792 2141 838 2172 in-

92 2189 139 2214 ter
154 2195 186 2215 se
203 2184 313 2225 privati
334 2184 461 2224 hospitii
482 2184 710 2216 contraherent.
753 2184 837 2215 Hos-

92 2226 161 2267 pitii
177 2233 280 2258 autem
295 2228 494 2258 necessitudo
510 2233 573 2257 tum
597 2227 676 2257 inter
690 2226 837 2267 privatos,

92 2274 156 2300 tum
170 2270 249 2300 inter
261 2270 405 2311 populos,
417 2270 668 2301 contrahebatur:
688 2280 791 2310 neque
804 2270 836 2300 id

92 2312 219 2353 quidem
235 2313 342 2351 modo,
354 2313 409 2344 sed
424 2313 516 2344 etiarn
532 2313 612 2342 inter
626 2312 761 2353 singulos
775 2312 837 2353 pri-

91 2360 243 2396 vatosque
259 2356 412 2392 homines,
422 2361 455 2387 et
466 2356 617 2386 civitates.
651 2355 743 2392 Quod
758 2355 837 2386 inter

91 2398 225 2440 populos
240 2398 341 2429 Latini
357 2399 527 2440 hospitium
548 2397 718 2439 publicum,
735 2397 838 2429 Graeci

92 2443 242 2485 προξενίωι,
265 2442 349 2482 quod
376 2441 457 2472 inter
483 2441 620 2482 privatos
644 2446 676 2471 et
700 2440 838 2481 singulos

93 2483 258 2524 privatum,
274 2483 374 2515 Graeci
400 2485 535 2526 ἰδιοξενίαν
553 2488 756 2520 vocaverunt;
781 2484 837 2514 hu-

89 2528 141 2565 jus
156 2532 222 2557 erat
235 2532 309 2557 nota
332 2527 510 2568 pignusque·
526 2531 640 2557 tessera
654 2526 830 2568 hospitalis;

93 2568 177 2599 unde
193 2570 276 2611 apud
291 2569 436 2600 Plautum
448 2571 481 2600 in
495 2569 619 2601 Poenul.
663 2568 761 2600 Deum
773 2569 836 2600 hos-

91 2611 209 2650 pitalem
221 2618 249 2642 et
264 2617 393 2643 tesseram
404 2612 599 2654 mecumfero.

138 2655 190 2686 17.
214 2653 312 2686 Mario
320 2657 434 2687 consule
445 2662 473 2686 et
489 2653 618 2693 Catum]
666 2654 760 2685 Anno
778 2654 836 2686 Ur-

93 2696 140 2726 bis
156 2696 290 2728 conditae
304 2699 381 2732 651.
416 2699 537 2730 Marius
553 2703 585 2730 et
599 2697 729 2730 Catulus
747 2698 837 2730 Coss.

94 2739 229 2770 fuerunt.

140 2784 191 2813 18.
217 2782 347 2818 Quorum
383 2784 485 2826 alten]
543 2783 663 2815 Marius
698 2788 840 2826 quartum

809 900 913 942 Erat
941 901 1205 957 temporibus
1236 901 1316 943 illis
1341 901 1559 958 jucundus
1581 901 1636 950 Q,

886 1327 953 1369 jam
966 1328 1160 1359 consulatum
1176 1328 1300 1368 agebat,
1313 1332 1356 1363 et,
1371 1331 1463 1368 capto
1473 1327 1640 1368 Jugurtlia,

891 1371 1019 1402 devictis
1034 1371 1179 1407 Cimbris,
1193 1370 1356 1406 Teutonis,
1369 1375 1400 1400 et
1415 1370 1639 1408 Ambronibus,

891 1415 1046 1445 scribendi
1062 1414 1193 1444 maxima
1208 1419 1388 1454 argumenta
1404 1414 1547 1444 dederat.
1584 1414 1637 1444 De

890 1458 982 1488 rebus
997 1460 1062 1497 ejus
1085 1457 1178 1498 gestis
1194 1457 1266 1487 vide
1288 1456 1502 1495 Plutarchum,
1516 1456 1546 1487 in
1568 1456 1637 1497 ejus

893 1500 970 1532 vita.

935 1544 987 1573 19.
1011 1544 1095 1573 Alter
1118 1543 1184 1573 crim
1208 1553 1252 1573 res
1278 1543 1398 1584 gestas]
1444 1542 1496 1573 De
1525 1542 1638 1574 Catulo

893 1586 1055 1626 magnifice
1072 1586 1217 1626 loquitur,
1231 1586 1262 1615 in
1278 1586 1331 1615 lib.
1346 1587 1378 1621 3,
1394 1585 1434 1615 de
1451 1586 1539 1616 Orat.

936 1631 987 1660 20.
1013 1628 1158 1668 Luculli]
1204 1628 1317 1658 Lucius
1334 1634 1366 1658 et
1380 1629 1507 1660 Marcus
1522 1628 1639 1659 Lucul-

893 1670 940 1701 lus
953 1672 1061 1702 fraires
1076 1671 1174 1702 suere.
1207 1671 1320 1702 Lucius
1335 1677 1438 1701 autem
1456 1672 1496 1701 de
1513 1671 1637 1702 Mithri-

892 1714 966 1744 date
976 1714 1157 1755 etTigrane‚
1166 1713 1292 1744 'Marcus
1300 1713 1372 1743 vero
1384 1715 1422 1743 de
1431 1714 1636 1750 Macedonia,

891 1757 1102 1798 triumphavit.
1146 1756 1198 1787 De
1214 1756 1311 1787 Lucio
1326 1756 1431 1787 scribit
1441 1757 1638 1794 Plutarchus,

890 1800 1038 1840 plurimos
1051 1800 1337 1840 pulcherrimosque
1345 1799 1484 1840 coegisse
1494 1799 1637 1835 libr0s‚et

890 1844 1028 1873 studioso
1038 1844 1150 1884 cuique
1159 1843 1376 1873 bibliothecam
1388 1853 1472 1873 suam
1483 1842 1636 1883 perpetuo

890 1887 1066 1926 aperuisse;
1079 1886 1184 1926 ibique
1195 1885 1363 1925 loquendo,
1374 1885 1519 1925 legendo,
1529 1885 1637 1926 ‹lispu-

890 1930 998 1962 tando.
1012 1928 1245 1968 diemjucunde
1257 1928 1381 1958 Graecos
1395 1929 1545 1968 posuisse,
1559 1939 1637 1969 quos

888 1971 1326 2008 fovebat,colebat‚conviviis
1336 1971 1528 2011 excipiebam
1548 1971 1637 2001 deni-

890 2025 950 2052 que
966 2015 1107 2055 proprios
1129 2014 1207 2044 lare-s
1232 2013 1357 2044 liberam
1376 2014 1565 2049 Graecorum,
1580 2013 1635 2055 qui

890 2056 1024 2087 Romam
1037 2057 1214 2091 veniebant,
1228 2056 1327 2086 aulam
1344 2056 1464 2086 fecisse.

934 2099 982 2128 ΙΙ).
1007 2098 1224 2138 Proetextatus.]
1270 2099 1376 2128 Vestis
1389 2098 1448 2127 fuit
1470 2107 1636 2138 puerorum

890 2141 1039 2172 nobilium
1069 2147 1101 2172 et
1128 2141 1331 2180 ingenuorum
1361 2141 1444 2181 apud
1474 2140 1636 2171 Romanos

888 2190 1036 2222 praetexta,
1049 2183 1110 2225 qua
1122 2184 1286 2213 utebantur
1297 2184 1336 2213 ad
1351 2194 1463 2213 annum
1477 2183 1635 2213 decimum

889 2227 1042 2266 quintum.
1089 2226 1247 2257 Credibile
1270 2231 1316 2257 est
1339 2226 1524 2266 provectiori
1543 2230 1636 2256 aetate

888 2269 981 2300 fuisse
1002 2270 1157 2305 Archiam,
1174 2275 1206 2299 at
1227 2269 1289 2299 dici
1311 2269 1329 2298 a
1345 2270 1495 2299 Cicerone,
1515 2274 1636 2308 praster-

889 2317 996 2348 tatum,
1012 2312 1107 2353 quod,
1125 2311 1197 2343 licet
1218 2311 1355 2353 juveniS,
1378 2317 1493 2347 tamen,
1511 2316 1636 2351 propter

889 2354 1048 2395 ingenium
1065 2360 1097 2385 et
1110 2354 1293 2391 doctrinam,
1309 2356 1394 2395 apud
1420 2355 1564 2385 Lucullos
1587 2364 1637 2385 τε·

889 2402 998 2438 ceptus
1013 2402 1072 2436 est,
1089 2402 1121 2427 et
1135 2397 1267 2428 donatus
1281 2397 1418 2430 civitate.

935 2443 990 2473 24.
1010 2440 1251 2471 Familiarissima
1271 2441 1436 2481 senectuti]
1484 2440 1563 2470 Vult
1586 2451 1636 2471 os-

891 2483 1019 2514 tendere
1036 2484 1160 2519 Cicero,
1175 2483 1262 2514 tanta
1283 2484 1378 2514 fuisse
1402 2484 1554 2524 probitate
1574 2483 1636 2514 Ar-

891 2526 990 2556 chiam
1002 2531 1035 2556 ut
1047 2527 1190 2557 eamdem
1202 2527 1437 2568 1audem,quam
1449 2525 1635 2566 sibijuvcnifl

892 2569 1116 2605 vindicaverat,
1138 2569 1179 2599 ad
1206 2575 1374 2600 extremam
1401 2580 1499 2610 usque
1527 2577 1636 2598 senec-

893 2616 990 2641 tutem
1005 2611 1175 2642 retinuerit.

933 2653 983 2686 Ib.
1005 2653 1184 2693 Jucmzdus]
1231 2653 1337 2685 llrIulta
1359 2659 1445 2696 grata
1468 2661 1550 2692 sunt,
1566 2667 1636 2698 quae

890 2707 953 2727 non
967 2697 1189 2738 suntjucunda
1203 2708 1212 2735 ;
1234 2703 1265 2727 at
1280 2697 1354 2728 nihil
1380 2697 1554 2737 jucundum
1568 2709 1636 2731 esse

894 2744 1009 2782 potest,
1024 2741 1108 2783 quod
1124 2751 1186 2772 non
1199 2740 1239 2770 sit
1251 2745 1381 2781 gratum.

1250 2838 1277 2872 Q
