1759 2997
48 133 134 180 502
668 128 730 161 DE
760 126 986 161 AMrcrrm.

51 210 165 258 libet
193 205 403 264 augurali.
464 202 608 259 Serpit
627 201 786 244 deinde
807 218 889 254 res,
920 215 1018 258 quae
1037 198 1267 256 proclivius
1289 198 1343 240 ad
1365 198 1612 255 perniciem,

57 268 159 320 cum
190 264 322 306 semel
354 261 502 318 coepit,
533 260 703 301 labitur.
763 258 949 310 Videtis,
980 257 1025 297 in
1046 257 1313 312 tabellajain
1333 255 1432 298 ante
1455 263 1617 312 quanta

56 321 118 367 sit
137 323 253 363 facta
274 319 408 367 labes,
440 316 575 373 primo
597 315 787 357 Gabinia
807 317 917 371 lege,
950 313 1124 355 biennio
1148 320 1292 354 autem
1312 314 1424 368 pest,
1445 311 1616 353 Cassia.

58 380 216 431 Videre
230 377 322 432 jam
340 375 488 417 videor
518 374 722 429 populum
756 372 782 413 a
812 379 963 414 senatu
995 371 1274 425 disjunctum,
1305 368 1618 410 multitudinis-

59 450 143 491 que
163 432 336 474 arbitrio
357 446 422 473 res
445 430 650 471 maximas
672 429 758 485 agi.
818 429 967 469 Plures
991 427 1104 468 enim
1126 426 1309 476 discent,
1339 425 1617 482 quemadmo-

59 494 162 536 dum
192 491 286 531 haec
316 490 434 538 fiant,
466 486 597 543 quam
632 485 996 542 quemadmodum
1017 483 1084 524 his
1106 483 1340 524 resistatur.
1401 483 1620 530 Quorsum

58 548 177 599 haec?
240 546 353 595 Quia
366 543 457 586 sine
475 543 603 586 sociis
620 556 744 584 nemo
760 542 996 598 quidquam
1013 541 1098 581 tale
1117 546 1309 581 conatur.
1358 538 1621 594 Praecipien-

61 606 165 646 dum
185 610 250 646 est
272 603 401 659 igitur
416 600 555 650 bonis,
586 607 649 651 ut,
677 599 713 640 si
736 598 779 639 in
801 597 1010 654 ejusmodi
1032 596 1241 637 amicitias
1263 595 1401 651 ignari
1422 610 1525 637 casu
1546 595 1622 635 ali-

64 676 151 718 quo
166 659 410 708 inciderint,
431 673 484 699 ne
506 655 828 698 existimentita
845 670 890 696 se
908 654 1122 710 alligatOS‚
1144 659 1191 693 ut
1207 653 1260 693 ab
1277 652 1443 703 amicis,
1464 651 1624 708 magna

60 717 209 774 aliqu-Cr
230 732 273 758 re
295 716 339 756 in
360 713 666 770 rempublicam
689 712 983 769 peccantibus,
1006 724 1092 751 non
1115 709 1352 751 discedant.
1409 707 1622 765 Improbis

60 781 204 828 autem
226 787 355 830 poena
374 771 603 812 statuenda
623 777 715 820 est;
745 783 826 809 nec
845 769 942 809 vero
960 767 1097 808 minor
1110 766 1161 806 iis
1179 765 1252 823 qui
1270 764 1407 807 secuti
1425 771 1547 807 erunt
1564 765 1623 806 al-

62 837 215 878 terum,
236 828 367 884 quam
381 828 432 868 iis
454 827 527 882 qui
541 826 623 881 ipsi
642 825 798 866 fuerint
818 824 1050 880 impietatis
1068 823 1214 864 duces.
1276 822 1385 870 Quis
1408 821 1560 863 clarior
1579 821 1624 863 in

64 886 234 927 Graecia
261 883 548 925 Themistocle
562 883 578 921 ’ἒ
612 881 709 937 quis
737 881 974 935 potentior?
1007 879 1097 935 qui,
1120 879 1231 930 cum,
1262 879 1489 934 imperator
1510 878 1621 919 bello

60 942 256 993 Persico,
267 941 468 982 servitute
479 938 692 979 Graeeiam
707 937 946 986 liberasset,
964 942 1221 991 propterque
1238 935 1441 975 invidiam
1455 935 1498 976 in
1513 935 1624 976 exsi-

62 999 167 1040 lium
178 999 326 1054 pulsus
345 1002 473 1044 esset,
490 993 826 1051 ingrataepatriae
842 993 897 1048 inj
907 992 1038 1032 uriam
1056 1005 1142 1032 non
1159 991 1272 1042 tulit,
1283 1005 1411 1046 quam
1426 991 1532 1032 ferre
1550 992 1624 1033 de-

62 1056 175 1098 buit:
200 1054 304 1096 fecit
319 1054 448 1101 idem,
472 1051 603 1108 quod,
620 1050 772 1107 viginti
789 1050 911 1089 annis
929 1047 1044 1100 ante,
1067 1047 1180 1104 apud
1198 1062 1277 1089 nos
1294 1047 1458 1089 fecerat
1475 1048 1624 1090 Corio-

59 1113 203 1158 lanus.
254 1110 334 1151 His
352 1111 521 1166 adjutor
540 1113 690 1150 contra
705 1105 886 1163 patriam
900 1105 1097 1146 inventus
1112 1111 1178 1145 est
1190 1119 1335 1156 nemo;
1355 1103 1501 1161 itaque
1516 1119 1624 1146 mor-

61 1176 152 1213 tem
168 1167 250 1209 sibi
268 1175 445 1222 uterque
460 1164 683 1207 conscivit.
716 1160 858 1211 Quare
872 1161 970 1203 talis
987 1162 1276 1217 improborum
1291 1161 1518 1203 consensio
1534 1176 1621 1203 non

60 1224 194 1271 ,modo
211 1223 490 1266 excusatione
507 1221 707 1263 amicitiae
726 1219 913 1275 tegenda
932 1233 1019 1260 non
1040 1225 1119 1269 est,
1139 1219 1214 1259 sed
1231 1217 1373 1275 potius
1391 1217 1506 1259 omni
1523 1233 1623 1275 sup-

61 1282 193 1338 plicio
214 1280 496 1330 vindicanda3
527 1286 574 1320 ut
595 1293 648 1318 ne
665 1276 760 1334 quis
783 1275 864 1317 sibi
881 1290 1137 1318 concessum
1156 1281 1292 1331 putet,
1324 1274 1523 1326 amicum,
1551 1276 1619 1317 vel

61 1340 225 1380 bellurn
247 1337 393 1394 patriae
413 1336 680 1385 inferentem,
702 1332 848 1389 sequi:
882 1333 997 1389 quod
1019 1331 1206 1387 quidem,
1237 1338 1284 1373 ut
1304 1346 1369 1373 res
1392 1331 1526 1387 coepit
1545 1332 1621 1385 ire,

59 1395 178 1439 haud
195 1396 286 1436 scio
308 1409 361 1436 an
381 1392 611 1449 aliquando
628 1391 818 1432 futurum
838 1389 906 1430 sit.
937 1389 1050 1430 Mihi
1072 1395 1216 1430 autem
1233 1403 1318 1430 non
1334 1388 1487 1429 minori
1509 1404 1621 1430 curae

62 1459 144 1504 est,
176 1451 314 1508 qualis
334 1449 578 1508 respublica
597 1454 697 1505 post
715 1453 896 1488 mortem
916 1460 1056 1486 meam
1077 1444 1217 1487 futura
1238 1445 1308 1498 sit,
1330 1444 1458 1502 quam
1480 1445 1621 1503 qualis

58 1508 190 1555 hodie
211 1509 281 1550 sit.

123 1565 253 1609 XIII.
284 1564 391 1605 Haec
421 1563 551 1619 igitur
577 1561 714 1618 prima
740 1562 810 1602 lex
838 1559 1038 1602 amicitiae
1065 1559 1297 1611 sanciatur,
1329 1565 1376 1602 ut
1395 1559 1448 1600 ab
1470 1559 1621 1602 amicis

61 1623 247 1672 honesta
266 1628 475 1679 petamus,
495 1619 726 1660 amicorum
745 1618 878 1659 causa
894 1618 1077 1658 honesta
1092 1616 1318 1667 faciamus3
1350 1631 1431 1658 nec
1445 1631 1623 1672 exspec-

64 1685 206 1721 temus
238 1678 427 1734 quidem‚
459 1677 561 1718 dum
582 1689 803 1731 rogemur:
835 1674 1025 1715 studium
1048 1687 1215 1729 semper
1235 1673 1370 1724 adsit3
1402 1673 1623 1716 cunctatio

66 1736 194 1778 absit.
245 1734 484 1776 Consilium
503 1731 602 1774 vero
616 1733 714 1773 dare
734 1732 997 1787 gaudeamus
1013 1729 1146 1772 liber&¹
1163 1747 1172 1771 z
1205 1729 1431 1785 plurimUm
1454 1730 1496 1771 in
1518 1730 1623 1772 ami-

67 1791 172 1834 citia
191 1791 426 1833 amicorum
450 1791 555 1831 bene
588 1788 859 1829 suadentium
884 1788 1025 1828 valeat
1046 1786 1298 1836 auctoritas3
1331 1801 1464 1842 eaque
1485 1794 1529 1828 et
1547 1787 1623 1828 ad-

60 1849 263 1899 hibeatur
293 1849 347 1888 ad
377 1846 649 1894 monendum,
681 1859 768 1885 non
793 1843 922 1885 modo
945 1842 1105 1899 aperte,
1138 1843 1211 1883 sed
1233 1842 1362 1883 etiam
1384 1843 1551 1894 acriter,
1585 1844 1622 1886 si

61 1920 134 1947 „res
165 1904 424 1961 postulabit3
464 1909 508 1944 et
542 1901 746 1942 adhibitae
782 1908 993 1956 pareatur.
1052 1899 1162 1940 Nam
1199 1899 1472 1954 quibusdam,
1512 1916 1622 1956 quos

60 1962 196 2012 ‘audio
217 1961 433 2016 sapientes
452 1958 624 2000 habitos
642 1957 685 1997 in
704 1956 872 1998 Graecia
889 1955 1101 2012 placuisse
1119 1955 1268 2011 opinor
1284 1954 1493 1997 mirabilia
1509 1972 1625 2013 quae-

68 2019 167 2059 dam
203 2018 298 2070 (sed
330 2016 434 2057 nihil
465 2022 545 2066 est,
577 2014 690 2068 quod
721 2013 779 2054 illi
811 2028 898 2053 non
929 2018 1237 2069 persequantur
1269 2012 1502 2067 argutius):
1534 2029 1626 2069 par.

67 2074 146 2116 tim
164 2074 390 2129 fugiendas
412 2087 506 2114 esse
527 2071 679 2111 nimias
707 2069 934 2120 amicitias,
964 2084 1018 2110 ne
1039 2083 1216 2109 necesse
1235 2068 1292 2109 sit
1311 2084 1442 2110 unum
1465 2071 1627 2112 sollici-

67 2138 159 2173 tum
181 2146 274 2173 esse
296 2145 371 2187 pro
399 2128 617 2185 pluribus:
650 2126 755 2168 satis
783 2141 993 2183 superque
1027 2140 1121 2167 esse
1157 2124 1240 2166 sibi
1271 2140 1439 2167 suarum
1471 2127 1625 2184 cuique

67 2203 228 2239 rerum;
259 2186 408 2228 alienis
437 2185 564 2226 nimis
593 2183 805 2239 implicari
830 2184 1059 2224 molestum
1081 2196 1199 2233 esse3
1231 2182 1627 2227 commodissimum

70 2260 180 2295 esse,
215 2243 343 2299 quam
372 2241 615 2284 laxissimas
645 2240 836 2281 habenas
856 2240 1011 2280 habere
1033 2238 1244 2287 amicitia),
1276 2254 1382 2295 quas
1407 2241 1474 2282 vel
1494 2241 1627 2282 addu-

57 2316 161 2352 ‚caS,
183 2301 278 2342 cum
298 2300 419 2351 velis,
443 2300 509 2340 vel
532 2297 748 2338 remittas:
781 2303 910 2351 caput
930 2295 1044 2336 enim
1064 2310 1158 2336 esse
1180 2296 1235 2336 ad
1256 2295 1379 2336 beate
1400 2296 1628 2340 vivendum

60 2358 369 2408 securitatem3
401 2355 488 2411 qua
508 2354 588 2396 frui
615 2368 700 2394 non
727 2353 866 2409 possit
892 2352 1071 2402 animus,
1103 2352 1140 2393 si
1174 2359 1391 2408 tamquam
1423 2351 1628 2409 parturiat

72 2429 182 2455 unus
212 2428 288 2469 pro
320 2413 525 2469 pluribus.
584 2411 706 2452 Alios
737 2416 882 2450 autem
913 2409 1052 2450 dicere
1085 2408 1205 2450 aiunt
1234 2409 1370 2450 multo
1402 2410 1529 2451 etiam
1560 2411 1626 2451 in-

71 2470 310 2520 humanius,
342 2474 488 2525 (quem
507 2469 652 2509 locum
673 2465 855 2507 breviter
876 2465 1100 2521 perstrinxi
1132 2466 1259 2521 paulo
1289 2464 1408 2517 ante)
1439 2466 1624 2522 praesidii

72 2527 393 2583 adjumentique
415 2524 563 2575 causa,
585 2538 671 2563 non
691 2522 1002 2563 benevolentiae
1025 2536 1162 2577 neque
1184 2521 1389 2573 caritatis,
1411 2523 1623 2566 amicitias

57 2599 166 2626 esse
188 2583 472 2639 expetendas3
502 2581 664 2636 itaque,
694 2586 743 2620 ut
769 2578 949 2635 quisque
976 2578 1199 2619 minimum
1221 2577 1431 2619 firmitatis
1452 2580 1622 2631 habeat,

57 2640 378 2695 *minimumque
399 2638 564 2687 virium,
598 2636 654 2677 ita
677 2635 889 2676 amicitias
911 2643 1110 2691 appetere
1141 2633 1352 2677 maxime:
1385 2649 1438 2676 ex
1459 2651 1510 2678 eo
1531 2637 1622 2680 fieri

55 2705 121 2739 .ut
141 2696 399 2738 mulierculae
420 2692 556 2750 magis
578 2692 859 2734 amicitiarum
889 2691 1087 2748 praesidia
1117 2697 1323 2748 quaerant,
1356 2691 1485 2748 quam
1515 2693 1623 2746 viri3

57 2761 111 2804 ¹et
133 2753 305 2811 inopes,
335 2751 467 2810 quam
498 2749 715 2809 opulenti;
745 2756 788 2791 et
817 2748 1073 2801 calamitosi,
1104 2747 1235 2806 quam
1265 2747 1294 2790 ii
1325 2748 1399 2806 qui
1419 2756 1624 2807 putentur
