<?xml version="1.0" encoding="UTF-8"?>
<!DOCTYPE html PUBLIC "-//W3C//DTD XHTML 1.0 Transitional//EN"
    "http://www.w3.org/TR/xhtml1/DTD/xhtml1-transitional.dtd">
<html xmlns="http://www.w3.org/1999/xhtml" xml:lang="en" lang="en">
 <head>
  <title>
</title>
<meta http-equiv="Content-Type" content="text/html;charset=utf-8" />
  <meta name='ocr-system' content='tesseract 3.04.00' />
  <meta name='ocr-capabilities' content='ocr_page ocr_carea ocr_par ocr_line ocrx_word'/>
</head>
<body>
  <div class='ocr_page' id='page_1' title='image "./selectaeoratione00ciceuoft_0130.png"; bbox 0 0 1790 3090; ppageno 0'>
   <div class='ocr_carea' id='block_1_1' title="bbox 61 172 1110 222">
    <p class='ocr_par' dir='ltr' id='par_1_1' title="bbox 61 172 1110 222">
     <span class='ocr_line' id='line_1_1' title="bbox 61 172 1110 222; baseline -0.001 -15"><span class='ocrx_word' id='word_1_1' title='bbox 61 179 118 222; x_wconf 86' lang='lat'>90</span> <span class='ocrx_word' id='word_1_2' title='bbox 721 175 770 208; x_wconf 76' lang='grc'>111</span> <span class='ocrx_word' id='word_1_3' title='bbox 798 172 1056 209; x_wconf 75' lang='lat' dir='ltr'>cATlLINAM</span> <span class='ocrx_word' id='word_1_4' title='bbox 1080 176 1110 206; x_wconf 92' lang='lat'>1.</span> 
     </span>
    </p>
   </div>
   <div class='ocr_carea' id='block_1_2' title="bbox 68 250 1718 1950">
    <p class='ocr_par' dir='ltr' id='par_1_2' title="bbox 68 250 1718 1950">
     <span class='ocr_line' id='line_1_2' title="bbox 138 250 1705 312; baseline -0.003 -15"><span class='ocrx_word' id='word_1_5' title='bbox 138 260 241 312; x_wconf 86' lang='lat' dir='ltr'>post</span> <span class='ocrx_word' id='word_1_6' title='bbox 271 253 491 296; x_wconf 90' lang='lat' dir='ltr'>hominum</span> <span class='ocrx_word' id='word_1_7' title='bbox 511 251 758 294; x_wconf 83' lang='lat' dir='ltr'>memoriam</span> <span class='ocrx_word' id='word_1_8' title='bbox 790 252 974 309; x_wconf 80' lang='lat' dir='ltr'>contigit</span> <span class='ocrx_word' id='word_1_9' title='bbox 1008 250 1183 301; x_wconf 88' lang='lat' dir='ltr'>nemini,</span> <span class='ocrx_word' id='word_1_10' title='bbox 1214 250 1334 292; x_wconf 87' lang='lat' dir='ltr'>vocis</span> <span class='ocrx_word' id='word_1_11' title='bbox 1356 257 1581 307; x_wconf 78' lang='lat' dir='ltr'>exspectas</span> <span class='ocrx_word' id='word_1_12' title='bbox 1603 266 1705 293; x_wconf 90' lang='lat' dir='ltr'>con-</span> 
     </span>
     <span class='ocr_line' id='line_1_3' title="bbox 140 308 1701 366; baseline -0.004 -12"><span class='ocrx_word' id='word_1_13' title='bbox 140 312 378 362; x_wconf 80' lang='lat' dir='ltr'>tumeliam,</span> <span class='ocrx_word' id='word_1_14' title='bbox 409 310 505 352; x_wconf 78' lang='lat' dir='ltr'>cum</span> <span class='ocrx_word' id='word_1_15' title='bbox 536 310 595 350; x_wconf 90' lang='lat' dir='ltr'>sis</span> <span class='ocrx_word' id='word_1_16' title='bbox 627 309 877 365; x_wconf 75' lang='lat' dir='ltr'>gravissimo</span> <span class='ocrx_word' id='word_1_17' title='bbox 902 308 1072 366; x_wconf 88' lang='lat' dir='ltr'>judicio</span> <span class='ocrx_word' id='word_1_18' title='bbox 1103 308 1408 350; x_wconf 78' lang='lat' dir='ltr'>taciturnitatis</span> <span class='ocrx_word' id='word_1_19' title='bbox 1439 308 1701 364; x_wconf 70' lang='lat' dir='ltr'>oppressus?</span> 
     </span>
     <span class='ocr_line' id='line_1_4' title="bbox 68 365 1703 424; baseline -0.004 -13"><span class='ocrx_word' id='word_1_20' title='bbox 68 369 124 411; x_wconf 86' lang='lat'>50</span> <span class='ocrx_word' id='word_1_21' title='bbox 144 369 274 419; x_wconf 86' lang='lat' dir='ltr'><strong>Quid,</strong></span> <span class='ocrx_word' id='word_1_22' title='bbox 306 367 419 424; x_wconf 74' lang='lat' dir='ltr'>quod</span> <span class='ocrx_word' id='word_1_23' title='bbox 449 366 636 407; x_wconf 80' lang='lat' dir='ltr'>adventu</span> <span class='ocrx_word' id='word_1_24' title='bbox 666 373 741 408; x_wconf 93' lang='lat' dir='ltr'>tuo</span> <span class='ocrx_word' id='word_1_25' title='bbox 774 366 857 407; x_wconf 84' lang='lat' dir='ltr'>ista</span> <span class='ocrx_word' id='word_1_26' title='bbox 886 365 1088 407; x_wconf 82' lang='lat' dir='ltr'>subsellia</span> <span class='ocrx_word' id='word_1_27' title='bbox 1113 380 1248 406; x_wconf 84' lang='lat' dir='ltr'>vacua</span> <span class='ocrx_word' id='word_1_28' title='bbox 1276 365 1390 406; x_wconf 81' lang='lat' dir='ltr'>facta</span> <span class='ocrx_word' id='word_1_29' title='bbox 1423 366 1550 406; x_wconf 76' lang='lat' dir='ltr'>sunt?</span> <span class='ocrx_word' id='word_1_30' title='bbox 1581 365 1703 421; x_wconf 90' lang='lat' dir='ltr'>quid,</span> 
     </span>
     <span class='ocr_line' id='line_1_5' title="bbox 143 421 1705 483; baseline -0.004 -15"><span class='ocrx_word' id='word_1_31' title='bbox 143 425 264 483; x_wconf 69' lang='lat' dir='ltr'>quod</span> <span class='ocrx_word' id='word_1_32' title='bbox 286 438 434 466; x_wconf 90' lang='lat' dir='ltr'>omnes</span> <span class='ocrx_word' id='word_1_33' title='bbox 467 423 728 474; x_wconf 85' lang='lat' dir='ltr'>consulares,</span> <span class='ocrx_word' id='word_1_34' title='bbox 761 422 835 478; x_wconf 91' lang='lat' dir='ltr'>qui</span> <span class='ocrx_word' id='word_1_35' title='bbox 864 429 883 446; x_wconf 76' lang='lat'>¹¹</span> <span class='ocrx_word' id='word_1_36' title='bbox 897 423 976 463; x_wconf 88' lang='lat' dir='ltr'>tibi</span> <span class='ocrx_word' id='word_1_37' title='bbox 998 421 1189 478; x_wconf 67' lang='lat' dir='ltr'>persaepe</span> <span class='ocrx_word' id='word_1_38' title='bbox 1222 422 1276 463; x_wconf 81' lang='lat' dir='ltr'>ad</span> <span class='ocrx_word' id='word_1_39' title='bbox 1294 422 1457 463; x_wconf 77' lang='lat' dir='ltr'>caedem</span> <span class='ocrx_word' id='word_1_40' title='bbox 1478 422 1705 463; x_wconf 85' lang='lat' dir='ltr'>constituti</span> 
     </span>
     <span class='ocr_line' id='line_1_6' title="bbox 143 478 1708 535; baseline -0.003 -11"><span class='ocrx_word' id='word_1_41' title='bbox 143 485 330 532; x_wconf 85' lang='lat' dir='ltr'>fuerunt,</span> <span class='ocrx_word' id='word_1_42' title='bbox 352 480 627 535; x_wconf 85' lang='lat' dir='ltr'>simul-atque</span> <span class='ocrx_word' id='word_1_43' title='bbox 648 479 865 528; x_wconf 81' lang='lat' dir='ltr'>assedisti‚</span> <span class='ocrx_word' id='word_1_44' title='bbox 896 485 1059 534; x_wconf 85' lang='lat' dir='ltr'>partem</span> <span class='ocrx_word' id='word_1_45' title='bbox 1080 478 1205 518; x_wconf 84' lang='lat' dir='ltr'>istam</span> <span class='ocrx_word' id='word_1_46' title='bbox 1227 479 1526 520; x_wconf 86' lang='lat' dir='ltr'>subselliorum</span> <span class='ocrx_word' id='word_1_47' title='bbox 1546 478 1708 519; x_wconf 87' lang='lat' dir='ltr'>nudam</span> 
     </span>
     <span class='ocr_line' id='line_1_7' title="bbox 144 533 1712 595; baseline -0.003 -15"><span class='ocrx_word' id='word_1_48' title='bbox 144 547 275 595; x_wconf 85' lang='lat' dir='ltr'>atque</span> <span class='ocrx_word' id='word_1_49' title='bbox 291 538 462 578; x_wconf 85' lang='lat' dir='ltr'>inanem</span> <span class='ocrx_word' id='word_1_50' title='bbox 487 535 775 591; x_wconf 73' lang='lat' dir='ltr'>reliquerunt?</span> <span class='ocrx_word' id='word_1_51' title='bbox 835 535 931 582; x_wconf 81' lang='lat' dir='ltr'>Quo</span> <span class='ocrx_word' id='word_1_52' title='bbox 966 535 1141 575; x_wconf 85' lang='lat' dir='ltr'>tandem</span> <span class='ocrx_word' id='word_1_53' title='bbox 1168 533 1310 576; x_wconf 89' lang='lat' dir='ltr'>animo</span> <span class='ocrx_word' id='word_1_54' title='bbox 1342 535 1426 577; x_wconf 88' lang='lat' dir='ltr'>hoc</span> <span class='ocrx_word' id='word_1_55' title='bbox 1456 535 1536 576; x_wconf 89' lang='lat' dir='ltr'>tibi</span> <span class='ocrx_word' id='word_1_56' title='bbox 1571 535 1712 576; x_wconf 87' lang='lat' dir='ltr'>feren-</span> 
     </span>
     <span class='ocr_line' id='line_1_8' title="bbox 147 590 1709 651; baseline -0.004 -14"><span class='ocrx_word' id='word_1_57' title='bbox 147 597 247 637; x_wconf 89' lang='lat' dir='ltr'>dum</span> <span class='ocrx_word' id='word_1_58' title='bbox 270 601 395 651; x_wconf 84' lang='lat' dir='ltr'>putas</span> <span class='ocrx_word' id='word_1_59' title='bbox 408 594 423 634; x_wconf 72' lang='lat'>&#39;3</span> <span class='ocrx_word' id='word_1_60' title='bbox 475 593 595 634; x_wconf 78' lang='lat' dir='ltr'>Servi</span> <span class='ocrx_word' id='word_1_61' title='bbox 617 592 895 645; x_wconf 75' lang='lat' dir='ltr'>(mehercule)</span> <span class='ocrx_word' id='word_1_62' title='bbox 934 590 1017 631; x_wconf 89' lang='lat' dir='ltr'>mei</span> <span class='ocrx_word' id='word_1_63' title='bbox 1039 590 1074 631; x_wconf 91' lang='lat' dir='ltr'>si</span> <span class='ocrx_word' id='word_1_64' title='bbox 1106 605 1174 631; x_wconf 91' lang='lat' dir='ltr'>me</span> <span class='ocrx_word' id='word_1_65' title='bbox 1195 590 1280 632; x_wconf 85' lang='lat' dir='ltr'>isto</span> <span class='ocrx_word' id='word_1_66' title='bbox 1308 599 1436 646; x_wconf 88' lang='lat' dir='ltr'>pacto</span> <span class='ocrx_word' id='word_1_67' title='bbox 1455 597 1709 642; x_wconf 87' lang='lat' dir='ltr'>metuerent,</span> 
     </span>
     <span class='ocr_line' id='line_1_9' title="bbox 73 647 1712 703; baseline -0.004 -9"><span class='ocrx_word' id='word_1_68' title='bbox 73 654 130 694; x_wconf 85' lang='lat'>55</span> <span class='ocrx_word' id='word_1_69' title='bbox 148 659 197 694; x_wconf 91' lang='lat' dir='ltr'>ut</span> <span class='ocrx_word' id='word_1_70' title='bbox 216 658 258 693; x_wconf 88' lang='grc'>16</span> <span class='ocrx_word' id='word_1_71' title='bbox 275 656 473 692; x_wconf 88' lang='lat' dir='ltr'>metuunt</span> <span class='ocrx_word' id='word_1_72' title='bbox 488 664 636 690; x_wconf 87' lang='lat' dir='ltr'>omnes</span> <span class='ocrx_word' id='word_1_73' title='bbox 658 648 773 690; x_wconf 88' lang='lat' dir='ltr'>cives</span> <span class='ocrx_word' id='word_1_74' title='bbox 787 647 866 699; x_wconf 89' lang='lat' dir='ltr'>tui,</span> <span class='ocrx_word' id='word_1_75' title='bbox 897 648 1072 688; x_wconf 89' lang='lat' dir='ltr'>domum</span> <span class='ocrx_word' id='word_1_76' title='bbox 1094 661 1233 687; x_wconf 83' lang='lat' dir='ltr'>meam</span> <span class='ocrx_word' id='word_1_77' title='bbox 1248 648 1567 703; x_wconf 82' lang='lat' dir='ltr'>relinquendam</span> <span class='ocrx_word' id='word_1_78' title='bbox 1589 654 1712 703; x_wconf 83' lang='lat' dir='ltr'>puta-</span> 
     </span>
     <span class='ocr_line' id='line_1_10' title="bbox 149 703 1709 760; baseline -0.004 -10"><span class='ocrx_word' id='word_1_79' title='bbox 149 723 262 751; x_wconf 86' lang='lat' dir='ltr'>rem:</span> <span class='ocrx_word' id='word_1_80' title='bbox 294 715 340 748; x_wconf 92' lang='lat' dir='ltr'>tu</span> <span class='ocrx_word' id='word_1_81' title='bbox 372 707 450 748; x_wconf 88' lang='lat' dir='ltr'>tibi</span> <span class='ocrx_word' id='word_1_82' title='bbox 473 707 621 747; x_wconf 87' lang='lat' dir='ltr'>urbem</span> <span class='ocrx_word' id='word_1_83' title='bbox 640 720 727 746; x_wconf 90' lang='lat' dir='ltr'>non</span> <span class='ocrx_word' id='word_1_84' title='bbox 747 704 991 746; x_wconf 79' lang='lat' dir='ltr'>arbitraris?</span> <span class='ocrx_word' id='word_1_85' title='bbox 1023 711 1079 754; x_wconf 88' lang='lat' dir='ltr'>et,</span> <span class='ocrx_word' id='word_1_86' title='bbox 1112 704 1147 744; x_wconf 91' lang='lat' dir='ltr'>si</span> <span class='ocrx_word' id='word_1_87' title='bbox 1164 718 1231 744; x_wconf 90' lang='lat' dir='ltr'>me</span> <span class='ocrx_word' id='word_1_88' title='bbox 1248 704 1353 745; x_wconf 86' lang='lat' dir='ltr'>meis</span> <span class='ocrx_word' id='word_1_89' title='bbox 1371 704 1534 746; x_wconf 90' lang='lat' dir='ltr'>civibus</span> <span class='ocrx_word' id='word_1_90' title='bbox 1553 705 1608 760; x_wconf 90' lang='lat' dir='ltr'>inj</span> <span class='ocrx_word' id='word_1_91' title='bbox 1618 703 1709 746; x_wconf 62' lang='lat' dir='ltr'>uria</span> 
     </span>
     <span class='ocr_line' id='line_1_11' title="bbox 149 760 1711 821; baseline -0.004 -14"><span class='ocrx_word' id='word_1_92' title='bbox 149 771 400 821; x_wconf 88' lang='lat' dir='ltr'>suspectum</span> <span class='ocrx_word' id='word_1_93' title='bbox 420 770 508 804; x_wconf 86' lang='lat' dir='ltr'>tarn</span> <span class='ocrx_word' id='word_1_94' title='bbox 539 762 723 819; x_wconf 81' lang='lat' dir='ltr'>graviter</span> <span class='ocrx_word' id='word_1_95' title='bbox 742 769 870 818; x_wconf 89' lang='lat' dir='ltr'>atque</span> <span class='ocrx_word' id='word_1_96' title='bbox 900 761 1112 802; x_wconf 88' lang='lat' dir='ltr'>infensum</span> <span class='ocrx_word' id='word_1_97' title='bbox 1134 760 1347 811; x_wconf 82' lang='lat' dir='ltr'>viderem3</span> <span class='ocrx_word' id='word_1_98' title='bbox 1379 776 1520 802; x_wconf 83' lang='lat' dir='ltr'>carere</span> <span class='ocrx_word' id='word_1_99' title='bbox 1545 775 1612 801; x_wconf 89' lang='lat' dir='ltr'>me</span> <span class='ocrx_word' id='word_1_100' title='bbox 1634 761 1711 801; x_wconf 88' lang='lat' dir='ltr'>ad-</span> 
     </span>
     <span class='ocr_line' id='line_1_12' title="bbox 151 817 1712 878; baseline -0.004 -15"><span class='ocrx_word' id='word_1_101' title='bbox 151 828 303 878; x_wconf 86' lang='lat' dir='ltr'>spectu</span> <span class='ocrx_word' id='word_1_102' title='bbox 321 820 493 870; x_wconf 89' lang='lat' dir='ltr'>civium,</span> <span class='ocrx_word' id='word_1_103' title='bbox 512 819 643 876; x_wconf 65' lang='lat' dir='ltr'>quam</span> <span class='ocrx_word' id='word_1_104' title='bbox 659 818 824 860; x_wconf 86' lang='lat' dir='ltr'>infestis</span> <span class='ocrx_word' id='word_1_105' title='bbox 839 818 977 860; x_wconf 90' lang='lat' dir='ltr'>oculis</span> <span class='ocrx_word' id='word_1_106' title='bbox 998 817 1186 859; x_wconf 90' lang='lat' dir='ltr'>omnium</span> <span class='ocrx_word' id='word_1_107' title='bbox 1208 817 1414 873; x_wconf 81' lang='lat' dir='ltr'>conspici,</span> <span class='ocrx_word' id='word_1_108' title='bbox 1434 817 1601 858; x_wconf 84' lang='lat' dir='ltr'>mallem</span> <span class='ocrx_word' id='word_1_109' title='bbox 1618 832 1628 858; x_wconf 74' lang='grc' dir='ltr'><strong>ε</strong></span> <span class='ocrx_word' id='word_1_110' title='bbox 1648 824 1712 868; x_wconf 89' lang='lat' dir='ltr'>tu,</span> 
     </span>
     <span class='ocr_line' id='line_1_13' title="bbox 152 874 1715 931; baseline -0.004 -11"><span class='ocrx_word' id='word_1_111' title='bbox 152 877 543 929; x_wconf 67' lang='lat' dir='ltr'>cum‚conseientia</span> <span class='ocrx_word' id='word_1_112' title='bbox 551 877 760 917; x_wconf 86' lang='lat' dir='ltr'>scelerum</span> <span class='ocrx_word' id='word_1_113' title='bbox 774 882 954 927; x_wconf 88' lang='lat' dir='ltr'>tuorum,</span> <span class='ocrx_word' id='word_1_114' title='bbox 963 889 1174 931; x_wconf 80' lang='lat' dir='ltr'>agnoscas</span> <span class='ocrx_word' id='word_1_115' title='bbox 1183 874 1329 914; x_wconf 90' lang='lat' dir='ltr'>odium</span> <span class='ocrx_word' id='word_1_116' title='bbox 1341 874 1531 915; x_wconf 88' lang='lat' dir='ltr'>omnium</span> <span class='ocrx_word' id='word_1_117' title='bbox 1532 874 1697 929; x_wconf 86' lang='lat' dir='ltr'>justum</span> <span class='ocrx_word' id='word_1_118' title='bbox 1703 905 1715 925; x_wconf 88' lang='lat'><em>,</em></span> 
     </span>
     <span class='ocr_line' id='line_1_14' title="bbox 78 930 1713 990; baseline -0.004 -13"><span class='ocrx_word' id='word_1_119' title='bbox 78 936 134 978; x_wconf 87' lang='lat'>60</span> <span class='ocrx_word' id='word_1_120' title='bbox 153 935 301 990; x_wconf 84' lang='lat' dir='ltr'>etjam</span> <span class='ocrx_word' id='word_1_121' title='bbox 322 934 402 975; x_wconf 89' lang='lat' dir='ltr'>tibi</span> <span class='ocrx_word' id='word_1_122' title='bbox 423 934 497 974; x_wconf 91' lang='lat' dir='ltr'>diu</span> <span class='ocrx_word' id='word_1_123' title='bbox 513 933 719 983; x_wconf 86' lang='lat' dir='ltr'>debitum,</span> <span class='ocrx_word' id='word_1_124' title='bbox 750 931 936 982; x_wconf 82' lang='lat' dir='ltr'>dubitas,</span> <span class='ocrx_word' id='word_1_125' title='bbox 969 946 1147 988; x_wconf 89' lang='lat' dir='ltr'>quorum</span> <span class='ocrx_word' id='word_1_126' title='bbox 1171 938 1335 972; x_wconf 84' lang='lat' dir='ltr'>mentes</span> <span class='ocrx_word' id='word_1_127' title='bbox 1356 944 1594 986; x_wconf 83' lang='lat' dir='ltr'>sensusque</span> <span class='ocrx_word' id='word_1_128' title='bbox 1618 930 1713 971; x_wconf 89' lang='lat' dir='ltr'>vul-</span> 
     </span>
     <span class='ocr_line' id='line_1_15' title="bbox 151 987 1715 1045; baseline -0.003 -13"><span class='ocrx_word' id='word_1_129' title='bbox 151 1005 447 1041; x_wconf 88' lang='lat' dir='ltr'>neras‚eorum</span> <span class='ocrx_word' id='word_1_130' title='bbox 458 990 709 1045; x_wconf 83' lang='lat' dir='ltr'>adspectum</span> <span class='ocrx_word' id='word_1_131' title='bbox 722 989 1075 1044; x_wconf 77' lang='lat' dir='ltr'>praesentiamque</span> <span class='ocrx_word' id='word_1_132' title='bbox 1084 988 1239 1029; x_wconf 74' lang='lat' dir='ltr'>vitare?</span> <span class='ocrx_word' id='word_1_133' title='bbox 1263 987 1309 1028; x_wconf 80' lang='lat' dir='ltr'>Si</span> <span class='ocrx_word' id='word_1_134' title='bbox 1325 995 1364 1029; x_wconf 86' lang='lat' dir='ltr'>te</span> <span class='ocrx_word' id='word_1_135' title='bbox 1378 995 1574 1044; x_wconf 86' lang='lat' dir='ltr'>parentes</span> <span class='ocrx_word' id='word_1_136' title='bbox 1591 987 1715 1028; x_wconf 88' lang='grc'>111116-</span> 
     </span>
     <span class='ocr_line' id='line_1_16' title="bbox 151 1044 1716 1103; baseline -0.003 -14"><span class='ocrx_word' id='word_1_137' title='bbox 151 1053 247 1089; x_wconf 82' lang='lat' dir='ltr'>rent</span> <span class='ocrx_word' id='word_1_138' title='bbox 267 1053 396 1103; x_wconf 88' lang='lat' dir='ltr'>atque</span> <span class='ocrx_word' id='word_1_139' title='bbox 413 1046 607 1087; x_wconf 89' lang='lat' dir='ltr'>odissent</span> <span class='ocrx_word' id='word_1_140' title='bbox 622 1045 699 1096; x_wconf 87' lang='lat' dir='ltr'>tui,</span> <span class='ocrx_word' id='word_1_141' title='bbox 715 1060 854 1100; x_wconf 86' lang='lat' dir='ltr'>neque</span> <span class='ocrx_word' id='word_1_142' title='bbox 872 1060 946 1086; x_wconf 90' lang='lat' dir='ltr'>eos</span> <span class='ocrx_word' id='word_1_143' title='bbox 967 1044 1057 1085; x_wconf 61' lang='lat' dir='ltr'>ull-st</span> <span class='ocrx_word' id='word_1_144' title='bbox 1079 1045 1241 1086; x_wconf 87' lang='lat' dir='ltr'>ratione</span> <span class='ocrx_word' id='word_1_145' title='bbox 1261 1045 1430 1100; x_wconf 82' lang='lat' dir='ltr'>placare</span> <span class='ocrx_word' id='word_1_146' title='bbox 1460 1059 1635 1100; x_wconf 85' lang='lat' dir='ltr'>posses;</span> <span class='ocrx_word' id='word_1_147' title='bbox 1666 1050 1716 1085; x_wconf 88' lang='lat' dir='ltr'>ut</span> 
     </span>
     <span class='ocr_line' id='line_1_17' title="bbox 153 1100 1713 1160; baseline -0.003 -15"><span class='ocrx_word' id='word_1_148' title='bbox 153 1103 321 1160; x_wconf 87' lang='lat' dir='ltr'>opinor,</span> <span class='ocrx_word' id='word_1_149' title='bbox 343 1104 396 1144; x_wconf 88' lang='lat' dir='ltr'>ab</span> <span class='ocrx_word' id='word_1_150' title='bbox 417 1117 563 1144; x_wconf 88' lang='lat' dir='ltr'>eorum</span> <span class='ocrx_word' id='word_1_151' title='bbox 596 1102 731 1143; x_wconf 86' lang='lat' dir='ltr'>oculis</span> <span class='ocrx_word' id='word_1_152' title='bbox 766 1100 912 1156; x_wconf 69' lang='lat' dir='ltr'>aliquo</span> <span class='ocrx_word' id='word_1_153' title='bbox 932 1101 1210 1142; x_wconf 85' lang='lat' dir='ltr'>concederes:</span> <span class='ocrx_word' id='word_1_154' title='bbox 1241 1116 1356 1141; x_wconf 90' lang='lat' dir='ltr'>nunc</span> <span class='ocrx_word' id='word_1_155' title='bbox 1372 1108 1414 1141; x_wconf 88' lang='lat' dir='ltr'>te</span> <span class='ocrx_word' id='word_1_156' title='bbox 1434 1100 1586 1156; x_wconf 83' lang='lat' dir='ltr'>patria,</span> <span class='ocrx_word' id='word_1_157' title='bbox 1616 1115 1713 1156; x_wconf 79' lang='lat' dir='ltr'>quae</span> 
     </span>
     <span class='ocr_line' id='line_1_18' title="bbox 153 1156 1715 1212; baseline -0.002 -11"><span class='ocrx_word' id='word_1_158' title='bbox 153 1159 395 1202; x_wconf 88' lang='lat' dir='ltr'>communis</span> <span class='ocrx_word' id='word_1_159' title='bbox 416 1166 482 1201; x_wconf 89' lang='lat' dir='ltr'>est</span> <span class='ocrx_word' id='word_1_160' title='bbox 503 1158 694 1199; x_wconf 89' lang='lat' dir='ltr'>omnium</span> <span class='ocrx_word' id='word_1_161' title='bbox 716 1159 907 1198; x_wconf 74' lang='lat' dir='ltr'>nostrum</span> <span class='ocrx_word' id='word_1_162' title='bbox 923 1172 1091 1212; x_wconf 82' lang='lat' dir='ltr'>parens,</span> <span class='ocrx_word' id='word_1_163' title='bbox 1115 1157 1207 1198; x_wconf 89' lang='lat' dir='ltr'>odit</span> <span class='ocrx_word' id='word_1_164' title='bbox 1223 1171 1273 1197; x_wconf 86' lang='lat' dir='ltr'>ac</span> <span class='ocrx_word' id='word_1_165' title='bbox 1294 1156 1465 1207; x_wconf 80' lang='lat' dir='ltr'>metuit3</span> <span class='ocrx_word' id='word_1_166' title='bbox 1487 1163 1530 1197; x_wconf 91' lang='lat' dir='ltr'>et</span> <span class='ocrx_word' id='word_1_167' title='bbox 1545 1157 1715 1212; x_wconf 89' lang='lat' dir='ltr'>jamdiu</span> 
     </span>
     <span class='ocr_line' id='line_1_19' title="bbox 79 1213 1714 1271; baseline -0.003 -12"><span class='ocrx_word' id='word_1_168' title='bbox 79 1218 134 1259; x_wconf 88' lang='lat'>65</span> <span class='ocrx_word' id='word_1_169' title='bbox 155 1217 208 1258; x_wconf 94' lang='lat' dir='ltr'>de</span> <span class='ocrx_word' id='word_1_170' title='bbox 243 1223 285 1257; x_wconf 94' lang='lat' dir='ltr'>te</span> <span class='ocrx_word' id='word_1_171' title='bbox 307 1215 414 1256; x_wconf 89' lang='lat' dir='ltr'>nihil</span> <span class='ocrx_word' id='word_1_172' title='bbox 438 1215 621 1271; x_wconf 84' lang='lat' dir='ltr'>judicat,</span> <span class='ocrx_word' id='word_1_173' title='bbox 651 1214 735 1255; x_wconf 91' lang='lat' dir='ltr'>nisi</span> <span class='ocrx_word' id='word_1_174' title='bbox 773 1214 826 1255; x_wconf 90' lang='lat' dir='ltr'>de</span> <span class='ocrx_word' id='word_1_175' title='bbox 853 1213 1110 1269; x_wconf 82' lang='lat' dir='ltr'>oparricidio</span> <span class='ocrx_word' id='word_1_176' title='bbox 1147 1227 1224 1254; x_wconf 89' lang='lat' dir='ltr'>suo</span> <span class='ocrx_word' id='word_1_177' title='bbox 1258 1213 1474 1269; x_wconf 80' lang='lat' dir='ltr'>cogitare:</span> <span class='ocrx_word' id='word_1_178' title='bbox 1506 1213 1634 1269; x_wconf 87' lang='lat' dir='ltr'>hujus</span> <span class='ocrx_word' id='word_1_179' title='bbox 1665 1220 1714 1254; x_wconf 84' lang='lat' dir='ltr'>tu</span> 
     </span>
     <span class='ocr_line' id='line_1_20' title="bbox 152 1270 1716 1329; baseline -0.002 -14"><span class='ocrx_word' id='word_1_180' title='bbox 152 1288 293 1329; x_wconf 90' lang='lat' dir='ltr'>neque</span> <span class='ocrx_word' id='word_1_181' title='bbox 314 1272 614 1314; x_wconf 81' lang='lat' dir='ltr'>auctoritatem</span> <span class='ocrx_word' id='word_1_182' title='bbox 629 1270 841 1321; x_wconf 85' lang='lat' dir='ltr'>verebere,</span> <span class='ocrx_word' id='word_1_183' title='bbox 871 1285 1011 1326; x_wconf 86' lang='lat' dir='ltr'>neque</span> <span class='ocrx_word' id='word_1_184' title='bbox 1021 1270 1234 1326; x_wconf 86' lang='lat' dir='ltr'>judicium</span> <span class='ocrx_word' id='word_1_185' title='bbox 1255 1271 1450 1326; x_wconf 68' lang='lat' dir='ltr'>sequere,</span> <span class='ocrx_word' id='word_1_186' title='bbox 1470 1284 1608 1325; x_wconf 86' lang='lat' dir='ltr'>neque</span> <span class='ocrx_word' id='word_1_187' title='bbox 1627 1270 1716 1312; x_wconf 87' lang='lat' dir='ltr'>vim</span> 
     </span>
     <span class='ocr_line' id='line_1_21' title="bbox 151 1327 1717 1387; baseline -0.002 -16"><span class='ocrx_word' id='word_1_188' title='bbox 151 1329 459 1387; x_wconf 77' lang='lat' dir='ltr'>pertimesces?</span> <span class='ocrx_word' id='word_1_189' title='bbox 491 1343 586 1384; x_wconf 85' lang='lat' dir='ltr'>quae</span> <span class='ocrx_word' id='word_1_190' title='bbox 606 1336 760 1379; x_wconf 89' lang='lat' dir='ltr'>tecum,</span> <span class='ocrx_word' id='word_1_191' title='bbox 784 1327 984 1379; x_wconf 82' lang='lat' dir='ltr'>Catilina,</span> <span class='ocrx_word' id='word_1_192' title='bbox 1006 1327 1069 1368; x_wconf 88' lang='lat' dir='ltr'>sic</span> <span class='ocrx_word' id='word_1_193' title='bbox 1087 1327 1220 1383; x_wconf 75' lang='lat' dir='ltr'>Pagit,</span> <span class='ocrx_word' id='word_1_194' title='bbox 1253 1335 1294 1368; x_wconf 85' lang='lat' dir='ltr'>et</span> <span class='ocrx_word' id='word_1_195' title='bbox 1311 1327 1630 1383; x_wconf 85' lang='lat' dir='ltr'>quodammodo</span> <span class='ocrx_word' id='word_1_196' title='bbox 1651 1334 1717 1368; x_wconf 85' lang='lat' dir='ltr'>ta-</span> 
     </span>
     <span class='ocr_line' id='line_1_22' title="bbox 154 1383 1712 1442; baseline -0.002 -14"><span class='ocrx_word' id='word_1_197' title='bbox 154 1387 242 1428; x_wconf 82' lang='lat' dir='ltr'>cita</span> <span class='ocrx_word' id='word_1_198' title='bbox 261 1386 477 1442; x_wconf 79' lang='lat' dir='ltr'>loquitur3</span> <span class='ocrx_word' id='word_1_199' title='bbox 512 1385 687 1426; x_wconf 89' lang='lat' dir='ltr'>Nullum</span> <span class='ocrx_word' id='word_1_200' title='bbox 700 1386 792 1440; x_wconf 87' lang='lat' dir='ltr'>jam</span> <span class='ocrx_word' id='word_1_201' title='bbox 811 1391 878 1426; x_wconf 90' lang='lat' dir='ltr'>tot</span> <span class='ocrx_word' id='word_1_202' title='bbox 898 1399 1033 1426; x_wconf 87' lang='lat' dir='ltr'>annos</span> <span class='ocrx_word' id='word_1_203' title='bbox 1054 1384 1221 1425; x_wconf 79' lang='lat' dir='ltr'>facinus</span> <span class='ocrx_word' id='word_1_204' title='bbox 1242 1384 1423 1436; x_wconf 82' lang='lat' dir='ltr'>exstitit,</span> <span class='ocrx_word' id='word_1_205' title='bbox 1445 1383 1527 1425; x_wconf 86' lang='lat' dir='ltr'>nisi</span> <span class='ocrx_word' id='word_1_206' title='bbox 1547 1399 1622 1440; x_wconf 87' lang='lat' dir='ltr'>per</span> <span class='ocrx_word' id='word_1_207' title='bbox 1641 1390 1684 1425; x_wconf 85' lang='lat' dir='ltr'>te</span> <span class='ocrx_word' id='word_1_208' title='bbox 1701 1400 1712 1425; x_wconf 70' lang='grc' dir='ltr'>ι</span> 
     </span>
     <span class='ocr_line' id='line_1_23' title="bbox 153 1440 1715 1499; baseline -0.003 -14"><span class='ocrx_word' id='word_1_209' title='bbox 153 1444 314 1485; x_wconf 90' lang='lat' dir='ltr'>nullum</span> <span class='ocrx_word' id='word_1_210' title='bbox 346 1442 558 1499; x_wconf 82' lang='lat' dir='ltr'>flagitium</span> <span class='ocrx_word' id='word_1_211' title='bbox 578 1441 669 1483; x_wconf 72' lang='lat' dir='ltr'>sine</span> <span class='ocrx_word' id='word_1_212' title='bbox 705 1450 769 1482; x_wconf 88' lang='lat' dir='ltr'>te:</span> <span class='ocrx_word' id='word_1_213' title='bbox 802 1441 881 1483; x_wconf 90' lang='lat' dir='ltr'>tibi</span> <span class='ocrx_word' id='word_1_214' title='bbox 901 1441 975 1482; x_wconf 92' lang='lat' dir='ltr'>uni</span> <span class='ocrx_word' id='word_1_215' title='bbox 1007 1442 1236 1483; x_wconf 88' lang='lat' dir='ltr'>multorum</span> <span class='ocrx_word' id='word_1_216' title='bbox 1267 1440 1426 1483; x_wconf 87' lang='lat' dir='ltr'>civium</span> <span class='ocrx_word' id='word_1_217' title='bbox 1460 1456 1604 1492; x_wconf 87' lang='lat' dir='ltr'>neces,</span> <span class='ocrx_word' id='word_1_218' title='bbox 1633 1440 1715 1482; x_wconf 69' lang='lat' dir='ltr'>tibi</span> 
     </span>
     <span class='ocr_line' id='line_1_24' title="bbox 79 1498 1714 1556; baseline -0.003 -13"><span class='ocrx_word' id='word_1_219' title='bbox 79 1501 137 1543; x_wconf 85' lang='lat'>70</span> <span class='ocrx_word' id='word_1_220' title='bbox 154 1499 323 1542; x_wconf 88' lang='lat' dir='ltr'>vexatio</span> <span class='ocrx_word' id='word_1_221' title='bbox 356 1499 627 1556; x_wconf 83' lang='lat' dir='ltr'>direptioque</span> <span class='ocrx_word' id='word_1_222' title='bbox 660 1498 875 1540; x_wconf 89' lang='lat' dir='ltr'>sociorum</span> <span class='ocrx_word' id='word_1_223' title='bbox 910 1498 1122 1554; x_wconf 87' lang='lat' dir='ltr'>impunita</span> <span class='ocrx_word' id='word_1_224' title='bbox 1155 1498 1237 1539; x_wconf 90' lang='lat' dir='ltr'>fuit</span> <span class='ocrx_word' id='word_1_225' title='bbox 1264 1513 1314 1539; x_wconf 88' lang='lat' dir='ltr'>ac</span> <span class='ocrx_word' id='word_1_226' title='bbox 1347 1498 1500 1539; x_wconf 82' lang='lat' dir='ltr'>libera:</span> <span class='ocrx_word' id='word_1_227' title='bbox 1533 1504 1594 1549; x_wconf 91' lang='lat' dir='ltr'>tu,</span> <span class='ocrx_word' id='word_1_228' title='bbox 1625 1512 1714 1540; x_wconf 89' lang='grc'>11011</span> 
     </span>
     <span class='ocr_line' id='line_1_25' title="bbox 154 1554 1716 1612; baseline -0.001 -14"><span class='ocrx_word' id='word_1_229' title='bbox 154 1557 296 1599; x_wconf 75' lang='lat' dir='ltr'>solum</span> <span class='ocrx_word' id='word_1_230' title='bbox 317 1558 371 1598; x_wconf 88' lang='lat' dir='ltr'>ad</span> <span class='ocrx_word' id='word_1_231' title='bbox 391 1556 671 1612; x_wconf 76' lang='lat' dir='ltr'>negligendas</span> <span class='ocrx_word' id='word_1_232' title='bbox 691 1556 810 1611; x_wconf 81' lang='lat' dir='ltr'>leges</span> <span class='ocrx_word' id='word_1_233' title='bbox 831 1562 874 1596; x_wconf 91' lang='lat' dir='ltr'>et</span> <span class='ocrx_word' id='word_1_234' title='bbox 894 1555 1196 1610; x_wconf 79' lang='lat' dir='ltr'>qquaestiones,</span> <span class='ocrx_word' id='word_1_235' title='bbox 1217 1554 1363 1595; x_wconf 76' lang='lat' dir='ltr'>verum</span> <span class='ocrx_word' id='word_1_236' title='bbox 1384 1554 1511 1596; x_wconf 85' lang='lat' dir='ltr'>etiam</span> <span class='ocrx_word' id='word_1_237' title='bbox 1527 1554 1582 1596; x_wconf 83' lang='lat' dir='ltr'>ad</span> <span class='ocrx_word' id='word_1_238' title='bbox 1598 1569 1716 1596; x_wconf 87' lang='lat' dir='ltr'>ever-</span> 
     </span>
     <span class='ocr_line' id='line_1_26' title="bbox 151 1610 1718 1669; baseline -0.001 -15"><span class='ocrx_word' id='word_1_239' title='bbox 151 1614 307 1654; x_wconf 78' lang='lat' dir='ltr'>tendas</span> <span class='ocrx_word' id='word_1_240' title='bbox 328 1612 753 1669; x_wconf 79' lang='lat' dir='ltr'>perfringendasque,</span> <span class='ocrx_word' id='word_1_241' title='bbox 783 1611 968 1652; x_wconf 82' lang='lat' dir='ltr'>valuisti.</span> <span class='ocrx_word' id='word_1_242' title='bbox 1029 1610 1257 1667; x_wconf 75' lang='lat' dir='ltr'>Superiora</span> <span class='ocrx_word' id='word_1_243' title='bbox 1275 1610 1359 1661; x_wconf 82' lang='lat' dir='ltr'>illa,</span> <span class='ocrx_word' id='word_1_244' title='bbox 1377 1611 1640 1667; x_wconf 66' lang='lat' dir='ltr'>quamquam</span> <span class='ocrx_word' id='word_1_245' title='bbox 1654 1612 1718 1653; x_wconf 87' lang='lat' dir='ltr'>fe-</span> 
     </span>
     <span class='ocr_line' id='line_1_27' title="bbox 153 1667 1717 1725; baseline -0.001 -14"><span class='ocrx_word' id='word_1_246' title='bbox 153 1670 287 1711; x_wconf 86' lang='lat' dir='ltr'>renda</span> <span class='ocrx_word' id='word_1_247' title='bbox 306 1685 393 1711; x_wconf 90' lang='lat' dir='ltr'>non</span> <span class='ocrx_word' id='word_1_248' title='bbox 407 1669 599 1720; x_wconf 83' lang='lat' dir='ltr'>fuerunt,</span> <span class='ocrx_word' id='word_1_249' title='bbox 629 1675 787 1719; x_wconf 83' lang='lat' dir='ltr'>tamen,</span> <span class='ocrx_word' id='word_1_250' title='bbox 819 1674 868 1709; x_wconf 88' lang='lat' dir='ltr'>ut</span> <span class='ocrx_word' id='word_1_251' title='bbox 892 1667 1027 1725; x_wconf 89' lang='lat' dir='ltr'>potui,</span> <span class='ocrx_word' id='word_1_252' title='bbox 1058 1668 1160 1709; x_wconf 87' lang='lat' dir='ltr'>tuli:</span> <span class='ocrx_word' id='word_1_253' title='bbox 1194 1682 1308 1708; x_wconf 87' lang='grc'>1111116</span> <span class='ocrx_word' id='word_1_254' title='bbox 1328 1670 1440 1719; x_wconf 82' lang='lat' dir='ltr'>vero,</span> <span class='ocrx_word' id='word_1_255' title='bbox 1477 1683 1545 1709; x_wconf 88' lang='lat' dir='ltr'>me</span> <span class='ocrx_word' id='word_1_256' title='bbox 1579 1675 1717 1718; x_wconf 86' lang='lat' dir='ltr'>totam</span> 
     </span>
     <span class='ocr_line' id='line_1_28' title="bbox 154 1724 1717 1782; baseline 0 -15"><span class='ocrx_word' id='word_1_257' title='bbox 154 1742 250 1768; x_wconf 89' lang='lat' dir='ltr'>esse</span> <span class='ocrx_word' id='word_1_258' title='bbox 281 1727 325 1767; x_wconf 91' lang='grc'>111</span> <span class='ocrx_word' id='word_1_259' title='bbox 354 1733 472 1767; x_wconf 89' lang='lat' dir='ltr'>metu</span> <span class='ocrx_word' id='word_1_260' title='bbox 493 1732 666 1782; x_wconf 86' lang='lat' dir='ltr'>propter</span> <span class='ocrx_word' id='word_1_261' title='bbox 688 1732 730 1766; x_wconf 87' lang='lat' dir='ltr'>te</span> <span class='ocrx_word' id='word_1_262' title='bbox 753 1740 909 1777; x_wconf 81' lang='lat' dir='ltr'>unum3</span> <span class='ocrx_word' id='word_1_263' title='bbox 942 1725 1150 1782; x_wconf 88' lang='lat' dir='ltr'>quidquid</span> <span class='ocrx_word' id='word_1_264' title='bbox 1178 1725 1452 1780; x_wconf 87' lang='lat' dir='ltr'>increpuerit,</span> <span class='ocrx_word' id='word_1_265' title='bbox 1484 1724 1717 1767; x_wconf 82' lang='lat' dir='ltr'>Catilinam</span> 
     </span>
     <span class='ocr_line' id='line_1_29' title="bbox 80 1782 1715 1839; baseline -0.002 -13"><span class='ocrx_word' id='word_1_266' title='bbox 80 1786 135 1826; x_wconf 83' lang='lat'>75</span> <span class='ocrx_word' id='word_1_267' title='bbox 154 1784 318 1834; x_wconf 82' lang='lat' dir='ltr'>timeri3</span> <span class='ocrx_word' id='word_1_268' title='bbox 350 1783 512 1825; x_wconf 87' lang='lat' dir='ltr'>nullum</span> <span class='ocrx_word' id='word_1_269' title='bbox 544 1782 676 1824; x_wconf 89' lang='lat' dir='ltr'>videri</span> <span class='ocrx_word' id='word_1_270' title='bbox 719 1788 867 1824; x_wconf 86' lang='lat' dir='ltr'>contra</span> <span class='ocrx_word' id='word_1_271' title='bbox 920 1797 987 1824; x_wconf 87' lang='lat' dir='ltr'>me</span> <span class='ocrx_word' id='word_1_272' title='bbox 1028 1782 1254 1823; x_wconf 84' lang='lat' dir='ltr'>consilium</span> <span class='ocrx_word' id='word_1_273' title='bbox 1293 1782 1390 1823; x_wconf 89' lang='lat' dir='ltr'>iniri</span> <span class='ocrx_word' id='word_1_274' title='bbox 1424 1796 1568 1839; x_wconf 86' lang='lat' dir='ltr'>posse,</span> <span class='ocrx_word' id='word_1_275' title='bbox 1598 1783 1715 1839; x_wconf 90' lang='lat' dir='ltr'>quod</span> 
     </span>
     <span class='ocr_line' id='line_1_30' title="bbox 356 1908 828 1950; baseline -0.002 -1"><span class='ocrx_word' id='word_1_276' title='bbox 356 1908 411 1949; x_wconf 63' lang='lat' dir='ltr'>”ci</span> <span class='ocrx_word' id='word_1_277' title='bbox 432 1914 486 1950; x_wconf 76' lang='lat' dir='ltr'>te.</span> <span class='ocrx_word' id='word_1_278' title='bbox 602 1914 619 1931; x_wconf 86' lang='lat'>⁰</span> <span class='ocrx_word' id='word_1_279' title='bbox 634 1910 828 1950; x_wconf 76' lang='lat' dir='ltr'>interitu.</span> 
     </span>
    </p>
   </div>
   <div class='ocr_carea' id='block_1_3' title="bbox 953 1910 1516 1962">
    <p class='ocr_par' dir='ltr' id='par_1_3' title="bbox 953 1910 1516 1962">
     <span class='ocr_line' id='line_1_31' title="bbox 953 1910 1516 1962; baseline 0.004 -14"><span class='ocrx_word' id='word_1_280' title='bbox 953 1916 970 1939; x_wconf 70' lang='grc' dir='ltr'>Ρ</span> <span class='ocrx_word' id='word_1_281' title='bbox 985 1910 1189 1962; x_wconf 74' lang='lat' dir='ltr'>loquitur.</span> <span class='ocrx_word' id='word_1_282' title='bbox 1306 1916 1322 1940; x_wconf 77' lang='lat'>‘¹</span> <span class='ocrx_word' id='word_1_283' title='bbox 1329 1910 1516 1961; x_wconf 70' lang='lat' dir='ltr'>judicia.</span> 
     </span>
    </p>
   </div>
   <div class='ocr_carea' id='block_1_4' title="bbox 154 2043 1717 2125">
    <p class='ocr_par' dir='ltr' id='par_1_4' title="bbox 154 2043 1717 2125">
     <span class='ocr_line' id='line_1_32' title="bbox 197 2043 1717 2086; baseline -0.001 -9"><span class='ocrx_word' id='word_1_284' title='bbox 197 2048 251 2079; x_wconf 74' lang='lat'>49.</span> <span class='ocrx_word' id='word_1_285' title='bbox 296 2045 413 2076; x_wconf 69' lang='lat' dir='ltr'>Judicio</span> <span class='ocrx_word' id='word_1_286' title='bbox 451 2044 695 2085; x_wconf 65' lang='lat' dir='ltr'>taciturnitatis]</span> <span class='ocrx_word' id='word_1_287' title='bbox 755 2043 916 2075; x_wconf 82' lang='lat' dir='ltr'>Silentium</span> <span class='ocrx_word' id='word_1_288' title='bbox 963 2043 1028 2074; x_wconf 86' lang='lat' dir='ltr'>dire</span> <span class='ocrx_word' id='word_1_289' title='bbox 1051 2054 1106 2085; x_wconf 79' lang='lat' dir='ltr'>par</span> <span class='ocrx_word' id='word_1_290' title='bbox 1121 2049 1185 2074; x_wconf 82' lang='lat' dir='ltr'>est:</span> <span class='ocrx_word' id='word_1_291' title='bbox 1205 2043 1297 2085; x_wconf 84' lang='lat' dir='ltr'>jubet</span> <span class='ocrx_word' id='word_1_292' title='bbox 1323 2050 1357 2075; x_wconf 87' lang='lat' dir='ltr'>ut</span> <span class='ocrx_word' id='word_1_293' title='bbox 1383 2045 1476 2075; x_wconf 85' lang='lat' dir='ltr'>abeat</span> <span class='ocrx_word' id='word_1_294' title='bbox 1501 2045 1518 2075; x_wconf 76' lang='grc' dir='ltr'>ὲ</span> <span class='ocrx_word' id='word_1_295' title='bbox 1540 2045 1637 2086; x_wconf 65' lang='lat' dir='ltr'>patrii:</span> <span class='ocrx_word' id='word_1_296' title='bbox 1655 2045 1717 2076; x_wconf 85' lang='lat' dir='ltr'>Ca·-</span> 
     </span>
     <span class='ocr_line' id='line_1_33' title="bbox 154 2086 1059 2125; baseline -0.002 -5"><span class='ocrx_word' id='word_1_297' title='bbox 154 2090 305 2125; x_wconf 89' lang='lat' dir='ltr'>omnium,</span> <span class='ocrx_word' id='word_1_298' title='bbox 327 2089 398 2119; x_wconf 72' lang='lat' dir='ltr'>cum</span> <span class='ocrx_word' id='word_1_299' title='bbox 425 2099 516 2118; x_wconf 89' lang='lat' dir='ltr'>nemo</span> <span class='ocrx_word' id='word_1_300' title='bbox 549 2088 715 2118; x_wconf 70' lang='lat' dir='ltr'>Catilinam</span> <span class='ocrx_word' id='word_1_301' title='bbox 740 2089 918 2118; x_wconf 74' lang='lat' dir='ltr'>venientem</span> <span class='ocrx_word' id='word_1_302' title='bbox 962 2086 1059 2118; x_wconf 76' lang='lat' dir='ltr'>tilina.</span> 
     </span>
    </p>
   </div>
   <div class='ocr_carea' id='block_1_5' title="bbox 152 2131 915 2557">
    <p class='ocr_par' dir='ltr' id='par_1_5' title="bbox 152 2131 914 2248">
     <span class='ocr_line' id='line_1_34' title="bbox 154 2131 912 2171; baseline -0.003 -9"><span class='ocrx_word' id='word_1_303' title='bbox 154 2133 187 2162; x_wconf 87' lang='lat' dir='ltr'>in</span> <span class='ocrx_word' id='word_1_304' title='bbox 214 2138 353 2162; x_wconf 79' lang='lat' dir='ltr'>senatum</span> <span class='ocrx_word' id='word_1_305' title='bbox 393 2131 546 2165; x_wconf 74' lang='lat' dir='ltr'>salutavit,</span> <span class='ocrx_word' id='word_1_306' title='bbox 586 2131 712 2161; x_wconf 84' lang='lat' dir='ltr'>tacilum</span> <span class='ocrx_word' id='word_1_307' title='bbox 754 2131 912 2171; x_wconf 81' lang='lat' dir='ltr'>quoddam</span> 
     </span>
     <span class='ocr_line' id='line_1_35' title="bbox 152 2173 914 2215; baseline 0 -11"><span class='ocrx_word' id='word_1_308' title='bbox 152 2175 214 2205; x_wconf 82' lang='lat' dir='ltr'>suit</span> <span class='ocrx_word' id='word_1_309' title='bbox 240 2176 400 2211; x_wconf 87' lang='lat' dir='ltr'>indicium,</span> <span class='ocrx_word' id='word_1_310' title='bbox 432 2173 583 2215; x_wconf 72' lang='lat' dir='ltr'>quantum</span> <span class='ocrx_word' id='word_1_311' title='bbox 611 2174 650 2204; x_wconf 89' lang='lat' dir='ltr'>ab</span> <span class='ocrx_word' id='word_1_312' title='bbox 687 2173 741 2204; x_wconf 80' lang='lat' dir='ltr'>illo</span> <span class='ocrx_word' id='word_1_313' title='bbox 769 2175 914 2204; x_wconf 77' lang='lat' dir='ltr'>abliorre-</span> 
     </span>
     <span class='ocr_line' id='line_1_36' title="bbox 155 2218 382 2248; baseline 0 -1"><span class='ocrx_word' id='word_1_314' title='bbox 155 2223 224 2248; x_wconf 87' lang='lat' dir='ltr'>rent</span> <span class='ocrx_word' id='word_1_315' title='bbox 240 2218 382 2248; x_wconf 86' lang='lat' dir='ltr'>universi.</span> 
     </span>
    </p>

    <p class='ocr_par' dir='ltr' id='par_1_6' title="bbox 153 2258 914 2430">
     <span class='ocr_line' id='line_1_37' title="bbox 199 2258 914 2300; baseline 0 -10"><span class='ocrx_word' id='word_1_316' title='bbox 199 2262 252 2292; x_wconf 80' lang='lat'>51.</span> <span class='ocrx_word' id='word_1_317' title='bbox 279 2260 473 2300; x_wconf 66' lang='lat' dir='ltr'>Consulares]</span> <span class='ocrx_word' id='word_1_318' title='bbox 520 2258 716 2295; x_wconf 79' lang='lat' dir='ltr'>Consulares,</span> <span class='ocrx_word' id='word_1_319' title='bbox 740 2264 773 2289; x_wconf 90' lang='lat' dir='ltr'>ut</span> <span class='ocrx_word' id='word_1_320' title='bbox 796 2258 914 2290; x_wconf 66' lang='lat' dir='ltr'>cretosis</span> 
     </span>
     <span class='ocr_line' id='line_1_38' title="bbox 153 2302 913 2343; baseline 0 -11"><span class='ocrx_word' id='word_1_321' title='bbox 153 2303 367 2334; x_wconf 70' lang='lat' dir='ltr'>honoratiores</span> <span class='ocrx_word' id='word_1_322' title='bbox 396 2308 487 2332; x_wconf 61' lang='lat' dir='ltr'>aetate</span> <span class='ocrx_word' id='word_1_323' title='bbox 513 2308 544 2332; x_wconf 85' lang='lat' dir='ltr'>et</span> <span class='ocrx_word' id='word_1_324' title='bbox 570 2303 734 2343; x_wconf 81' lang='lat' dir='ltr'>dignitate,</span> <span class='ocrx_word' id='word_1_325' title='bbox 769 2302 913 2333; x_wconf 83' lang='lat' dir='ltr'>subsellia</span> 
     </span>
     <span class='ocr_line' id='line_1_39' title="bbox 157 2345 914 2386; baseline 0 -11"><span class='ocrx_word' id='word_1_326' title='bbox 157 2356 213 2376; x_wconf 78' lang='lat' dir='ltr'>sua</span> <span class='ocrx_word' id='word_1_327' title='bbox 236 2357 334 2377; x_wconf 85' lang='lat' dir='ltr'>vacua</span> <span class='ocrx_word' id='word_1_328' title='bbox 360 2346 561 2386; x_wconf 72' lang='lat' dir='ltr'>reliquerunt,</span> <span class='ocrx_word' id='word_1_329' title='bbox 591 2356 632 2376; x_wconf 85' lang='lat' dir='ltr'>ne</span> <span class='ocrx_word' id='word_1_330' title='bbox 661 2345 733 2376; x_wconf 85' lang='lat' dir='ltr'>huic</span> <span class='ocrx_word' id='word_1_331' title='bbox 763 2345 914 2377; x_wconf 86' lang='lat' dir='ltr'>scelerato</span> 
     </span>
     <span class='ocr_line' id='line_1_40' title="bbox 157 2389 562 2430; baseline 0 -12"><span class='ocrx_word' id='word_1_332' title='bbox 157 2394 190 2418; x_wconf 89' lang='lat' dir='ltr'>et</span> <span class='ocrx_word' id='word_1_333' title='bbox 204 2389 365 2430; x_wconf 80' lang='lat' dir='ltr'>conjurato</span> <span class='ocrx_word' id='word_1_334' title='bbox 380 2389 562 2419; x_wconf 80' lang='lat' dir='ltr'>assiderent.</span> 
     </span>
    </p>

    <p class='ocr_par' dir='ltr' id='par_1_7' title="bbox 157 2430 915 2557">
     <span class='ocr_line' id='line_1_41' title="bbox 201 2430 914 2472; baseline -0.003 -10"><span class='ocrx_word' id='word_1_335' title='bbox 201 2434 254 2462; x_wconf 84' lang='lat'>56.</span> <span class='ocrx_word' id='word_1_336' title='bbox 282 2432 410 2472; x_wconf 64' lang='lat' dir='ltr'>Urbem]</span> <span class='ocrx_word' id='word_1_337' title='bbox 428 2430 496 2470; x_wconf 82' lang='lat' dir='ltr'>Ait,</span> <span class='ocrx_word' id='word_1_338' title='bbox 512 2430 609 2472; x_wconf 74' lang='lat' dir='ltr'>quod,</span> <span class='ocrx_word' id='word_1_339' title='bbox 625 2430 649 2461; x_wconf 80' lang='lat' dir='ltr'>si</span> <span class='ocrx_word' id='word_1_340' title='bbox 666 2431 745 2461; x_wconf 86' lang='lat' dir='ltr'>servi</span> <span class='ocrx_word' id='word_1_341' title='bbox 761 2430 807 2461; x_wconf 89' lang='lat' dir='ltr'>sui</span> <span class='ocrx_word' id='word_1_342' title='bbox 829 2434 914 2461; x_wconf 83' lang='lat' dir='ltr'>tanto</span> 
     </span>
     <span class='ocr_line' id='line_1_42' title="bbox 157 2473 912 2515; baseline 0 -12"><span class='ocrx_word' id='word_1_343' title='bbox 157 2484 191 2503; x_wconf 86' lang='lat' dir='ltr'>se</span> <span class='ocrx_word' id='word_1_344' title='bbox 216 2475 289 2504; x_wconf 86' lang='lat' dir='ltr'>odio</span> <span class='ocrx_word' id='word_1_345' title='bbox 320 2479 586 2515; x_wconf 79' lang='lat' dir='ltr'>persequerentur,</span> <span class='ocrx_word' id='word_1_346' title='bbox 610 2480 725 2514; x_wconf 87' lang='lat' dir='ltr'>quanto</span> <span class='ocrx_word' id='word_1_347' title='bbox 752 2474 834 2503; x_wconf 79' lang='lat' dir='ltr'>cives</span> <span class='ocrx_word' id='word_1_348' title='bbox 852 2473 912 2503; x_wconf 89' lang='lat' dir='ltr'>Ca-</span> 
     </span>
     <span class='ocr_line' id='line_1_43' title="bbox 157 2516 915 2557; baseline 0 -11"><span class='ocrx_word' id='word_1_349' title='bbox 157 2516 289 2552; x_wconf 81' lang='lat' dir='ltr'>tilinam,</span> <span class='ocrx_word' id='word_1_350' title='bbox 311 2520 437 2547; x_wconf 87' lang='lat' dir='ltr'>domum</span> <span class='ocrx_word' id='word_1_351' title='bbox 464 2527 549 2547; x_wconf 91' lang='lat' dir='ltr'>suam</span> <span class='ocrx_word' id='word_1_352' title='bbox 576 2517 677 2547; x_wconf 83' lang='lat' dir='ltr'>statim</span> <span class='ocrx_word' id='word_1_353' title='bbox 705 2516 915 2557; x_wconf 83' lang='lat' dir='ltr'>relinqueret;</span> 
     </span>
    </p>
   </div>
   <div class='ocr_carea' id='block_1_6' title="bbox 157 2559 916 2632">
    <p class='ocr_par' dir='ltr' id='par_1_8' title="bbox 157 2559 916 2632">
     <span class='ocr_line' id='line_1_44' title="bbox 158 2559 916 2600; baseline 0 -10"><span class='ocrx_word' id='word_1_354' title='bbox 158 2560 254 2599; x_wconf 73' lang='lat' dir='ltr'>quare</span> <span class='ocrx_word' id='word_1_355' title='bbox 280 2561 382 2596; x_wconf 82' lang='lat' dir='ltr'>infert,</span> <span class='ocrx_word' id='word_1_356' title='bbox 406 2560 444 2590; x_wconf 84' lang='lat' dir='ltr'>ab</span> <span class='ocrx_word' id='word_1_357' title='bbox 461 2570 497 2590; x_wconf 81' lang='lat' dir='ltr'>eo</span> <span class='ocrx_word' id='word_1_358' title='bbox 525 2559 761 2600; x_wconf 83' lang='lat' dir='ltr'>relinquendam</span> <span class='ocrx_word' id='word_1_359' title='bbox 777 2570 843 2590; x_wconf 83' lang='lat' dir='ltr'>esse</span> <span class='ocrx_word' id='word_1_360' title='bbox 862 2570 916 2600; x_wconf 87' lang='lat' dir='ltr'>pa-</span> 
     </span>
     <span class='ocr_line' id='line_1_45' title="bbox 157 2602 258 2632; baseline 0.01 -1"><span class='ocrx_word' id='word_1_361' title='bbox 157 2602 258 2632; x_wconf 80' lang='lat' dir='ltr'>uiam.</span> 
     </span>
    </p>
   </div>
   <div class='ocr_carea' id='block_1_7' title="bbox 204 2645 668 2686">
    <p class='ocr_par' dir='ltr' id='par_1_9' title="bbox 204 2645 668 2686">
     <span class='ocr_line' id='line_1_46' title="bbox 204 2645 668 2686; baseline 0.002 -12"><span class='ocrx_word' id='word_1_362' title='bbox 204 2646 246 2675; x_wconf 87' lang='lat'>66</span> <span class='ocrx_word' id='word_1_363' title='bbox 252 2668 258 2674; x_wconf 93' lang='lat'><strong><em>.</em></strong></span> <span class='ocrx_word' id='word_1_364' title='bbox 281 2645 492 2676; x_wconf 76' lang='lat' dir='ltr'>Auctoritatem</span> <span class='ocrx_word' id='word_1_365' title='bbox 518 2646 668 2686; x_wconf 63' lang='lat' dir='ltr'>verebere]</span> 
     </span>
    </p>
   </div>
   <div class='ocr_carea' id='block_1_8' title="bbox 161 2774 490 2814">
    <p class='ocr_par' dir='ltr' id='par_1_10' title="bbox 161 2774 490 2814">
     <span class='ocr_line' id='line_1_47' title="bbox 161 2774 490 2814; baseline 0.003 -10"><span class='ocrx_word' id='word_1_366' title='bbox 161 2774 220 2804; x_wconf 85' lang='lat' dir='ltr'>reri</span> <span class='ocrx_word' id='word_1_367' title='bbox 236 2774 368 2814; x_wconf 85' lang='lat' dir='ltr'>quisque</span> <span class='ocrx_word' id='word_1_368' title='bbox 384 2774 490 2805; x_wconf 87' lang='lat' dir='ltr'>debet.</span> 
     </span>
    </p>
   </div>
   <div class='ocr_carea' id='block_1_9' title="bbox 205 2816 918 2860">
    <p class='ocr_par' dir='ltr' id='par_1_11' title="bbox 205 2816 918 2860">
     <span class='ocr_line' id='line_1_48' title="bbox 205 2816 918 2860; baseline 0.004 -13"><span class='ocrx_word' id='word_1_369' title='bbox 205 2816 255 2848; x_wconf 89' lang='lat' dir='ltr'>Ib.</span> <span class='ocrx_word' id='word_1_370' title='bbox 279 2816 430 2849; x_wconf 75' lang='lat' dir='ltr'>Iudicium</span> <span class='ocrx_word' id='word_1_371' title='bbox 445 2816 584 2860; x_wconf 52' lang='lat' dir='ltr'>sequere]</span> <span class='ocrx_word' id='word_1_372' title='bbox 628 2817 825 2860; x_wconf 77' lang='lat' dir='ltr'>Magistratui</span> <span class='ocrx_word' id='word_1_373' title='bbox 842 2818 918 2850; x_wconf 85' lang='lat' dir='ltr'>obe-</span> 
     </span>
    </p>
   </div>
   <div class='ocr_carea' id='block_1_10' title="bbox 160 2645 920 2772">
    <p class='ocr_par' dir='ltr' id='par_1_12' title="bbox 160 2645 920 2772">
     <span class='ocr_line' id='line_1_49' title="bbox 724 2645 919 2676; baseline -0.005 0"><span class='ocrx_word' id='word_1_374' title='bbox 724 2645 826 2676; x_wconf 72' lang='lat' dir='ltr'>Penes</span> <span class='ocrx_word' id='word_1_375' title='bbox 855 2656 919 2675; x_wconf 88' lang='lat' dir='ltr'>ma-</span> 
     </span>
     <span class='ocr_line' id='line_1_50' title="bbox 160 2688 920 2729; baseline 0 -11"><span class='ocrx_word' id='word_1_376' title='bbox 160 2688 322 2728; x_wconf 80' lang='lat' dir='ltr'>gistratum</span> <span class='ocrx_word' id='word_1_377' title='bbox 350 2694 396 2718; x_wconf 86' lang='lat' dir='ltr'>est</span> <span class='ocrx_word' id='word_1_378' title='bbox 423 2689 597 2723; x_wconf 75' lang='lat' dir='ltr'>auctoritas,</span> <span class='ocrx_word' id='word_1_379' title='bbox 621 2688 781 2727; x_wconf 84' lang='lat' dir='ltr'>videlicet,</span> <span class='ocrx_word' id='word_1_380' title='bbox 798 2688 852 2729; x_wconf 90' lang='lat' dir='ltr'>qui</span> <span class='ocrx_word' id='word_1_381' title='bbox 876 2688 920 2718; x_wconf 91' lang='lat' dir='ltr'>le-</span> 
     </span>
     <span class='ocr_line' id='line_1_51' title="bbox 161 2730 920 2772; baseline 0.003 -12"><span class='ocrx_word' id='word_1_382' title='bbox 161 2741 216 2771; x_wconf 84' lang='lat' dir='ltr'>ges</span> <span class='ocrx_word' id='word_1_383' title='bbox 249 2731 326 2761; x_wconf 85' lang='lat' dir='ltr'>ferre</span> <span class='ocrx_word' id='word_1_384' title='bbox 349 2737 463 2771; x_wconf 84' lang='lat' dir='ltr'>potest,</span> <span class='ocrx_word' id='word_1_385' title='bbox 487 2737 519 2761; x_wconf 89' lang='lat' dir='ltr'>et</span> <span class='ocrx_word' id='word_1_386' title='bbox 533 2730 620 2772; x_wconf 85' lang='lat' dir='ltr'>cujus</span> <span class='ocrx_word' id='word_1_387' title='bbox 643 2732 838 2763; x_wconf 78' lang='lat' dir='ltr'>sanctitatem</span> <span class='ocrx_word' id='word_1_388' title='bbox 868 2742 920 2762; x_wconf 84' lang='lat' dir='ltr'>ve-</span> 
     </span>
    </p>
   </div>
   <div class='ocr_carea' id='block_1_11' title="bbox 957 2129 1719 2772">
    <p class='ocr_par' dir='ltr' id='par_1_13' title="bbox 957 2129 1718 2297">
     <span class='ocr_line' id='line_1_52' title="bbox 1000 2129 1718 2173; baseline 0.007 -15"><span class='ocrx_word' id='word_1_389' title='bbox 1000 2129 1048 2160; x_wconf 86' lang='lat' dir='ltr'>lb.</span> <span class='ocrx_word' id='word_1_390' title='bbox 1084 2131 1186 2169; x_wconf 71' lang='lat' dir='ltr'>Neque</span> <span class='ocrx_word' id='word_1_391' title='bbox 1219 2131 1277 2160; x_wconf 60' lang='lat' dir='ltr'>‘rim</span> <span class='ocrx_word' id='word_1_392' title='bbox 1298 2132 1504 2173; x_wconf 57' lang='lat' dir='ltr'>pei-timescffi]</span> <span class='ocrx_word' id='word_1_393' title='bbox 1549 2131 1718 2173; x_wconf 79' lang='lat' dir='ltr'>Magistra-</span> 
     </span>
     <span class='ocr_line' id='line_1_53' title="bbox 957 2173 1717 2214; baseline 0.005 -13"><span class='ocrx_word' id='word_1_394' title='bbox 957 2177 1038 2208; x_wconf 88' lang='lat' dir='ltr'>tum,</span> <span class='ocrx_word' id='word_1_395' title='bbox 1070 2174 1122 2213; x_wconf 89' lang='lat' dir='ltr'>qui</span> <span class='ocrx_word' id='word_1_396' title='bbox 1149 2173 1284 2213; x_wconf 75' lang='lat' dir='ltr'>gladium</span> <span class='ocrx_word' id='word_1_397' title='bbox 1313 2180 1416 2214; x_wconf 83' lang='lat' dir='ltr'>potest</span> <span class='ocrx_word' id='word_1_398' title='bbox 1437 2175 1585 2206; x_wconf 85' lang='lat' dir='ltr'>adhibere</span> <span class='ocrx_word' id='word_1_399' title='bbox 1612 2176 1644 2205; x_wconf 90' lang='lat' dir='ltr'>in</span> <span class='ocrx_word' id='word_1_400' title='bbox 1668 2186 1717 2205; x_wconf 84' lang='lat' dir='ltr'>re-</span> 
     </span>
     <span class='ocr_line' id='line_1_54' title="bbox 958 2215 1718 2258; baseline 0.005 -13"><span class='ocrx_word' id='word_1_401' title='bbox 958 2216 1055 2246; x_wconf 74' lang='lat' dir='ltr'>belles</span> <span class='ocrx_word' id='word_1_402' title='bbox 1082 2221 1113 2246; x_wconf 72' lang='grc'>61</span> <span class='ocrx_word' id='word_1_403' title='bbox 1127 2215 1292 2246; x_wconf 74' lang='lat' dir='ltr'>sceleratos</span> <span class='ocrx_word' id='word_1_404' title='bbox 1309 2219 1403 2253; x_wconf 81' lang='lat' dir='ltr'>cives,</span> <span class='ocrx_word' id='word_1_405' title='bbox 1419 2218 1636 2258; x_wconf 81' lang='lat' dir='ltr'>pertimescere</span> <span class='ocrx_word' id='word_1_406' title='bbox 1662 2219 1718 2249; x_wconf 90' lang='lat' dir='ltr'>de-</span> 
     </span>
     <span class='ocr_line' id='line_1_55' title="bbox 960 2259 1544 2297; baseline 0.003 -9"><span class='ocrx_word' id='word_1_407' title='bbox 960 2259 1010 2288; x_wconf 83' lang='lat' dir='ltr'>bet</span> <span class='ocrx_word' id='word_1_408' title='bbox 1023 2259 1169 2297; x_wconf 80' lang='lat' dir='ltr'>Catilina,</span> <span class='ocrx_word' id='word_1_409' title='bbox 1192 2260 1218 2289; x_wconf 88' lang='lat' dir='ltr'>si</span> <span class='ocrx_word' id='word_1_410' title='bbox 1230 2260 1261 2289; x_wconf 92' lang='lat' dir='ltr'>in</span> <span class='ocrx_word' id='word_1_411' title='bbox 1278 2259 1363 2291; x_wconf 86' lang='lat' dir='ltr'>Urbe</span> <span class='ocrx_word' id='word_1_412' title='bbox 1378 2266 1544 2290; x_wconf 79' lang='lat' dir='ltr'>remaneat.</span> 
     </span>
    </p>

    <p class='ocr_par' dir='ltr' id='par_1_14' title="bbox 958 2301 1716 2419">
     <span class='ocr_line' id='line_1_56' title="bbox 1002 2301 1715 2346; baseline 0.006 -15"><span class='ocrx_word' id='word_1_413' title='bbox 1002 2302 1053 2332; x_wconf 81' lang='lat'>68.</span> <span class='ocrx_word' id='word_1_414' title='bbox 1079 2301 1278 2342; x_wconf 80' lang='lat' dir='ltr'>Nullzmzjam</span> <span class='ocrx_word' id='word_1_415' title='bbox 1294 2309 1333 2333; x_wconf 77' lang='lat' dir='ltr'>tot</span> <span class='ocrx_word' id='word_1_416' title='bbox 1348 2303 1464 2343; x_wconf 58' lang='lat' dir='ltr'>annm]</span> <span class='ocrx_word' id='word_1_417' title='bbox 1500 2303 1631 2334; x_wconf 87' lang='lat' dir='ltr'>Illustris</span> <span class='ocrx_word' id='word_1_418' title='bbox 1644 2315 1715 2346; x_wconf 87' lang='lat' dir='ltr'>pro-</span> 
     </span>
     <span class='ocr_line' id='line_1_57' title="bbox 958 2345 1716 2389; baseline 0.004 -14"><span class='ocrx_word' id='word_1_419' title='bbox 958 2345 1123 2385; x_wconf 65' lang='lat' dir='ltr'>sopopoeia</span> <span class='ocrx_word' id='word_1_420' title='bbox 1139 2346 1247 2387; x_wconf 62' lang='lat' dir='ltr'>patriae</span> <span class='ocrx_word' id='word_1_421' title='bbox 1263 2346 1447 2389; x_wconf 80' lang='lat' dir='ltr'>alloquentis</span> <span class='ocrx_word' id='word_1_422' title='bbox 1471 2351 1503 2376; x_wconf 86' lang='lat' dir='ltr'>et</span> <span class='ocrx_word' id='word_1_423' title='bbox 1525 2346 1716 2388; x_wconf 82' lang='lat' dir='ltr'>objurgantis</span> 
     </span>
     <span class='ocr_line' id='line_1_58' title="bbox 961 2388 1138 2419; baseline -0.006 0"><span class='ocrx_word' id='word_1_424' title='bbox 961 2388 1138 2419; x_wconf 82' lang='lat' dir='ltr'>Catilinam.</span> 
     </span>
    </p>

    <p class='ocr_par' dir='ltr' id='par_1_15' title="bbox 959 2431 1717 2590">
     <span class='ocr_line' id='line_1_59' title="bbox 1003 2431 1717 2474; baseline 0.006 -13"><span class='ocrx_word' id='word_1_425' title='bbox 1003 2433 1055 2462; x_wconf 83' lang='lat'>69.</span> <span class='ocrx_word' id='word_1_426' title='bbox 1078 2431 1439 2474; x_wconf 67' lang='lat' dir='ltr'>Nzcllumflagitiuvzsim?</span> <span class='ocrx_word' id='word_1_427' title='bbox 1454 2432 1507 2473; x_wconf 84' lang='lat' dir='ltr'>te.]</span> <span class='ocrx_word' id='word_1_428' title='bbox 1553 2433 1672 2474; x_wconf 82' lang='lat' dir='ltr'>Syllam</span> <span class='ocrx_word' id='word_1_429' title='bbox 1684 2436 1717 2465; x_wconf 86' lang='lat' dir='ltr'>in</span> 
     </span>
     <span class='ocr_line' id='line_1_60' title="bbox 959 2474 1715 2516; baseline 0.008 -13"><span class='ocrx_word' id='word_1_430' title='bbox 959 2474 1076 2504; x_wconf 83' lang='lat' dir='ltr'>crudeli</span> <span class='ocrx_word' id='word_1_431' title='bbox 1107 2474 1160 2504; x_wconf 65' lang='lat' dir='ltr'>illa</span> <span class='ocrx_word' id='word_1_432' title='bbox 1190 2475 1414 2516; x_wconf 60' lang='lat' dir='ltr'>proscriptione</span> <span class='ocrx_word' id='word_1_433' title='bbox 1443 2481 1567 2507; x_wconf 83' lang='lat' dir='ltr'>secutus</span> <span class='ocrx_word' id='word_1_434' title='bbox 1597 2482 1654 2513; x_wconf 82' lang='lat' dir='ltr'>est,</span> <span class='ocrx_word' id='word_1_435' title='bbox 1680 2479 1715 2509; x_wconf 90' lang='lat' dir='ltr'>in</span> 
     </span>
     <span class='ocr_line' id='line_1_61' title="bbox 959 2516 1712 2558; baseline 0.009 -13"><span class='ocrx_word' id='word_1_436' title='bbox 959 2516 1021 2557; x_wconf 67' lang='lat' dir='ltr'>quii</span> <span class='ocrx_word' id='word_1_437' title='bbox 1037 2517 1148 2548; x_wconf 80' lang='lat' dir='ltr'>multos</span> <span class='ocrx_word' id='word_1_438' title='bbox 1160 2518 1241 2548; x_wconf 87' lang='lat' dir='ltr'>cives</span> <span class='ocrx_word' id='word_1_439' title='bbox 1256 2518 1423 2558; x_wconf 84' lang='lat' dir='ltr'>interfecit,</span> <span class='ocrx_word' id='word_1_440' title='bbox 1439 2524 1474 2548; x_wconf 86' lang='lat' dir='ltr'>ut</span> <span class='ocrx_word' id='word_1_441' title='bbox 1491 2517 1567 2556; x_wconf 85' lang='lat' dir='ltr'>Dio,</span> <span class='ocrx_word' id='word_1_442' title='bbox 1591 2519 1645 2550; x_wconf 88' lang='lat' dir='ltr'>lib.</span> <span class='ocrx_word' id='word_1_443' title='bbox 1659 2521 1712 2553; x_wconf 81' lang='lat'>37.</span> 
     </span>
     <span class='ocr_line' id='line_1_62' title="bbox 962 2565 1103 2590; baseline -0.007 -1"><span class='ocrx_word' id='word_1_444' title='bbox 962 2565 1103 2590; x_wconf 83' lang='lat' dir='ltr'>testatur.</span> 
     </span>
    </p>

    <p class='ocr_par' dir='ltr' id='par_1_16' title="bbox 964 2603 1719 2772">
     <span class='ocr_line' id='line_1_63' title="bbox 1003 2603 1717 2645; baseline 0.008 -13"><span class='ocrx_word' id='word_1_445' title='bbox 1003 2604 1056 2632; x_wconf 78' lang='lat'>70.</span> <span class='ocrx_word' id='word_1_446' title='bbox 1081 2603 1239 2644; x_wconf 69' lang='lat' dir='ltr'>Direptio]</span> <span class='ocrx_word' id='word_1_447' title='bbox 1285 2604 1419 2634; x_wconf 82' lang='lat' dir='ltr'>Catilina</span> <span class='ocrx_word' id='word_1_448' title='bbox 1443 2609 1554 2645; x_wconf 67' lang='lat' dir='ltr'>praetor</span> <span class='ocrx_word' id='word_1_449' title='bbox 1578 2605 1717 2639; x_wconf 80' lang='lat' dir='ltr'>Africam</span> 
     </span>
     <span class='ocr_line' id='line_1_64' title="bbox 964 2645 1717 2691; baseline 0.008 -16"><span class='ocrx_word' id='word_1_450' title='bbox 964 2645 1149 2681; x_wconf 81' lang='lat' dir='ltr'>obtinuerat,</span> <span class='ocrx_word' id='word_1_451' title='bbox 1173 2646 1190 2676; x_wconf 76' lang='grc'>6</span> <span class='ocrx_word' id='word_1_452' title='bbox 1217 2646 1277 2687; x_wconf 68' lang='lat' dir='ltr'>quii</span> <span class='ocrx_word' id='word_1_453' title='bbox 1304 2646 1372 2677; x_wconf 76' lang='lat' dir='ltr'>cfim</span> <span class='ocrx_word' id='word_1_454' title='bbox 1399 2647 1533 2678; x_wconf 83' lang='lat' dir='ltr'>Romam</span> <span class='ocrx_word' id='word_1_455' title='bbox 1564 2650 1717 2691; x_wconf 82' lang='lat' dir='ltr'>rediisset,</span> 
     </span>
     <span class='ocr_line' id='line_1_65' title="bbox 965 2688 1719 2731; baseline 0.008 -12"><span class='ocrx_word' id='word_1_456' title='bbox 965 2688 1050 2719; x_wconf 79' lang='lat' dir='ltr'>Coss.</span> <span class='ocrx_word' id='word_1_457' title='bbox 1079 2689 1172 2719; x_wconf 69' lang='lat' dir='ltr'>Cotta</span> <span class='ocrx_word' id='word_1_458' title='bbox 1198 2696 1230 2719; x_wconf 89' lang='lat' dir='ltr'>et</span> <span class='ocrx_word' id='word_1_459' title='bbox 1251 2690 1420 2731; x_wconf 89' lang='lat' dir='ltr'>Torquato,</span> <span class='ocrx_word' id='word_1_460' title='bbox 1447 2690 1465 2720; x_wconf 72' lang='grc' dir='ltr'>’ἶι</span> <span class='ocrx_word' id='word_1_461' title='bbox 1487 2690 1524 2722; x_wconf 90' lang='grc' dir='ltr'>Ρ.</span> <span class='ocrx_word' id='word_1_462' title='bbox 1542 2691 1655 2724; x_wconf 86' lang='lat' dir='ltr'>Clodio</span> <span class='ocrx_word' id='word_1_463' title='bbox 1670 2705 1719 2725; x_wconf 85' lang='lat' dir='ltr'>re-</span> 
     </span>
     <span class='ocr_line' id='line_1_66' title="bbox 965 2732 1719 2772; baseline 0.009 -10"><span class='ocrx_word' id='word_1_464' title='bbox 965 2732 1171 2772; x_wconf 76' lang='lat' dir='ltr'>petundarum</span> <span class='ocrx_word' id='word_1_465' title='bbox 1200 2738 1360 2763; x_wconf 85' lang='lat' dir='ltr'>accusatus</span> <span class='ocrx_word' id='word_1_466' title='bbox 1385 2738 1443 2770; x_wconf 83' lang='lat' dir='ltr'>est,</span> <span class='ocrx_word' id='word_1_467' title='bbox 1467 2740 1499 2764; x_wconf 82' lang='grc'>61</span> <span class='ocrx_word' id='word_1_468' title='bbox 1527 2735 1685 2768; x_wconf 81' lang='lat' dir='ltr'>absolutus</span> <span class='ocrx_word' id='word_1_469' title='bbox 1701 2738 1719 2769; x_wconf 68' lang='grc' dir='ltr'>εἴ</span> 
     </span>
    </p>
   </div>
   <div class='ocr_carea' id='block_1_12' title="bbox 956 2774 1566 2819">
    <p class='ocr_par' dir='ltr' id='par_1_17' title="bbox 956 2774 1566 2819">
     <span class='ocr_line' id='line_1_67' title="bbox 956 2774 1566 2819; baseline 0.005 -12"><span class='ocrx_word' id='word_1_470' title='bbox 956 2774 1127 2816; x_wconf 78' lang='lat' dir='ltr'>judicibus,</span> <span class='ocrx_word' id='word_1_471' title='bbox 1142 2786 1219 2817; x_wconf 88' lang='lat' dir='ltr'>quos</span> <span class='ocrx_word' id='word_1_472' title='bbox 1233 2776 1365 2817; x_wconf 63' lang='lat' dir='ltr'>pecunia</span> <span class='ocrx_word' id='word_1_473' title='bbox 1379 2784 1566 2819; x_wconf 83' lang='lat' dir='ltr'>corruperat.</span> 
     </span>
    </p>
   </div>
  </div>
 </body>
</html>
