1790 3090
127 177 211 219 268
835 184 886 215 in
910 184 1129 217 PISONEM.

201 266 255 294 ne
275 254 341 295 vel
361 254 548 307 honoris,
570 254 614 296 id
635 255 679 296 in
700 257 837 299 salute
858 258 970 310 mea,
991 258 1108 299 nullo
1131 263 1322 315 rogante,
1343 272 1419 302 vos
1439 260 1581 302 vestr-a
1600 268 1752 319 sponte

127 310 182 350 70
201 309 379 352 fecistis.

257 366 360 408 VII.
392 366 552 409 Confer
585 383 715 420 nunc,
738 369 922 426 Epicure
950 377 1108 422 noster,
1131 385 1183 412 ex
1213 371 1316 413 hara
1347 374 1572 429 producte,
1591 387 1678 414 non
1699 386 1752 416 ex

198 423 365 474 schola,
388 424 547 477 confer,
569 425 603 466 si
626 426 773 477 audes,
795 427 1034 469 absentiam
1065 434 1183 469 tuam
1218 442 1316 470 cum
1344 431 1452 471 mea.
1513 429 1754 471 obtinuisti

198 479 461 534 provinciam
492 483 759 523 consularem
791 483 947 524 finibus
971 484 1037 535 iis,
1059 499 1167 540 quos
1188 485 1256 526 lex
1277 486 1524 542 cupiditatis
1546 493 1646 537 tuae,
1666 499 1754 527 non

197 550 306 590 quos
320 536 389 577 lex
404 538 546 592 generi
559 537 636 589 tui,
651 539 886 595 pepigerat.
919 540 1044 592 Nam,
1061 542 1157 597 lege
1175 541 1357 583 Caesaris
1367 543 1610 598 justissima
1623 549 1751 598 atque

150 593 176 631 5
196 591 370 647 optima,
389 594 536 648 populi
568 594 687 636 liberi
721 595 846 651 plane
869 602 912 637 et
932 597 1026 638 vere
1060 603 1179 638 erant
1209 598 1352 639 liberi:
1382 600 1478 655 lege
1511 605 1653 641 autem
1682 598 1750 650 ea,

195 662 322 703 quam
343 663 468 690 nemo
500 651 653 706 legem,
676 659 903 707 praeter-te
940 660 983 694 et
1019 654 1228 710 collegam
1259 663 1392 706 tuum,
1413 656 1592 711 putavit,
1614 654 1753 697 omnis

194 711 284 745 erat
302 705 377 746 tibi
398 706 578 758 Achaia,
600 707 836 760 Thessalia,
859 710 1056 761 Athenae,
1078 721 1235 752 cuncta
1248 710 1414 753 Graecia
1435 712 1623 753 addicta.
1666 711 1751 752 Ha-

193 758 327 802 bebas
349 763 585 805 exercitum
621 771 802 817 tanturn,
826 774 1031 822 quantum
1063 767 1139 808 tibi
1170 782 1257 808 non
1279 775 1453 809 senatus
1473 775 1546 810 aut
1566 769 1750 824 populus

195 815 412 859 Romanus
431 820 620 871 dederat,
637 822 712 862 sed
730 830 937 878 quantum
952 830 1026 864 tua
1041 823 1176 864 libido
1194 825 1531 880 conscripserat:
1562 823 1752 865 aerarium

122 873 173 914 10
193 873 460 916 exhauseras.
521 877 638 924 Quas
653 893 719 918 res
737 879 908 934 gessisti
927 880 969 919 in
986 880 1179 936 imperio,
1199 881 1401 932 exercitu,
1417 880 1636 936 provincia
1652 894 1751 921 con-

192 930 350 970 sulari?
383 931 500 978 Quas
518 947 584 973 res
602 935 794 988 gesserit,
808 936 983 990 quaero?
1015 936 1103 991 qui,
1117 943 1166 977 ut
1180 938 1311 988 venit,
1329 939 1473 978 statim
1490 969 1606 979 .....
1611 937 1750 989 (Non-

191 986 598 1048 dumcommemoro
615 990 801 1044 rapinas,
819 992 1008 1031 nondum
1026 1000 1199 1033 exactas
1217 994 1422 1048 pecunias
1438 1010 1448 1044 ;
1479 1009 1566 1035 non
1584 1000 1749 1049 captas,

190 1056 276 1082 non
299 1050 550 1098 lmperatas:
583 1059 669 1085 non
705 1060 831 1088 neces
865 1047 1092 1098 sociorum,
1114 1063 1199 1088 non
1227 1050 1389 1090 caedem
1409 1050 1642 1105 hospitum,
1663 1062 1750 1090 non

189 1099 430 1153 perfidiam,
453 1115 539 1141 non
569 1101 895 1153 immanitatem,
931 1118 1018 1144 non
1052 1105 1230 1156 scelera,
1252 1106 1467 1161 praedico:
1497 1120 1612 1154 mox,
1635 1105 1671 1145 si
1695 1105 1752 1146 vi-

120 1155 171 1194 15
191 1155 373 1207 debitur,
396 1164 444 1197 ut
479 1172 576 1199 cum
617 1158 722 1209 fure,
744 1166 791 1200 ut
828 1174 926 1200 cum
961 1160 1187 1216 sacrilego,
1207 1169 1255 1202 ut
1288 1176 1386 1202 cum
1417 1161 1584 1211 sicario,
1608 1161 1752 1216 dispu-

189 1212 291 1253 tabo
311 1227 320 1253 :
351 1226 466 1254 nunc
501 1228 639 1255 ineam
676 1216 903 1270 spoliatam
940 1217 1154 1257 fortunam
1189 1217 1408 1259 conferam
1443 1233 1540 1259 cum
1572 1217 1753 1258 florente

188 1257 359 1308 fortuna
381 1269 680 1325 imperatoris.)
725 1272 833 1320 Quis
852 1287 1040 1328 unquam
1060 1273 1326 1328 provinciam
1347 1289 1444 1315 cum
1466 1274 1656 1315 exercitu
1678 1273 1753 1314 ob-

187 1323 333 1376 tinuit,
354 1325 428 1381 qui
458 1328 597 1368 nullas
633 1328 688 1368 ad
721 1336 917 1369 senatum
952 1329 1096 1370 literas
1132 1330 1324 1371 miserit?
1355 1337 1520 1371 tantam
1540 1329 1639 1371 vero
1659 1343 1755 1386 pro-

186 1381 370 1422 vinciam
388 1397 487 1423 cum
506 1390 627 1424 tanto
651 1385 857 1437 exercitu,
880 1385 1183 1427 Macedoniam
1203 1386 1453 1442 praesertim,
1471 1401 1600 1442 quam
1620 1392 1752 1427 tantae

112 1437 168 1478 20
186 1437 464 1479 barbarorum
485 1447 635 1495 gentes
657 1441 889 1498 attingunt,
911 1449 959 1483 ut
978 1457 1146 1498 semper
1166 1442 1464 1484 Macedonicis
1488 1441 1752 1499 imperatori-

185 1494 266 1535 bus
288 1494 418 1536 iidem
440 1497 547 1538 fines
568 1497 799 1553 provinciae
832 1498 1002 1547 fuerint,
1024 1499 1096 1554 qui
1133 1500 1371 1555 gladiorum
1398 1506 1525 1555 atque
1543 1499 1751 1555 pilorum;

229 1743 259 1771 1.
286 1741 343 1771 Con
362 1753 394 1772 er
409 1743 514 1784 nuum]
562 1741 656 1772 Nunc
684 1753 772 1773 suum
804 1741 945 1772 exsilium
992 1741 1136 1772 bellicam
1153 1741 1446 1778 administrandi,ut
1458 1746 1586 1773 testatur
1595 1741 1754 1782 Sigonius,

184 1794 255 1815 cum
271 1785 394 1815 Pisonis
409 1784 548 1815 absentia
565 1786 696 1816 confert.
993 1784 1046 1815 lib.
1060 1788 1092 1816 2.
1107 1785 1147 1815 de
1163 1785 1292 1826 antiquo
1306 1785 1375 1826 jure
1389 1785 1528 1826 provinc.
1546 1785 1656 1826 cap.6.

230 1826 279 1859 ΙΙ).
304 1826 349 1858 Ex·
365 1828 437 1858 hard
447 1828 613 1868 producta]
658 1831 705 1859 Ex
721 1828 794 1858 hara
813 1829 948 1867 produc·
1035 1830 1088 1858 13.
1113 1827 1181 1858 Non
1206 1838 1284 1858 ‘neces
1308 1827 1474 1867 sociorum]
1522 1828 1753 1863 Rabocentum,

187 1875 264 1906 tum,
295 1871 478 1911 proverbiali
517 1870 625 1911 figura,
657 1871 780 1906 dicitur,
819 1870 947 1900 Erasmo
993 1870 1168 1910 principem
1186 1871 1321 1901 Bessicae
1335 1872 1448 1911 gentis,
1469 1870 1615 1901 trecentis
1627 1871 1753 1901 talentis

186 1918 280 1949 teste,
304 1913 329 1943 si
352 1914 428 1953 quid
465 1913 627 1943 indoctum
665 1919 799 1944 notetur.
861 1913 947 1943 Ηανα
993 1913 1066 1942 Piso
1081 1913 1147 1953 regi
1164 1913 1258 1943 Cotto
1273 1924 1342 1944 cum
1359 1914 1428 1943 aliis
1452 1913 1562 1954 legatis
1578 1913 1751 1949 venditum,

186 1955 278 1995 porro
296 1956 449 1986 stabulum
466 1966 628 1996 porcorum
645 1962 704 1986 est.
993 1956 1093 1986 securi
1108 1957 1273 1996 percussit.
1317 1956 1370 1986 De
1386 1958 1446 1987 hoc
1462 1955 1601 1987 inferius.

230 2000 262 2029 3.
289 1998 501 2039 Provinciam]
537 1998 714 2029 Consularis
731 1999 891 2038 provincia
901 1998 947 2028 di·
1036 1998 1085 2028 Ib.
1113 1999 1223 2029 Caedem
1250 1999 1422 2039 hospitum]
1470 1999 1638 2035 Platorem,
1665 2008 1753 2029 suum

188 2041 327 2076 cebatur‚
342 2052 411 2081 quae
424 2042 602 2072 consulibus
618 2043 854 2079 decernebatur,
871 2051 948 2082 qua·
990 2041 1157 2080 hospitem,
1173 2042 1293 2081 apertis
1304 2043 1394 2072 venis
1410 2042 1487 2072 mori
1502 2041 1677 2082 imperavit.

187 2084 225 2113 lis
243 2090 305 2114 tum
322 2084 380 2113 fuit
395 2084 599 2115 Macedonia.
1035 2086 1086 2114 17.
1120 2083 1331 2125 Imperatoria]
1378 2085 1526 2115 Pisonem
1553 2083 1669 2115 ironice
1692 2083 1750 2113 im-

230 2130 261 2157 4.
287 2126 397 2157 Generi
413 2127 485 2167 ῑιιί.]
532 2127 654 2157 Pisonis
671 2127 775 2157 Caesar
790 2137 884 2167 gener
901 2127 948 2156 fu-
991 2132 1166 2167 peratorern
1182 2127 1331 2157 nominat.
1692 2164 1695 2165 .

188 2168 231 2199 it:
255 2180 328 2199 nam
345 2170 438 2200 filiam
455 2171 523 2210 ejus
534 2170 735 2207 Calpurniam
752 2180 879 2200 uxorem
895 2180 946 2200 ac·
1033 2171 1087 2200 20.
1112 2169 1312 2200 Barbarorum
1326 2175 1426 2211 gentes
1449 2169 1632 2211 attingunt]
1677 2169 1753 2199 Ma-

188 2217 326 2253 ceperat.
596 2208 604 2211 Δ
989 2212 1154 2242 cedoniain
1171 2212 1189 2242 a
1203 2212 1430 2253 Septemtrione
1440 2212 1575 2243 Thraces
1588 2211 1750 2242 finitimam

231 2257 262 2285 5.
288 2255 395 2294 Populi
418 2256 526 2296 liberi]
572 2255 657 2285 Tulit
671 2255 708 2286 C.
725 2255 828 2286 Julius
841 2255 945 2286 Caesar
988 2256 1116 2290 habent,
1130 2255 1196 2296 qui,
1213 2260 1289 2285 teste
1306 2255 1482 2291 Herodoto,
1496 2260 1568 2296 post
1582 2254 1679 2284 Indos
1691 2265 1751 2284 nu-

188 2298 297 2328 consul
309 2309 379 2328 cuin
391 2298 507 2328 Bibulo
521 2309 602 2328 anno
616 2299 709 2329 Urbis
721 2299 857 2328 condita:
870 2300 945 2328 693.
988 2298 1183 2328 merosissimi
1194 2302 1267 2328 sunt
1276 2298 1394 2339 populi,
1404 2303 1436 2328 et
1444 2297 1645 2340 Thucydide,
1657 2297 1748 2337 longe

188 2345 222 2373 ut
237 2340 374 2380 Achaia,
385 2341 558 2375 Thessalia,
575 2348 687 2371 cuncta
703 2341 838 2378 Graecia,
852 2341 949 2371 libera
992 2341 1129 2371 caedibus
1145 2342 1282 2371 omnium
1294 2339 1490 2371 deditissimi.

189 2387 282 2418 esset,
297 2394 400 2424 neque
424 2384 650 2424 magistralibus
676 2384 787 2424 populi
813 2384 949 2414 Romani
1036 2386 1088 2415 21.
1113 2383 1174 2418 Qui
1185 2384 1354 2424 gladiorum
1376 2389 1460 2423 atque
1470 2381 1628 2423 pilorum]
1672 2380 1751 2412 Vult

189 2424 239 2466 jus
256 2426 360 2455 dicere
378 2426 495 2456 liceret.
993 2427 1143 2463 indicare,
1168 2426 1251 2467 quoti
1275 2427 1479 2461 Macedonia,
1493 2426 1531 2455 ab
1547 2436 1585 2455 eo
1609 2430 1750 2464 tempore

232 2467 283 2498 Ib.
306 2468 381 2509 Lege
409 2475 505 2499 autem
530 2469 588 2510 eat]
634 2468 719 2498 Tulit
741 2469 842 2508 legem
874 2467 949 2498 Clo·
993 2470 1098 2509 quoin
1117 2479 1185 2500 eam
1202 2469 1339 2500 Romani
1354 2470 1556 2509 imperatores
1570 2468 1651 2497 missi
1667 2472 1750 2502 sunt,

191 2511 262 2541 dius
279 2510 416 2541 tribunus
434 2511 545 2551 plebis,
562 2517 596 2541 ut
612 2511 747 2541 Gabinio
763 2511 866 2551 Syria,
883 2510 947 2540 Ba-
992 2522 1054 2541 non
1072 2512 1140 2542 aliis
1165 2511 1313 2542 limitibus
1337 2512 1431 2553 quam
1455 2521 1561 2541 eorum
1587 2509 1678 2544 armis
1693 2509 1752 2541 cir·

190 2553 210 2588 b
226 2553 300 2589 ’lon,
321 2553 444 2590 Persae;
470 2554 578 2584 Pisoni
593 2553 796 2589 Macedonia,
811 2553 947 2589 Achaia,
991 2555 1175 2595 cumscripta
1190 2555 1258 2585 fuit.

189 2595 362 2631 lhessalia,
379 2596 516 2632 Boeotia,
539 2597 638 2626 omnis
666 2596 799 2632 Graecia,
814 2607 947 2637 procon-
1034 2597 1082 2627 Ib.
1118 2597 1281 2637 Pilo‘rum]
1340 2596 1442 2627 Pilum
1469 2607 1566 2637 genus
1589 2595 1749 2638 quoddam

191 2638 284 2669 sulari
314 2639 444 2679 imperio
481 2640 695 2669 mandaretur:
735 2640 848 2679 iisque,
880 2649 950 2669 curu
996 2650 1146 2670 armorum
1163 2639 1233 2677 suit,
1250 2639 1346 2680 quod,
1362 2645 1396 2669 ut
1409 2639 1532 2676 hastile,
1548 2639 1588 2670 ad
1612 2638 1748 2669 medium

191 2682 328 2713 exercitu
350 2682 382 2711 in
397 2692 449 2712 eas
469 2681 641 2722 provincias
656 2681 755 2718 ituris,
767 2681 901 2722 pecunia
913 2693 950 2712 ex
995 2693 1092 2723 usque
1116 2683 1300 2723 quadratum
1325 2688 1401 2719 erat,
1416 2687 1449 2712 et
1463 2683 1547 2722 quod
1573 2682 1653 2712 ferro
1672 2690 1750 2722 qua-

193 2725 299 2754 aerario
315 2725 542 2755 attribueretur.
993 2726 1080 2756 drato
1117 2725 1349 2767 praefigebatur.
1403 2725 1489 2757 Vide
1510 2725 1598 2767 Lips.
1627 2724 1680 2756 lib.
1705 2723 1746 2753 de

237 2770 290 2799 10.
312 2767 465 2808 Imperia]
493 2767 662 2808 Imperium
671 2767 724 2808 jus
740 2767 799 2798 fuit
813 2768 952 2799 habendi
994 2768 1091 2800 Milit.
1105 2767 1205 2800 Rom-

193 2810 376 2848 exercitum,
403 2811 533 2851 gerendi
555 2811 684 2847 bellum,
705 2816 738 2842 et
759 2815 855 2842 totam
886 2821 950 2842 rem
