1858 3095
703 148 794 181 PRO
820 147 981 182 COELIO.

75 224 148 275 illst
179 224 426 283 suspicione
456 223 681 267 abhorrere
714 224 865 275 debet3
910 224 996 266 hoc
1030 224 1145 267 enim
1181 225 1470 278 adolescente,
1511 229 1632 271 scitis

75 283 346 325 consulatum
363 294 530 324 mecum
552 280 710 337 petisse
733 280 988 332 Catilinam3
1009 282 1062 323 ad
1085 298 1213 339 quem
1233 283 1268 325 si
1289 284 1486 334 accessit,
1510 293 1583 326 aut
1596 287 1630 326 si

76 338 99 390 ᾇ
124 353 192 381 me
214 337 415 381 discessit
440 351 641 393 unquam,
672 336 935 394 quamquam
966 339 1086 380 multi
1121 339 1220 381 boni
1255 340 1551 382 adolescentes
1573 341 1631 381 illi

76 393 240 437 homini
267 408 451 451 nequam
471 402 514 435 at
548 409 600 435 ue
622 393 817 450 improbo
839 394 1106 444 studuerunt,
1129 403 1220 437 tum
1249 397 1514 438 existimetur
1535 397 1632 438 Coe-

78 450 162 493 lius
183 450 378 493 Catilinae
414 449 591 491 nimium
624 449 843 492 familiaris
866 450 1011 492 fuisse.

82 514 126 549 et
156 506 338 549 vidimus
379 520 473 548 esse
512 506 628 548 huuc
662 505 706 548 in
738 506 849 547 illius
885 507 1049 549 amicis.

1071 452 1132 493 At
1151 452 1263 494 enim
1292 453 1445 508 postea
1475 454 1632 495 scimus

1109 508 1218 556 Quis
1250 510 1407 564 negat?
1440 511 1515 551 sed
1553 525 1633 566 ego

80 555 187 613 illud
221 570 389 620 tempus
418 563 571 613 aetatis,
603 563 733 619 quod,
766 563 903 619 ipsum
925 563 1004 604 sufi.
1031 572 1185 620 sponte
1207 565 1432 616 infirmum,
1455 567 1635 608 aliorum

80 618 259 666 libidine
275 618 476 661 infestum
500 627 580 671 est,
602 620 645 660 id
666 620 750 661 hoc
771 619 867 661 loco
886 619 1096 670 defendo3
1131 620 1211 662 fuit
1230 621 1428 662 assiduus
1449 637 1633 664 mecum:

80 682 258 731 praetore
291 690 373 725 me,
404 691 490 717 non
528 683 703 717 noverat
739 675 990 716 Catilinam:
1024 675 1214 718 Africam
1253 684 1342 718 tum
1373 687 1527 734 praetor
1566 679 1634 721 ille
1657 680 1709 721 10

374 732 556 774 Secutus
593 739 660 773 est
680 746 840 773 annus:
873 746 1048 773 causam
1076 732 1129 774 de
1161 734 1355 788 pecuniis
1389 736 1635 791 repetundis

83 785 270 830 Catilina
289 788 422 830 dixit:
454 803 621 830 mecum
653 796 743 830 erat
762 787 858 839 hic;

80 731 313 778 obtinebat.

890 788 947 828 illi
968 803 1020 830 ne
1052 789 1285 832 advocatus
1318 791 1492 846 quidem
1521 792 1638 834 venit

81 858 284 900 unquam.
344 843 564 900 Deinceps
599 843 681 886 fuit
712 859 862 896 annus,
884 859 968 900 quo
992 859 1073 900 ego
1094 847 1360 888 consulatum
1381 848 1534 904 petivi:
1566 864 1637 905 pe-

80 899 201 953 tebat
221 899 410 943 Catilina
428 915 620 943 mecum:
652 915 869 958 nunquam
905 901 960 942 ad
996 901 1114 943 illum
1155 903 1366 955 accessit3
1397 903 1422 945 a
1444 919 1510 946 me
1531 920 1637 946 nun-

82 970 211 1013 quam
231 957 422 999 recessit.
464 956 549 999 Tot
567 957 699 1014 igitur
717 971 853 998 annos
873 965 1066 999 versatus
1088 958 1131 999 in
1152 960 1242 1001 foro
1260 959 1354 1001 sine
1376 961 1637 1017 suspicione,
1659 963 1710 1004 15

83 1011 176 1058 sine
210 1012 404 1065 infamia,
436 1014 602 1056 studuit
637 1013 834 1055 Catilinae
865 1014 1017 1056 iterum
1052 1015 1229 1071 petenti.
1289 1016 1430 1064 Quem
1460 1032 1560 1073 ergo
1583 1019 1639 1060 ad

82 1068 213 1111 finem
242 1077 368 1126 putas
398 1070 726 1112 custodiendam
755 1070 873 1112 illam
894 1079 1065 1113 aetatem
1086 1071 1243 1114 fuisse?
1305 1073 1443 1115 Nobis
1464 1075 1639 1130 quidem

81 1125 186 1167 olim
221 1140 358 1168 annus
399 1134 489 1168 erat
525 1141 648 1176 unus,
691 1127 746 1168 ad
794 1126 1085 1169 cohibendum
1120 1129 1340 1171 brachium
1386 1131 1492 1186 toga
1539 1146 1641 1173 con·

82 1181 274 1232 stitutus,
306 1191 351 1224 et
384 1190 433 1224 ut
472 1183 780 1226 exercitatione
813 1183 1004 1239 ludoque
1040 1186 1270 1241 campestri
1304 1186 1486 1228 tunicati
1506 1195 1642 1230 utere-

83 1252 199 1291 mur3
239 1239 475 1297 eademque
514 1247 620 1292 erat,
661 1239 699 1282 si
733 1239 879 1282 statim
912 1241 1064 1283 mereri
1106 1242 1322 1299 stipendia
1360 1258 1640 1300 coeperamuS,
1658 1249 1715 1290 20

127 1487 160 1518 3.
184 1486 375 1518 Consulatum
399 1495 508 1516 mecum
533 1483 661 1525 petisse]
708 1485 845 1517 Catilina

85 1534 195 1567 contra
210 1528 395 1560 Ciceronem
410 1528 523 1571 petivit
536 1528 750 1567 consulatum3
776 1530 845 1565 sed,

86 1569 158 1602 etun
173 1571 247 1613 eligi
260 1582 292 1602 se
309 1571 412 1602 statim
425 1570 592 1612 speresset,
608 1577 734 1612 propter
749 1571 846 1601 ambi-

85 1613 179 1644 tionis
192 1614 401 1655 suspicionem
416 1613 548 1654 rejectus
564 1620 612 1644 est
624 1624 633 1650 3
646 1619 678 1643 et
693 1613 761 1654 ejus
778 1615 848 1644 loco

90 1655 200 1687 Cicero
209 1667 280 1688 cum
296 1657 437 1688 Antonio
448 1656 556 1687 consul
570 1662 692 1687 creatus
702 1657 849 1688 est.Vide

88 1698 288 1740 Appianum,
309 1699 362 1730 lib.
379 1704 409 1731 2.
426 1699 498 1730 bell.
515 1699 597 1730 civil.
635 1699 723 1729 Tunc
745 1706 849 1730 autem

90 1741 260 1772 admodum
275 1749 341 1773 erat
355 1742 537 1773 adolescens
554 1741 683 1773 Coelius.

135 1785 166 1815 9.
204 1783 374 1826 lrffestum.]
430 1785 464 1815 Is
492 1785 624 1815 infestus
662 1784 848 1825 appellatur,

91 1832 170 1859 teste
187 1827 304 1864 Gellio,
320 1828 373 1859 lib.
396 1830 427 1859 9.
441 1838 513 1869 cap.
530 1829 582 1858 12.
598 1828 652 1869 qui
676 1827 789 1858 malum
803 1827 851 1857 in-

91 1869 152 1904 fert
164 1871 311 1912 cuipiam.

135 1911 184 1943 Ib.
209 1913 350 1944 Assiduus
366 1912 501 1954 mecum]
547 1912 691 1944 Catiliuae
716 1924 776 1944 non
792 1923 850 1955 po-

89 1954 151 1985 tuit
165 1958 290 1987 studere
305 1955 433 1992 Coelius,
457 1955 530 1996 quia
555 1966 678 1996 semper
700 1956 847 1987 Ciceroni

90 1997 134 2028 sic
145 1999 287 2035 adhaesit,
301 2005 336 2030 ut
350 2008 508 2040 nunquam
521 1998 540 2028 a
555 1999 651 2029 latere
667 1998 734 2039 ejus
745 2000 846 2031 disce-

90 2041 190 2073 deret.

133 2084 184 2113 10.
209 2083 341 2126 Africam
347 2089 455 2123 proetm·
468 2083 636 2124 obtinebat]
674 2083 845 2120 Pedianus,

92 2125 125 2156 in
148 2125 237 2156 Orat.
259 2126 291 2156 in
318 2126 392 2166 toga
417 2126 554 2156 candida
577 2127 622 2157 sic
649 2126 692 2156 ait
716 2129 756 2156 de
771 2126 845 2157 illo:

92 2168 224 2199 Catilina
250 2169 423 2208 expraeturci
444 2168 579 2210 Africam
603 2169 744 2205 obtinuit,
759 2180 847 2209 qnam

90 2211 156 2242 cuim
167 2213 300 2253 graviter
313 2211 443 2247 venisset,
469 2213 561 2252 togati
586 2211 726 2252 Africani
752 2214 784 2241 in
806 2222 848 2242 se-

90 2260 176 2290 natu,
196 2255 266 2294 jam
279 2260 342 2284 turn
356 2255 468 2284 absente
482 2256 543 2292 illo,
559 2256 650 2294 questi
661 2261 748 2291 sunt,·
768 2256 846 2285 mul-

91 2302 183 2337 taque
201 2307 304 2338 graves
324 2298 470 2328 sententiae
483 2301 515 2327 in
529 2303 631 2328 senatu
657 2298 692 2328 de
713 2308 743 2328 eo
767 2298 852 2328 dicta:

91 2345 173 2370 mut.

135 2386 187 2414 11.
213 2381 338 2413 Causam
359 2384 395 2414 de
409 2384 541 2423 pecuniis
562 2383 728 2421 repetundis
742 2382 848 2423 disin]

94 2424 228 2456 Causam
253 2425 370 2462 dicere,
386 2432 510 2456 auctore
526 2425 659 2462 Budaeo,
681 2432 728 2456 est
747 2426 849 2456 subire

86 2466 252 2507 judicium.
297 2467 378 2499 cum
404 2468 545 2499 rediisset
566 2468 660 2509 igitur
687 2479 723 2498 ex
739 2467 848 2498 Africa

95 2509 242 2547 Catilina,
256 2510 414 2552 Torquato
433 2516 466 2541 et
478 2510 573 2542 Cotta
583 2510 671 2542 Coss.
685 2518 848 2542 accusatus

94 2557 141 2589 est
155 2554 407 2593 repetundarum,
430 2559 463 2584 et
477 2554 625 2584 defensus
646 2553 665 2584 a
683 2553 848 2592 Cicerone,

94 2599 130 2625 ut
138 2595 181 2625 ait
189 2595 377 2632 Fenestella,
385 2602 418 2627 et
428 2602 591 2628 accusatus
599 2597 617 2626 εἶ
628 2596 710 2628 Pub.
725 2596 849 2633 Clodio,

95 2637 149 2678 qui
164 2637 323 2670 Ciceronis
337 2639 449 2679 postea
458 2640 517 2670 fuit
526 2639 677 2670 inimicus.

139 2681 192 2711 12.
213 2684 262 2721 Ne
272 2681 458 2723 advocatum]
502 2681 687 2714 Advocatus
700 2681 744 2712 ibi
757 2682 851 2713 sumi-

93 2728 142 2761 tur
156 2733 213 2764 pro
223 2733 261 2754 eo
276 2724 331 2767 qui
343 2735 430 2756 suam
447 2725 642 2766 praesentiam
654 2725 753 2757 amico
763 2734 849 2755 com-

94 2765 203 2797 modat
217 2765 249 2797 in
254 2757 394 2806 judicio;
419 2767 534 2799 etenim
556 2778 622 2799 mos
638 2776 704 2800 erat
718 2767 750 2798 in
761 2767 847 2808 judi-

886 1485 943 1518 ciis
954 1490 1019 1518 tum
1034 1486 1241 1529 privatis,tum
1256 1488 1399 1530 publicis,
1413 1490 1528 1521 amicos
1539 1501 1645 1522 omnes

889 1530 1053 1567 advocare,
1079 1541 1209 1571 quorum
1225 1533 1407 1564 auctoritate
1421 1534 1538 1564 moveri
1554 1544 1644 1575 posse

885 1571 1010 1613 judices
1025 1574 1224 1613 putabantur.

937 1617 989 1645 16.
1013 1615 1135 1646 studuit
1150 1616 1285 1647 catilinae
1299 1618 1405 1648 iter-iim
1415 1618 1551 1659 petenti]
1585 1617 1646 1649 Pe-

895 1657 964 1687 tivit
985 1658 1095 1689 iteruin
1121 1660 1313 1690 consulatum
1333 1661 1479 1698 Catilina,
1502 1662 1573 1691 esim
1599 1662 1648 1691 Si-

894 1700 1000 1731 lanum
1023 1707 1054 1731 et
1079 1702 1244 1732 Murenam
1268 1705 1487 1743 competitores
1509 1705 1649 1735 haberet.

895 1743 957 1772 Sed
984 1743 1094 1774 iterum
1111 1745 1265 1785 repulsam
1293 1746 1346 1776 ille
1362 1756 1481 1787 passus,
1504 1757 1566 1787 prae
1588 1747 1648 1777 ira-

894 1786 1009 1816 cundia
1024 1787 1119 1828 coepit
1135 1788 1308 1828 perniciose
1322 1789 1362 1819 de
1380 1790 1479 1828 patria
1501 1790 1650 1830 cogitare.

938 1831 991 1859 18.
1013 1831 1061 1860 Ad
1089 1830 1273 1861 cohibendum
1296 1832 1475 1872 brachium]
1522 1832 1572 1863 De
1589 1834 1648 1863 hoc

895 1871 1026 1907 Seneca,
1038 1873 1096 1904 lib.
1116 1874 1248 1904 declam.
1264 1877 1294 1905 5.
1348 1875 1436 1914 Apud
1461 1882 1559 1915 patres
1586 1886 1650 1906 nos·

893 1920 951 1944 tros
965 1917 1015 1954 qni
1022 1916 1155 1956 forensia
1166 1918 1308 1956 stipendia
1320 1919 1556 1957 auspicabantur,
1568 1918 1649 1959 nqas

885 1958 1031 1996 putabant
1045 1959 1195 1989 brachium
1206 1965 1287 1990 eitra
1298 1966 1393 2002 togam
1414 1971 1556 1991 exserere.-
1580 1972 1648 1991 nam

888 2001 921 2030 in
936 2001 1004 2041 togci
1022 2012 1093 2041 pars
1105 2005 1233 2041 qnaedam
1258 2004 1289 2032 in
1304 2004 1405 2033 dextra
1419 2011 1503 2043 parte
1516 2015 1648 2034 escum-e-

888 2043 950 2079 bat,
962 2054 1023 2083 quae
1037 2046 1118 2074 sinus
1131 2046 1292 2082 dicebatur,
1314 2052 1340 2076 et
1355 2047 1386 2076 in
1401 2048 1535 2076 dmi-um
1549 2047 1651 2077 hume-

887 2095 953 2115 rum
966 2087 1160 2126 rejiciebatur,
1174 2093 1207 2117 ut
1222 2089 1299 2118 istud
1310 2089 1473 2119 obvolveret.

936 2129 986 2157 19.
1040 2128 1179 2169 Latioque
1201 2131 1377 2171 campestri]
1420 2131 1652 2162 Exercitatione

891 2169 1015 2201 militari
1037 2174 1169 2209 juvenes
1185 2175 1406 2203 exercebantur
1421 2175 1461 2204 ad
1479 2174 1593 2204 bellum
1612 2175 1643 2205 in

891 2211 1012 2254 Campo
1037 2214 1175 2253 Martio;
1214 2216 1270 2246 sed
1312 2226 1402 2246 cursu
1442 2216 1651 2258 potissimum,

889 2255 984 2292 luctii,
1016 2257 1107 2294 saltu,
1137 2257 1345 2298 jaculatione,
1369 2260 1522 2300 equitatu,
1557 2261 1650 2291 salta-

892 2297 990 2335 tione,
1012 2299 1071 2330 ἃς.

937 2340 985 2371 Ib.
1011 2341 1174 2384 Tunicam]
1209 2343 1259 2374 Ila
1274 2354 1307 2374 se
1323 2345 1511 2375 exercebant
1526 2345 1651 2375 adoles-

892 2390 1000 2414 centes
1014 2385 1045 2415 in
1069 2386 1122 2415 illo
1148 2396 1271 2426 campo,
1293 2393 1330 2417 ut
1353 2387 1457 2418 tunica
1472 2398 1594 2429 semper
1608 2389 1649 2418 ad

892 2426 1040 2466 majorem
1051 2429 1235 2468 pudicitiam
1248 2436 1417 2461 uterentur.
1427 2430 1548 2461 Tunica
1561 2430 1652 2471 porr&

892 2469 988 2500 vestis
1001 2470 1122 2501 brevior
1145 2472 1228 2512 apud
1257 2472 1418 2503 Romanos
1442 2473 1512 2508 fuit,
1536 2480 1568 2504 et
1583 2473 1649 2503 sine

891 2512 1039 2551 manicis,
1055 2524 1124 2555 quae
1149 2515 1274 2555 proprie
1290 2515 1361 2547 viris
1375 2515 1594 2551 conveniebat,
1617 2521 1651 2546 et

892 2555 948 2587 sub
960 2555 1096 2595 longiore
1111 2563 1197 2588 veste
1212 2557 1411 2589 induebatur.

937 2599 990 2627 20.
1016 2598 1119 2630 Statim
1135 2602 1238 2631 mereri
1251 2601 1421 2641 stipendia]
1453 2600 1650 2640 Stipendium

893 2640 1006 2671 dicitur
1027 2651 1070 2672 aes
1084 2642 1226 2679 militare,
1249 2654 1304 2674 seu
1318 2644 1474 2685 praeniium
1491 2644 1574 2682 quod
1592 2644 1651 2673 nii-

893 2683 998 2713 litibus
1014 2685 1116 2717 datur.
1162 2686 1326 2718 Meremur
1354 2691 1456 2717 autem
1483 2685 1652 2727 stipendia,

891 2726 947 2768 qui
962 2726 1075 2759 milites
1085 2728 1175 2761 fiunt.

1621 153 1703 195 217
