1858 3095
684 195 774 228 PRO
800 193 916 226 LEGE
940 194 1152 228 MANILIA.

140 272 391 323 exercitum,
430 277 556 327 atque
588 270 630 311 in
670 271 834 312 militiae
877 271 1163 327 disciplinam,
1211 270 1430 327 profectus
1487 278 1580 322 est3
1627 273 1701 328 qni

138 330 356 370 cextrem-Li
379 328 559 385 pueritia
581 327 702 368 miles
725 328 805 368 fuit
841 329 993 369 summi
1032 329 1312 384 imperatoris,
1345 328 1518 368 ineunte
1559 329 1702 370 adole·

141 387 308 427 scentiii
330 385 499 426 maximi
522 384 612 447 ipse
654 385 865 426 exercitus
903 386 1159 448 imperatum
1191 385 1262 441 qui
1285 384 1438 447 saepius
1461 399 1557 425 cum
1579 385 1701 425 hoste

141 443 346 492 conflixit,
378 441 508 497 qua‘un
530 456 758 497 quisquam
787 457 885 482 cum
917 457 1090 483 inimico
1127 449 1416 492 concertavit3
1448 442 1571 496 plura
1591 441 1702 482 bella
1726 447 1774 488 15

141 499 276 555 gessit
293 497 421 554 quam
455 500 595 539 caeteri
619 500 837 553 legeruut3
869 500 1010 555 plures
1031 499 1307 555 dprovincias
1344 498 1533 539 confecit
1572 497 1703 553 quam

141 556 213 596 alii
235 554 596 610 concupiverunt:
631 556 754 610 cujus
780 556 1074 597 adolescentia
1094 556 1147 596 ad
1170 554 1395 596 scientiam
1413 554 1470 594 rei
1493 554 1705 605 militaris,

142 626 228 653 non
249 611 398 651 alienis
420 612 661 668 praeceptis,
684 613 759 652 sed
774 612 863 653 suis
883 612 1092 667 imperiis3
1124 626 1209 652 non
1231 618 1244 635 ⁸
1261 610 1567 652 offensionibus
1588 611 1705 660 belli,

142 668 217 708 sed
235 667 426 708 victoriis
445 684 454 717 ;
486 683 572 709 non
593 668 856 724 fstipendiis,
878 670 953 710 sed
975 667 1218 724 triumphis,
1250 674 1316 708 est
1335 667 1546 707 traducta.
1578 666 1706 714 Quod

141 724 326 780 denique
358 739 494 780 genus
523 725 623 766 belli
654 740 747 766 esse
770 732 928 780 potest,
959 724 1004 764 in
1025 739 1110 780 quo
1145 724 1265 764 illum
1298 738 1381 764 non
1411 723 1603 764 exercuit
1624 723 1708 764 for·
1724 729 1780 769 20

140 788 246 822 tuna
265 781 543 837 reipublicae?
575 781 728 832 Civile,
751 781 1018 831 Africanum,
1039 780 1383 836 Transalpinum,
1404 779 1708 836 Hispaniense,

142 837 325 879 mixtum
342 852 396 880 ex
417 838 663 880 civitatibus
681 845 808 894 atque
831 853 882 880 ex
895 837 1237 881 bellicosissimis
1258 836 1520 888 nationibus,
1542 837 1708 889 servile,

199 981 214 998 ⁰
230 974 416 1018 mtrem&
433 980 559 1030 parte
575 977 793 1030 pueritice.

314 1035 537 1086 “jacturis

144 1166 240 1198 citum
261 1173 369 1198 contra
397 1168 531 1198 Cinnam
563 1168 670 1208 patriae
700 1168 903 1199 rebellantem

146 1210 244 1246 duxit,
274 1222 366 1251 quern
397 1211 475 1241 filius
516 1211 545 1240 in
577 1217 676 1241 castra
706 1217 829 1242 secutus
859 1217 906 1241 est

146 1263 227 1282 anno
257 1254 355 1284 aetatis
391 1264 453 1283 suae
491 1254 614 1284 decimo
652 1254 798 1294 septimo.
845 1254 906 1284 Hie

146 1300 263 1332 autem,
287 1295 358 1326 cum
372 1296 503 1326 Cinnam
520 1297 559 1326 ab
578 1296 672 1327 Urbis
689 1297 839 1326 moenibus
855 1308 908 1327 ex-

145 1338 291 1379 pelleret,
327 1349 397 1369 cum
424 1339 563 1379 pluribus
592 1339 659 1369 aliis
700 1339 828 1369 fulmine
853 1350 910 1381 pe-

153 1381 213 1413 tiit.

191 1425 244 1455 13.
269 1423 410 1454 Extrema
432 1423 589 1466 pueritia]
649 1423 688 1453 In
716 1429 776 1454 tres
806 1428 910 1464 parles

147 1466 193 1497 ait
218 1466 260 1499 A.
280 1466 412 1502 Gellius,
441 1467 494 1498 lib.
513 1472 564 1500 10.
591 1466 636 1498 sic
652 1466 671 1496 ’ἷι
687 1466 794 1497 Servio
807 1467 911 1498 Tullio

147 1508 362 1541 Romanorum
402 1520 476 1551 rege
510 1515 634 1541 aetatem
671 1510 805 1540 divisam
830 1521 910 1547 esse,

148 1558 182 1583 ut
214 1553 302 1594 pueri
337 1559 442 1584 essent
478 1564 576 1595 usque
608 1553 649 1583 ad
683 1563 797 1583 annum
824 1554 910 1584 ‹leci-

150 1606 234 1626 mum
273 1596 451 1636 septimum,
475 1597 516 1626 ad
541 1596 814 1637 quadragesimum
841 1607 912 1627 sex·

148 1644 214 1669 tum
232 1637 380 1679 juvenes,
404 1644 437 1670 et
460 1644 551 1670 aetate
567 1639 687 1680 reliqua
703 1650 816 1676 senes;
850 1639 909 1670 hac

150 1682 250 1723 prima
276 1687 366 1712 aetate
396 1682 493 1724 Syllae
517 1682 710 1724 imperatoris
741 1682 829 1713 miles
852 1682 911 1712 suit

154 1725 334 1766 Pompeius.

195 1771 248 1800 14.
296 1767 421 1798 Manmi
449 1767 613 1808 exercitiis]
673 1768 753 1799 Cum
810 1768 912 1799 Cinna

151 1810 258 1842 consul
283 1811 404 1842 occisus
434 1816 527 1846 esset,
557 1811 610 1851 qui
637 1811 754 1842 bellum
781 1811 814 1841 in
841 1810 906 1841 Re-

152 1855 227 1895 pub.
244 1853 429 1890 concitarat,
453 1854 556 1885 Carbo
572 1854 641 1895 ejus
668 1854 789 1894 collega
805 1859 913 1885 contra

153 1896 272 1938 Syllam
298 1897 454 1938 profectus
481 1902 540 1933 est,
563 1898 616 1937 qui
642 1908 678 1927 ex
712 1897 789 1927 Asia
816 1898 915 1928 victo-

155 1950 219 1970 rem
233 1940 402 1971 exereitum
431 1941 608 1971 reduxerat.
654 1940 835 1980 Pompeius,
861 1941 912 1970 vix

154 1993 250 2013 armos
279 1988 370 2014 natus
399 1983 508 2024 viginti
534 1988 605 2019 tres,
629 1983 766 2023 privatus
795 1984 911 2023 adhuc,

155 2031 216 2056 tres
247 2026 385 2066 legiones
413 2026 445 2056 in
469 2037 542 2067 agro
570 2026 689 2057 Piceno
719 2027 913 2067 conscripsit,

154 2067 221 2098 tota
245 2068 303 2098 sibi
326 2068 436 2100 addita
461 2069 645 2105 nobilitate;
670 2070 776 2110 itaque
800 2070 912 2099 fioren-

156 2111 306 2141 tissimum
335 2112 505 2142 exercitum
545 2112 584 2141 ad
618 2111 737 2152 Syllani
772 2113 914 2148 adduxit,

157 2154 189 2184 in
220 2154 330 2184 itinere
365 2153 474 2184 multas
501 2153 602 2184 Italiae
626 2155 769 2184 civitates
804 2156 915 2185 contir-

158 2197 263 2233 mavit‚
304 2196 415 2227 multos
457 2197 496 2227 ad
528 2207 608 2233 suas,
642 2198 696 2238 qni
722 2197 915 2228 inimicorum

159 2239 316 2280 Scipionis
332 2246 364 2270 et
379 2239 530 2270 Carbonis
546 2245 648 2280 partes
671 2241 767 2270 secuti
782 2241 917 2275 fuerant,

159 2283 302 2317 adduxit,
335 2289 367 2313 et
404 2288 567 2323 utrumque
606 2283 714 2323 proelio
753 2283 917 2313 lacessivit.

159 2324 239 2356 Cum
275 2325 314 2355 ad
343 2325 464 2367 Syllam
503 2326 673 2366 Pompeius
710 2327 915 2366 pervenisset,

159 2379 242 2409 equo
259 2368 407 2399 desiliens
424 2379 495 2399 eum
522 2367 746 2409 Imperatorem
762 2369 917 2405 salutavit,

161 2417 192 2442 et
208 2411 226 2441 ῖι
239 2410 328 2453 Sylla
341 2411 472 2442 vicissim
487 2411 656 2452 Pompeius
678 2410 854 2451 Imperator
868 2422 916 2442 sa-

160 2454 275 2485 lutatus
291 2460 349 2491 est,
373 2454 541 2495 antequam
557 2454 707 2485 admissus
723 2460 805 2485 esset
821 2455 850 2484 in
868 2465 913 2485 se-

161 2502 287 2528 natum:
313 2508 384 2528 eum
413 2498 502 2539 Sylla
531 2509 601 2528 mox
636 2498 669 2528 in
714 2497 916 2529 Celtiberiam

161 2541 244 2570 misit
255 2551 324 2571 cum
340 2542 488 2571 exercitu.

205 2582 256 2614 Ib.
291 2583 351 2618 Qui
378 2584 488 2623 sapius,
516 2583 585 2624 gra]
648 2583 762 2615 Hostes
791 2584 913 2624 proprie

163 2625 283 2656 tantum
320 2626 514 2663 dicebantur,
552 2627 665 2667 quibus
697 2637 753 2667 per
788 2627 916 2658 feciales

163 2668 181 2698 a
218 2669 335 2709 populo
370 2669 517 2700 Romano
552 2669 667 2699 bellum
699 2670 914 2700 indicebatur:

163 2711 279 2742 inimici
293 2711 376 2749 vero,
399 2713 583 2753 quibuscum
599 2712 725 2753 privatae
746 2713 917 2743 simultates

163 2754 378 2793 liabebantur3
402 2756 496 2786 utitur
519 2761 622 2786 autem
650 2756 698 2786 his
721 2757 822 2787 verbis
855 2756 919 2786 ele-

165 2797 253 2871 igangi
289 2798 462 2841 hyperbole
496 2800 536 2831 ad
560 2798 752 2832 extollendas
775 2798 921 2841 Pompeii

177 2850 215 2870 {Ul
241 2849 285 2872 es·

943 974 960 998 ‘¹
979 976 1231 1028 szcly'ugauit
1247 976 1398 1029 plures
1414 976 1622 1016 nationes.

838 1031 951 1074 fnon
973 1034 1105 1074 annis
1124 1047 1228 1085 quos
1246 1034 1393 1085 posuit
1409 1033 1458 1072 in
1477 1032 1592 1072 bello.

994 1170 1047 1200 16.
1074 1167 1177 1198 Plures
1188 1168 1348 1208 provincias
1362 1166 1508 1208 cmgfecil]
1555 1167 1710 1198 Nationes

951 1211 1054 1252 plures
1067 1217 1098 1241 et
1110 1211 1242 1251 populos
1259 1210 1404 1250 subjecit,
1421 1211 1474 1251 qui
1490 1211 1520 1240 in
1539 1211 1710 1252 provincias

952 1264 1027 1295 pop.
1045 1253 1139 1283 Rom.
1151 1253 1269 1284 redacti
1285 1259 1366 1284 sunt.

995 1296 1044 1327 Ib.
1071 1297 1166 1330 Quam
1184 1296 1264 1336 alii.]
1311 1296 1382 1325 Sive
1406 1296 1622 1336 imperatores,
1646 1296 1711 1326 sive

953 1339 1008 1369 alii
1037 1340 1248 1380 magistratus,
1271 1338 1384 1379 subjici
1411 1338 1507 1379 Reip.
1525 1340 1713 1380 concupive-

953 1386 1034 1412 runt.

999 1426 1050 1453 18.
1074 1423 1140 1453 Suis
1162 1423 1314 1463 imperiis]
1369 1423 1523 1463 Pompeio
1540 1433 1633 1454 nemo
1648 1422 1712 1453 fere

954 1465 1066 1507 saepifis
1091 1466 1259 1507 imperator
1285 1466 1364 1504 fuit3
1395 1466 1535 1506 ideoque
1566 1477 1628 1496 non
1649 1471 1712 1496 tam

954 1509 1117 1551 praeceptis
1141 1515 1173 1539 et
1209 1509 1343 1539 lectione
1381 1509 1529 1539 bellorum
1553 1509 1714 1539 scientiam

955 1552 1131 1589 militarem,
1154 1551 1249 1593 quain
1283 1563 1341 1583 usu
1375 1552 1500 1594 proprio
1525 1557 1557 1582 et
1592 1551 1716 1593 experi-

956 1595 1053 1631 entia,
1076 1600 1235 1626 assecutus
1247 1601 1306 1625 est.

998 1641 1050 1669 19.
1075 1638 1267 1679 Triumphis]
1292 1638 1354 1668 Ter
1364 1637 1534 1679 Pompeius
1545 1637 1714 1678 triumplia-

955 1681 1012 1718 vit,
1036 1681 1162 1721 nempe,
1187 1686 1222 1711 ut
1237 1682 1280 1711 ait
1295 1680 1437 1712 Velleius
1454 1680 1649 1716 Patercnlus,
1673 1682 1714 1711 de

954 1723 1075 1763 Africa,
1097 1724 1237 1765 Europa,
1260 1729 1292 1755 et
1315 1723 1402 1762 Asia,
1428 1729 1554 1765 propter
1572 1724 1715 1754 victorias

955 1778 1033 1808 quas
1062 1769 1094 1798 in
1120 1767 1182 1797 illis
1211 1767 1307 1797 tribus
1324 1768 1406 1797 orbis
1423 1768 1561 1808 partibus
1588 1767 1712 1804 retulit;

957 1811 998 1841 de
1015 1811 1126 1851 quibus
1141 1810 1232 1841 infra.

1000 1856 1052 1884 521.
1080 1852 1193 1892 Civile]
1211 1853 1263 1884 De
1274 1852 1357 1883 civili
1373 1852 1454 1883 bello
1470 1852 1615 1893 loquitur,
1628 1853 1714 1893 quod

957 1896 988 1926 in
1000 1896 1162 1937 republica
1174 1907 1243 1927 cum
1257 1895 1360 1926 Cinna
1373 1901 1405 1926 et
1413 1895 1556 1927 Carbone
1573 1902 1693 1936 gestum
1705 1910 1714 1935 ;

956 1940 996 1969 (le
1013 1950 1076 1981 quo
1088 1939 1179 1969 infra.

999 1982 1047 2014 Ib.
1065 1982 1265 2024 Ajiicanum]
1311 1982 1493 2013 Africanum
1507 1981 1624 2012 bellum
1645 1992 1715 2012 cum

959 2025 1018 2056 Cn.
1037 2025 1190 2064 Domitio,
1219 2036 1311 2066 quem
1328 2025 1492 2067 proscripti
1519 2026 1662 2066 plerique
1677 2035 1714 2054 ex

956 2067 1050 2099 Italia
1073 2069 1171 2099 secuti
1200 2069 1334 2104 fuerant,
1358 2075 1389 2098 et
1413 2068 1533 2098 Hierba
1556 2068 1715 2098 Numidiae

956 2121 1040 2152 rege,
1055 2112 1153 2152 quiet
1174 2111 1192 2140 a
1208 2111 1376 2141 Plutarcho
1390 2111 1510 2141 Hiarba
1527 2111 1715 2149 nominatur,

959 2161 1079 2194 gestum
1096 2160 1163 2184 est:
1186 2164 1262 2194 quos
1288 2164 1394 2183 omnes
1423 2152 1570 2183 adversus
1595 2153 1714 2194 Syllam

960 2197 1123 2227 molientes
1141 2207 1201 2226 uno
1215 2196 1324 2237 proelio
1348 2197 1514 2226 interemit.
1561 2196 1632 2226 Hoc
1661 2206 1713 2225 au·

960 2244 1022 2270 tem
1038 2239 1152 2270 bellum
1168 2239 1246 2269 intra
1269 2238 1334 2269 (lies
1350 2239 1555 2279 quadraginta
1568 2239 1715 2277 confecit,

960 2293 996 2313 ac
1008 2283 1116 2323 postea
1127 2282 1259 2312 Romam
1271 2281 1373 2318 rediit,
1387 2282 1439 2311 ubi
1449 2283 1585 2322 Magnus
1597 2282 1614 2312 a
1627 2281 1715 2322 Sylla

961 2325 1110 2356 salutatus
1126 2330 1190 2362 σείς
1215 2325 1338 2365 ipsique
1354 2324 1496 2365 contigit,
1526 2325 1610 2366 quod
1637 2324 1715 2354 nulli

961 2369 1064 2404 ante-21,
1087 2375 1132 2403 ut,
1157 2378 1252 2397 annos
1274 2367 1383 2408 viginti
1407 2373 1539 2408 quatuor
1559 2373 1660 2403 natus,
1685 2372 1717 2397 et

960 2410 1080 2441 tantum
1093 2422 1189 2451 eques
1206 2410 1299 2440 Rom.
1314 2410 1409 2441 victor
1425 2411 1637 2451 triumpharet.

1004 2454 1053 2485 Ib.
1092 2453 1343 2494 Transalpinunz.]
1390 2454 1483 2490 Quod
1501 2454 1596 2494 gessit
1610 2458 1717 2484 contra

961 2496 1081 2533 Gallos,
1097 2497 1151 2538 qui
1166 2497 1336 2527 transeunti
1354 2497 1385 2526 in
1402 2496 1587 2538 Hispaniam
1599 2497 1717 2527 exerci-

961 2541 1004 2571 tui
1019 2539 1113 2570 Rom.
1130 2540 1187 2570 iter
1201 2540 1419 2580 prohibebant.

1001 2583 1051 2613 Ib.
1063 2583 1280 2623 Hispaniense]
1319 2582 1357 2612 In
1373 2594 1434 2624 qno
1451 2583 1629 2618 Sertorium,
1649 2581 1716 2622 jam

960 2626 998 2656 ab
1014 2626 1101 2656 annis
1117 2632 1188 2656 octo
1201 2631 1307 2656 contra
1319 2625 1478 2667 Rempub.
1495 2626 1608 2656 bellum
1621 2635 1716 2666 agen-

962 2675 1036 2707 tem,
1059 2669 1228 2709 superavit.

1005 2715 1058 2743 2⁶2.
1081 2712 1236 2752 Mutum]
1260 2711 1346 2742 Dum
1359 2710 1472 2741 bellum
1494 2710 1525 2739 in
1542 2709 1617 2740 Asia
1631 2721 1718 2751 gere-

963 2760 1055 2791 retur,
1079 2760 1219 2786 exortum
1249 2759 1296 2784 est
1320 2753 1413 2784 civile
1447 2763 1465 2782 a
1496 2751 1717 2793 gladiatoribus

964 2798 1143 2835 conflatum,
1167 2798 1222 2840 qui
1245 2797 1362 2837 Capuae
1388 2796 1405 2826 ὲ
1436 2795 1511 2826 ludo
1538 2795 1662 2826 Lentuli
1676 2797 1720 2826 ⁷4

967 2847 1144 2883 eruperant,
1174 2846 1206 2872 et
1220 2841 1314 2871 servis
1327 2850 1365 2872 ex
1381 2838 1543 2882 ergastulis
1560 2844 1646 2871 tanto
1661 2849 1720 2870 nu-

1716 200 1771 239 43
