<?xml version="1.0" encoding="UTF-8"?>
<!DOCTYPE html PUBLIC "-//W3C//DTD XHTML 1.0 Transitional//EN"
    "http://www.w3.org/TR/xhtml1/DTD/xhtml1-transitional.dtd">
<html xmlns="http://www.w3.org/1999/xhtml" xml:lang="en" lang="en">
 <head>
  <title>
</title>
<meta http-equiv="Content-Type" content="text/html;charset=utf-8" />
  <meta name='ocr-system' content='tesseract 3.04.00' />
  <meta name='ocr-capabilities' content='ocr_page ocr_carea ocr_par ocr_line ocrx_word'/>
</head>
<body>
  <div class='ocr_page' id='page_1' title='image "./selectaeoratione00ciceuoft_0594.png"; bbox 0 0 1759 2997; ppageno 0'>
   <div class='ocr_carea' id='block_1_1' title="bbox 634 143 1088 179">
    <p class='ocr_par' dir='ltr' id='par_1_1' title="bbox 634 143 1088 179">
     <span class='ocr_line' id='line_1_1' title="bbox 634 143 1088 179; baseline 0.002 -3"><span class='ocrx_word' id='word_1_1' title='bbox 634 143 792 178; x_wconf 70' lang='lat' dir='ltr'><strong>VARIAE</strong></span> <span class='ocrx_word' id='word_1_2' title='bbox 825 144 1088 179; x_wconf 69' lang='lat' dir='ltr'><em>LECrloNEs.</em></span> 
     </span>
    </p>
   </div>
   <div class='ocr_carea' id='block_1_2' title="bbox 703 303 1019 335">
    <p class='ocr_par' dir='ltr' id='par_1_2' title="bbox 703 303 1019 335">
     <span class='ocr_line' id='line_1_2' title="bbox 703 303 1019 335; baseline 0.003 -1"><span class='ocrx_word' id='word_1_3' title='bbox 703 303 964 335; x_wconf 80' lang='lat' dir='ltr'><strong>PHILIPPICA</strong></span> <span class='ocrx_word' id='word_1_4' title='bbox 990 303 1019 335; x_wconf 88' lang='lat'><em>1.</em></span> 
     </span>
    </p>
   </div>
   <div class='ocr_carea' id='block_1_3' title="bbox 82 401 845 563">
    <p class='ocr_par' dir='ltr' id='par_1_3' title="bbox 82 401 845 563">
     <span class='ocr_line' id='line_1_3' title="bbox 82 401 845 445; baseline -0.001 -10"><span class='ocrx_word' id='word_1_5' title='bbox 82 402 154 436; x_wconf 77' lang='lat' dir='ltr'><em>Par.</em></span> <span class='ocrx_word' id='word_1_6' title='bbox 170 402 198 434; x_wconf 88' lang='lat' dir='ltr'><em>I.</em></span> <span class='ocrx_word' id='word_1_7' title='bbox 221 401 289 432; x_wconf 76' lang='lat' dir='ltr'><em>Lin.</em></span> <span class='ocrx_word' id='word_1_8' title='bbox 308 404 361 433; x_wconf 82' lang='lat'><em>17.</em></span> <span class='ocrx_word' id='word_1_9' title='bbox 387 401 504 432; x_wconf 61' lang='lat' dir='ltr'><em>Summa</em></span> <span class='ocrx_word' id='word_1_10' title='bbox 530 403 609 445; x_wconf 76' lang='lat' dir='ltr'><em>[cum</em></span> <span class='ocrx_word' id='word_1_11' title='bbox 635 404 780 445; x_wconf 80' lang='lat' dir='ltr'><em>dignitate</em></span> <span class='ocrx_word' id='word_1_12' title='bbox 802 404 845 445; x_wconf 83' lang='lat' dir='ltr'><em>et]</em></span> 
     </span>
     <span class='ocr_line' id='line_1_4' title="bbox 125 445 843 487; baseline 0.003 -11"><span class='ocrx_word' id='word_1_13' title='bbox 125 445 318 487; x_wconf 44' lang='lat' dir='ltr'><em>constantia]</em></span> <span class='ocrx_word' id='word_1_14' title='bbox 364 445 500 476; x_wconf 88' lang='lat' dir='ltr'><em>Faernus</em></span> <span class='ocrx_word' id='word_1_15' title='bbox 539 446 723 476; x_wconf 81' lang='lat' dir='ltr'><em>auctoritate</em></span> <span class='ocrx_word' id='word_1_16' title='bbox 762 447 843 479; x_wconf 90' lang='lat' dir='ltr'><em>Cod.</em></span> 
     </span>
     <span class='ocr_line' id='line_1_5' title="bbox 126 488 845 530; baseline 0.001 -11"><span class='ocrx_word' id='word_1_17' title='bbox 126 488 225 530; x_wconf 74' lang='lat' dir='ltr'><em>antiq.</em></span> <span class='ocrx_word' id='word_1_18' title='bbox 241 488 318 528; x_wconf 80' lang='lat' dir='ltr'><em>legit</em></span> <span class='ocrx_word' id='word_1_19' title='bbox 333 488 444 520; x_wconf 71' lang='lat' dir='ltr'><em>summd</em></span> <span class='ocrx_word' id='word_1_20' title='bbox 466 489 639 529; x_wconf 64' lang='lat' dir='ltr'><em>constantia,</em></span> <span class='ocrx_word' id='word_1_21' title='bbox 655 489 776 520; x_wconf 79' lang='lat' dir='ltr'><em>omissis</em></span> <span class='ocrx_word' id='word_1_22' title='bbox 792 501 845 521; x_wconf 91' lang='lat' dir='ltr'><em>vo-</em></span> 
     </span>
     <span class='ocr_line' id='line_1_6' title="bbox 127 531 350 563; baseline 0 -1"><span class='ocrx_word' id='word_1_23' title='bbox 127 532 215 563; x_wconf 82' lang='lat' dir='ltr'><em>cibus</em></span> <span class='ocrx_word' id='word_1_24' title='bbox 230 531 350 562; x_wconf 84' lang='lat' dir='ltr'><em>mediis.</em></span> 
     </span>
    </p>
   </div>
   <div class='ocr_carea' id='block_1_4' title="bbox 82 574 845 615">
    <p class='ocr_par' dir='ltr' id='par_1_4' title="bbox 82 574 845 615">
     <span class='ocr_line' id='line_1_7' title="bbox 82 574 845 615; baseline 0.001 -10"><span class='ocrx_word' id='word_1_25' title='bbox 82 574 136 606; x_wconf 82' lang='lat'><em>36.</em></span> <span class='ocrx_word' id='word_1_26' title='bbox 158 574 282 604; x_wconf 81' lang='lat' dir='ltr'><em>Senatus</em></span> <span class='ocrx_word' id='word_1_27' title='bbox 299 574 476 615; x_wconf 70' lang='lat' dir='ltr'><em>videbatur]</em></span> <span class='ocrx_word' id='word_1_28' title='bbox 522 574 614 605; x_wconf 83' lang='lat' dir='ltr'><em>Hanc</em></span> <span class='ocrx_word' id='word_1_29' title='bbox 639 585 746 606; x_wconf 88' lang='lat' dir='ltr'><em>vocem</em></span> <span class='ocrx_word' id='word_1_30' title='bbox 768 576 845 606; x_wconf 72' lang='lat' dir='ltr'><em>vide-</em></span> 
     </span>
    </p>
   </div>
   <div class='ocr_carea' id='block_1_5' title="bbox 128 616 1436 660">
    <p class='ocr_par' dir='ltr' id='par_1_5' title="bbox 128 616 1436 660">
     <span class='ocr_line' id='line_1_8' title="bbox 128 616 1436 660; baseline 0.002 -13"><span class='ocrx_word' id='word_1_31' title='bbox 128 618 214 647; x_wconf 82' lang='lat' dir='ltr'><em>batur</em></span> <span class='ocrx_word' id='word_1_32' title='bbox 223 616 362 648; x_wconf 76' lang='lat' dir='ltr'><em>Graevius</em></span> <span class='ocrx_word' id='word_1_33' title='bbox 375 618 392 648; x_wconf 80' lang='grc' dir='ltr'>ἐ</span> <span class='ocrx_word' id='word_1_34' title='bbox 406 617 487 649; x_wconf 78' lang='lat' dir='ltr'><em>Cod.</em></span> <span class='ocrx_word' id='word_1_35' title='bbox 500 623 678 658; x_wconf 78' lang='lat' dir='ltr'><em>pervetusto</em></span> <span class='ocrx_word' id='word_1_36' title='bbox 693 619 846 660; x_wconf 75' lang='lat' dir='ltr'><strong>reposuit,</strong></span> <span class='ocrx_word' id='word_1_37' title='bbox 888 620 942 649; x_wconf 80' lang='lat'><em>70.</em></span> <span class='ocrx_word' id='word_1_38' title='bbox 975 619 1158 659; x_wconf 70' lang='lat' dir='ltr'><em>Ququuam</em></span> <span class='ocrx_word' id='word_1_39' title='bbox 1179 619 1266 648; x_wconf 80' lang='lat' dir='ltr'><em>solent</em></span> <span class='ocrx_word' id='word_1_40' title='bbox 1293 618 1436 649; x_wconf 77' lang='lat' dir='ltr'><em>domestici</em></span> 
     </span>
    </p>
   </div>
   <div class='ocr_carea' id='block_1_6' title="bbox 84 660 849 2070">
    <p class='ocr_par' dir='ltr' id='par_1_6' title="bbox 128 660 527 702">
     <span class='ocr_line' id='line_1_9' title="bbox 128 660 527 702; baseline 0 -12"><span class='ocrx_word' id='word_1_41' title='bbox 128 671 198 702; x_wconf 87' lang='lat' dir='ltr'><em>quae</em></span> <span class='ocrx_word' id='word_1_42' title='bbox 213 661 245 691; x_wconf 89' lang='lat' dir='ltr'><em>in</em></span> <span class='ocrx_word' id='word_1_43' title='bbox 262 660 392 701; x_wconf 74' lang='lat' dir='ltr'><em>vulgatis</em></span> <span class='ocrx_word' id='word_1_44' title='bbox 409 662 527 691; x_wconf 80' lang='lat' dir='ltr'><em>deerat.</em></span> 
     </span>
    </p>

    <p class='ocr_par' dir='ltr' id='par_1_7' title="bbox 85 702 844 786">
     <span class='ocr_line' id='line_1_10' title="bbox 85 702 844 745; baseline -0.001 -11"><span class='ocrx_word' id='word_1_45' title='bbox 85 702 133 734; x_wconf 88' lang='grc' dir='ltr'><em>Π.</em></span> <span class='ocrx_word' id='word_1_46' title='bbox 157 705 210 735; x_wconf 85' lang='grc'><em>43.</em></span> <span class='ocrx_word' id='word_1_47' title='bbox 237 703 334 744; x_wconf 73' lang='lat' dir='ltr'><em>Hujus</em></span> <span class='ocrx_word' id='word_1_48' title='bbox 354 710 449 734; x_wconf 79' lang='lat' dir='ltr'><em>tamen</em></span> <span class='ocrx_word' id='word_1_49' title='bbox 471 704 556 745; x_wconf 85' lang='lat' dir='ltr'><em>diei.]</em></span> <span class='ocrx_word' id='word_1_50' title='bbox 602 702 653 734; x_wconf 87' lang='lat' dir='ltr'><em>Ita</em></span> <span class='ocrx_word' id='word_1_51' title='bbox 677 703 811 734; x_wconf 79' lang='lat' dir='ltr'><em>Faernus</em></span> <span class='ocrx_word' id='word_1_52' title='bbox 827 703 844 733; x_wconf 77' lang='lat' dir='ltr'><em>e</em></span> 
     </span>
     <span class='ocr_line' id='line_1_11' title="bbox 129 745 695 786; baseline -0.002 -9"><span class='ocrx_word' id='word_1_53' title='bbox 129 745 208 777; x_wconf 87' lang='lat' dir='ltr'><em>Cod.</em></span> <span class='ocrx_word' id='word_1_54' title='bbox 226 746 300 777; x_wconf 82' lang='lat' dir='ltr'><em>Vat.</em></span> <span class='ocrx_word' id='word_1_55' title='bbox 324 747 357 776; x_wconf 91' lang='lat' dir='ltr'><em>in</em></span> <span class='ocrx_word' id='word_1_56' title='bbox 374 746 469 786; x_wconf 87' lang='lat' dir='ltr'><em>Vulg.</em></span> <span class='ocrx_word' id='word_1_57' title='bbox 487 748 576 777; x_wconf 80' lang='lat' dir='ltr'><strong>deest</strong></span> <span class='ocrx_word' id='word_1_58' title='bbox 588 752 695 777; x_wconf 86' lang='lat' dir='ltr'><em>tamen.</em></span> 
     </span>
    </p>

    <p class='ocr_par' dir='ltr' id='par_1_8' title="bbox 84 789 845 870">
     <span class='ocr_line' id='line_1_12' title="bbox 84 789 845 830; baseline -0.001 -9"><span class='ocrx_word' id='word_1_59' title='bbox 84 792 138 821; x_wconf 77' lang='lat'><em>44.</em></span> <span class='ocrx_word' id='word_1_60' title='bbox 163 789 260 820; x_wconf 73' lang='lat' dir='ltr'><em>Vocem</em></span> <span class='ocrx_word' id='word_1_61' title='bbox 272 789 372 830; x_wconf 66' lang='lat' dir='ltr'><em>hana]</em></span> <span class='ocrx_word' id='word_1_62' title='bbox 418 789 470 820; x_wconf 85' lang='lat' dir='ltr'><em>Sic</em></span> <span class='ocrx_word' id='word_1_63' title='bbox 487 789 627 820; x_wconf 83' lang='lat' dir='ltr'><em>Graevius</em></span> <span class='ocrx_word' id='word_1_64' title='bbox 643 790 660 820; x_wconf 77' lang='grc' dir='ltr'>ἐ</span> <span class='ocrx_word' id='word_1_65' title='bbox 674 789 755 821; x_wconf 89' lang='lat' dir='ltr'><em>Cod.</em></span> <span class='ocrx_word' id='word_1_66' title='bbox 770 800 845 827; x_wconf 79' lang='lat' dir='ltr'><em>suo3</em></span> 
     </span>
     <span class='ocr_line' id='line_1_13' title="bbox 127 832 461 870; baseline 0 -8"><span class='ocrx_word' id='word_1_67' title='bbox 127 832 160 862; x_wconf 87' lang='lat' dir='ltr'><em>in</em></span> <span class='ocrx_word' id='word_1_68' title='bbox 175 832 257 870; x_wconf 71' lang='lat' dir='ltr'><em>vulg.</em></span> <span class='ocrx_word' id='word_1_69' title='bbox 272 833 362 862; x_wconf 76' lang='lat' dir='ltr'><em>deest</em></span> <span class='ocrx_word' id='word_1_70' title='bbox 377 833 461 862; x_wconf 79' lang='lat' dir='ltr'><em>banc.</em></span> 
     </span>
    </p>

    <p class='ocr_par' dir='ltr' id='par_1_9' title="bbox 86 873 848 1001">
     <span class='ocr_line' id='line_1_14' title="bbox 86 873 848 918; baseline 0.001 -14"><span class='ocrx_word' id='word_1_71' title='bbox 86 873 152 905; x_wconf 86' lang='lat' dir='ltr'><em>III.</em></span> <span class='ocrx_word' id='word_1_72' title='bbox 175 877 205 905; x_wconf 88' lang='lat'><em>5.</em></span> <span class='ocrx_word' id='word_1_73' title='bbox 231 874 302 904; x_wconf 85' lang='lat' dir='ltr'><em>Tam</em></span> <span class='ocrx_word' id='word_1_74' title='bbox 316 875 413 905; x_wconf 62' lang='lat' dir='ltr'><em>acerbe*</em></span> <span class='ocrx_word' id='word_1_75' title='bbox 426 885 539 916; x_wconf 82' lang='lat' dir='ltr'><em>cogerer</em></span> <span class='ocrx_word' id='word_1_76' title='bbox 550 876 580 918; x_wconf 81' lang='lat'><em>?]</em></span> <span class='ocrx_word' id='word_1_77' title='bbox 616 873 681 904; x_wconf 86' lang='lat' dir='ltr'><em>Alii</em></span> <span class='ocrx_word' id='word_1_78' title='bbox 693 874 754 910; x_wconf 75' lang='lat' dir='ltr'><em>hic,</em></span> <span class='ocrx_word' id='word_1_79' title='bbox 770 880 848 905; x_wconf 83' lang='lat' dir='ltr'><em>utet</em></span> 
     </span>
     <span class='ocr_line' id='line_1_15' title="bbox 127 917 846 958; baseline 0 -11"><span class='ocrx_word' id='word_1_80' title='bbox 127 917 160 947; x_wconf 87' lang='lat' dir='ltr'><em>in</em></span> <span class='ocrx_word' id='word_1_81' title='bbox 177 917 227 948; x_wconf 89' lang='lat' dir='ltr'><em>ed.</em></span> <span class='ocrx_word' id='word_1_82' title='bbox 242 917 362 958; x_wconf 68' lang='lat' dir='ltr'><em>Steph„</em></span> <span class='ocrx_word' id='word_1_83' title='bbox 380 917 489 958; x_wconf 85' lang='lat' dir='ltr'><em>legunt</em></span> <span class='ocrx_word' id='word_1_84' title='bbox 504 923 565 947; x_wconf 82' lang='lat' dir='ltr'><em>tam</em></span> <span class='ocrx_word' id='word_1_85' title='bbox 579 917 678 947; x_wconf 69' lang='lat' dir='ltr'><em>acerbe?</em></span> <span class='ocrx_word' id='word_1_86' title='bbox 701 919 776 947; x_wconf 81' lang='lat' dir='ltr'><em>solus</em></span> <span class='ocrx_word' id='word_1_87' title='bbox 801 929 846 947; x_wconf 87' lang='lat' dir='ltr'><em>co·</em></span> 
     </span>
     <span class='ocr_line' id='line_1_16' title="bbox 124 959 821 1001; baseline 0 -11"><span class='ocrx_word' id='word_1_88' title='bbox 124 961 227 1001; x_wconf 81' lang='lat' dir='ltr'><em>gerer?</em></span> <span class='ocrx_word' id='word_1_89' title='bbox 261 960 400 990; x_wconf 83' lang='lat' dir='ltr'><em>Graevius</em></span> <span class='ocrx_word' id='word_1_90' title='bbox 414 961 470 996; x_wconf 85' lang='lat' dir='ltr'><em>ita,</em></span> <span class='ocrx_word' id='word_1_91' title='bbox 486 966 581 991; x_wconf 73' lang='lat' dir='ltr'><em>tamen</em></span> <span class='ocrx_word' id='word_1_92' title='bbox 592 959 689 995; x_wconf 55' lang='lat' dir='ltr'><em>acerbe</em></span> <span class='ocrx_word' id='word_1_93' title='bbox 698 970 821 1001; x_wconf 77' lang='lat' dir='ltr'><em>cogerer.</em></span> 
     </span>
    </p>

    <p class='ocr_par' dir='ltr' id='par_1_10' title="bbox 87 1002 848 1129">
     <span class='ocr_line' id='line_1_17' title="bbox 87 1002 848 1043; baseline 0.003 -11"><span class='ocrx_word' id='word_1_94' title='bbox 87 1005 140 1034; x_wconf 76' lang='lat'><em>19.</em></span> <span class='ocrx_word' id='word_1_95' title='bbox 164 1002 225 1033; x_wconf 82' lang='lat' dir='ltr'><em>Ista</em></span> <span class='ocrx_word' id='word_1_96' title='bbox 237 1003 353 1043; x_wconf 63' lang='lat' dir='ltr'><em>pamm]</em></span> <span class='ocrx_word' id='word_1_97' title='bbox 382 1002 434 1033; x_wconf 90' lang='lat' dir='ltr'><em>Al.</em></span> <span class='ocrx_word' id='word_1_98' title='bbox 451 1009 537 1033; x_wconf 83' lang='lat' dir='ltr'><em>tanta</em></span> <span class='ocrx_word' id='word_1_99' title='bbox 551 1005 609 1034; x_wconf 81' lang='lat' dir='ltr'><em>ista</em></span> <span class='ocrx_word' id='word_1_100' title='bbox 621 1013 716 1042; x_wconf 79' lang='lat' dir='ltr'><em>poena,</em></span> <span class='ocrx_word' id='word_1_101' title='bbox 726 1003 777 1033; x_wconf 83' lang='lat' dir='ltr'><em>illa</em></span> <span class='ocrx_word' id='word_1_102' title='bbox 790 1014 848 1034; x_wconf 86' lang='lat' dir='ltr'><em>vox</em></span> 
     </span>
     <span class='ocr_line' id='line_1_18' title="bbox 128 1045 844 1088; baseline 0 -11"><span class='ocrx_word' id='word_1_103' title='bbox 128 1052 215 1077; x_wconf 78' lang='lat' dir='ltr'><em>tanta</em></span> <span class='ocrx_word' id='word_1_104' title='bbox 231 1045 361 1088; x_wconf 70' lang='lat' dir='ltr'><em>primum</em></span> <span class='ocrx_word' id='word_1_105' title='bbox 377 1056 394 1075; x_wconf 88' lang='lat' dir='ltr'><em>e</em></span> <span class='ocrx_word' id='word_1_106' title='bbox 411 1046 491 1076; x_wconf 91' lang='lat' dir='ltr'><em>Cod.</em></span> <span class='ocrx_word' id='word_1_107' title='bbox 507 1053 570 1077; x_wconf 87' lang='lat' dir='ltr'><em>vet.</em></span> <span class='ocrx_word' id='word_1_108' title='bbox 593 1045 735 1076; x_wconf 83' lang='lat' dir='ltr'>exhibuit</span> <span class='ocrx_word' id='word_1_109' title='bbox 748 1046 844 1077; x_wconf 83' lang='lat' dir='ltr'><em>Faer-</em></span> 
     </span>
     <span class='ocr_line' id='line_1_19' title="bbox 127 1089 648 1129; baseline 0.002 -11"><span class='ocrx_word' id='word_1_110' title='bbox 127 1099 198 1125; x_wconf 80' lang='lat' dir='ltr'><em>nus,</em></span> <span class='ocrx_word' id='word_1_111' title='bbox 213 1089 246 1119; x_wconf 89' lang='lat' dir='ltr'><em>in</em></span> <span class='ocrx_word' id='word_1_112' title='bbox 262 1089 393 1129; x_wconf 73' lang='lat' dir='ltr'><em>vulgatis</em></span> <span class='ocrx_word' id='word_1_113' title='bbox 409 1089 534 1119; x_wconf 66' lang='lat' dir='ltr'><em>omnino</em></span> <span class='ocrx_word' id='word_1_114' title='bbox 551 1090 648 1119; x_wconf 73' lang='lat' dir='ltr'><em>deest.</em></span> 
     </span>
    </p>

    <p class='ocr_par' dir='ltr' id='par_1_11' title="bbox 86 1131 846 1343">
     <span class='ocr_line' id='line_1_20' title="bbox 86 1131 845 1173; baseline 0 -11"><span class='ocrx_word' id='word_1_115' title='bbox 86 1131 128 1163; x_wconf 89' lang='lat' dir='ltr'><em>V.</em></span> <span class='ocrx_word' id='word_1_116' title='bbox 147 1134 200 1162; x_wconf 73' lang='lat'><em>20.</em></span> <span class='ocrx_word' id='word_1_117' title='bbox 217 1131 296 1166; x_wconf 81' lang='lat' dir='ltr'><em>Quid</em></span> <span class='ocrx_word' id='word_1_118' title='bbox 311 1138 350 1162; x_wconf 84' lang='lat' dir='ltr'><em>est</em></span> <span class='ocrx_word' id='word_1_119' title='bbox 364 1133 459 1173; x_wconf 76' lang='lat' dir='ltr'><em>igitur</em></span> <span class='ocrx_word' id='word_1_120' title='bbox 473 1133 557 1162; x_wconf 79' lang='lat' dir='ltr'><em>aliud</em></span> <span class='ocrx_word' id='word_1_121' title='bbox 570 1131 748 1172; x_wconf 65' lang='lat' dir='ltr'><em>adhortari]</em></span> <span class='ocrx_word' id='word_1_122' title='bbox 794 1131 845 1162; x_wconf 84' lang='lat' dir='ltr'><em>lta</em></span> 
     </span>
     <span class='ocr_line' id='line_1_21' title="bbox 128 1174 845 1215; baseline 0 -10"><span class='ocrx_word' id='word_1_123' title='bbox 128 1174 247 1206; x_wconf 74' lang='lat' dir='ltr'><em>Ferrar.</em></span> <span class='ocrx_word' id='word_1_124' title='bbox 262 1175 300 1205; x_wconf 91' lang='lat' dir='ltr'><em>C.</em></span> <span class='ocrx_word' id='word_1_125' title='bbox 316 1174 415 1215; x_wconf 84' lang='lat' dir='ltr'><em>Lang.</em></span> <span class='ocrx_word' id='word_1_126' title='bbox 433 1183 464 1205; x_wconf 77' lang='lat' dir='ltr'><em>et</em></span> <span class='ocrx_word' id='word_1_127' title='bbox 475 1176 527 1206; x_wconf 87' lang='lat' dir='ltr'><em>ed.</em></span> <span class='ocrx_word' id='word_1_128' title='bbox 542 1175 578 1206; x_wconf 90' lang='lat' dir='ltr'><em>C.</em></span> <span class='ocrx_word' id='word_1_129' title='bbox 597 1174 706 1215; x_wconf 75' lang='lat' dir='ltr'><em>Steph.</em></span> <span class='ocrx_word' id='word_1_130' title='bbox 721 1175 775 1204; x_wconf 88' lang='lat' dir='ltr'><em>sed</em></span> <span class='ocrx_word' id='word_1_131' title='bbox 793 1175 845 1205; x_wconf 86' lang='lat' dir='ltr'><em>alii</em></span> 
     </span>
     <span class='ocr_line' id='line_1_22' title="bbox 128 1217 845 1259; baseline 0 -12"><span class='ocrx_word' id='word_1_132' title='bbox 128 1217 245 1259; x_wconf 83' lang='lat' dir='ltr'><em>vulgati</em></span> <span class='ocrx_word' id='word_1_133' title='bbox 284 1218 413 1256; x_wconf 78' lang='lat' dir='ltr'><em>habent,</em></span> <span class='ocrx_word' id='word_1_134' title='bbox 442 1217 522 1252; x_wconf 79' lang='lat' dir='ltr'><em>Quid</em></span> <span class='ocrx_word' id='word_1_135' title='bbox 551 1225 590 1248; x_wconf 80' lang='lat' dir='ltr'><em>est</em></span> <span class='ocrx_word' id='word_1_136' title='bbox 627 1219 723 1258; x_wconf 79' lang='lat' dir='ltr'><em>igitur</em></span> <span class='ocrx_word' id='word_1_137' title='bbox 750 1218 845 1253; x_wconf 79' lang='lat' dir='ltr'><em>aliud,</em></span> 
     </span>
     <span class='ocr_line' id='line_1_23' title="bbox 128 1260 846 1301; baseline 0.001 -11"><span class='ocrx_word' id='word_1_138' title='bbox 128 1260 216 1301; x_wconf 70' lang='lat' dir='ltr'><em>qutim</em></span> <span class='ocrx_word' id='word_1_139' title='bbox 229 1261 345 1291; x_wconf 81' lang='lat' dir='ltr'><em>adhort.</em></span> <span class='ocrx_word' id='word_1_140' title='bbox 369 1261 432 1291; x_wconf 86' lang='lat' dir='ltr'><em>Sed</em></span> <span class='ocrx_word' id='word_1_141' title='bbox 449 1261 586 1292; x_wconf 79' lang='lat' dir='ltr'><em>Faernus</em></span> <span class='ocrx_word' id='word_1_142' title='bbox 602 1261 687 1292; x_wconf 86' lang='lat' dir='ltr'><em>delet</em></span> <span class='ocrx_word' id='word_1_143' title='bbox 701 1262 799 1301; x_wconf 79' lang='lat' dir='ltr'><em>igitur</em></span> <span class='ocrx_word' id='word_1_144' title='bbox 814 1266 846 1291; x_wconf 90' lang='lat' dir='ltr'><em>et</em></span> 
     </span>
     <span class='ocr_line' id='line_1_24' title="bbox 127 1314 224 1343; baseline 0.021 -10"><span class='ocrx_word' id='word_1_145' title='bbox 127 1314 224 1343; x_wconf 79' lang='lat' dir='ltr'><em>quam.</em></span> 
     </span>
    </p>

    <p class='ocr_par' dir='ltr' id='par_1_12' title="bbox 85 1346 847 1472">
     <span class='ocr_line' id='line_1_25' title="bbox 85 1346 845 1387; baseline 0 -10"><span class='ocrx_word' id='word_1_146' title='bbox 85 1347 138 1377; x_wconf 82' lang='lat'><em>33.</em></span> <span class='ocrx_word' id='word_1_147' title='bbox 165 1346 229 1377; x_wconf 78' lang='lat' dir='ltr'><em>Uno</em></span> <span class='ocrx_word' id='word_1_148' title='bbox 243 1347 339 1378; x_wconf 65' lang='lat' dir='ltr'><em>verzim</em></span> <span class='ocrx_word' id='word_1_149' title='bbox 351 1349 455 1386; x_wconf 83' lang='lat' dir='ltr'><em>optimo</em></span> <span class='ocrx_word' id='word_1_150' title='bbox 468 1347 610 1387; x_wconf 68' lang='lat' dir='ltr'><em>auctore]</em></span> <span class='ocrx_word' id='word_1_151' title='bbox 646 1346 697 1377; x_wconf 72' lang='lat' dir='ltr'><em>Ita</em></span> <span class='ocrx_word' id='word_1_152' title='bbox 709 1346 845 1377; x_wconf 84' lang='lat' dir='ltr'><em>Faernus</em></span> 
     </span>
     <span class='ocr_line' id='line_1_26' title="bbox 129 1389 847 1431; baseline 0 -11"><span class='ocrx_word' id='word_1_153' title='bbox 129 1395 161 1420; x_wconf 79' lang='lat' dir='ltr'><em>et</em></span> <span class='ocrx_word' id='word_1_154' title='bbox 175 1389 317 1421; x_wconf 86' lang='lat' dir='ltr'><em>Muretus</em></span> <span class='ocrx_word' id='word_1_155' title='bbox 331 1390 348 1420; x_wconf 80' lang='grc' dir='ltr'>ὲ</span> <span class='ocrx_word' id='word_1_156' title='bbox 365 1390 445 1421; x_wconf 89' lang='lat' dir='ltr'><em>Cod.</em></span> <span class='ocrx_word' id='word_1_157' title='bbox 461 1391 535 1422; x_wconf 78' lang='lat' dir='ltr'><em>Vat.</em></span> <span class='ocrx_word' id='word_1_158' title='bbox 552 1392 607 1420; x_wconf 88' lang='lat' dir='ltr'><em>sed</em></span> <span class='ocrx_word' id='word_1_159' title='bbox 622 1389 707 1431; x_wconf 84' lang='lat' dir='ltr'>vulg.</span> <span class='ocrx_word' id='word_1_160' title='bbox 717 1400 775 1420; x_wconf 82' lang='lat' dir='ltr'><em>uno</em></span> <span class='ocrx_word' id='word_1_161' title='bbox 786 1391 847 1420; x_wconf 77' lang='lat' dir='ltr'><em>viro</em></span> 
     </span>
     <span class='ocr_line' id='line_1_27' title="bbox 127 1434 371 1472; baseline 0.004 -10"><span class='ocrx_word' id='word_1_162' title='bbox 127 1434 231 1472; x_wconf 80' lang='lat' dir='ltr'><em>optimo</em></span> <span class='ocrx_word' id='word_1_163' title='bbox 245 1440 371 1464; x_wconf 80' lang='lat' dir='ltr'><em>auctore.</em></span> 
     </span>
    </p>

    <p class='ocr_par' dir='ltr' id='par_1_13' title="bbox 85 1475 848 1593">
     <span class='ocr_line' id='line_1_28' title="bbox 85 1475 847 1516; baseline 0 -11"><span class='ocrx_word' id='word_1_164' title='bbox 85 1475 138 1506; x_wconf 82' lang='lat'><em>53.</em></span> <span class='ocrx_word' id='word_1_165' title='bbox 164 1476 248 1511; x_wconf 76' lang='lat' dir='ltr'><em>Quod</em></span> <span class='ocrx_word' id='word_1_166' title='bbox 270 1483 309 1506; x_wconf 80' lang='lat' dir='ltr'><em>est</em></span> <span class='ocrx_word' id='word_1_167' title='bbox 334 1476 501 1513; x_wconf 79' lang='lat' dir='ltr'><em>amicorum,</em></span> <span class='ocrx_word' id='word_1_168' title='bbox 524 1475 596 1507; x_wconf 64' lang='lat' dir='ltr'><em>ant&amp;</em></span> <span class='ocrx_word' id='word_1_169' title='bbox 617 1476 709 1506; x_wconf 79' lang='lat' dir='ltr'><em>dicere</em></span> <span class='ocrx_word' id='word_1_170' title='bbox 729 1486 763 1506; x_wconf 83' lang='lat' dir='ltr'><em>ea</em></span> <span class='ocrx_word' id='word_1_171' title='bbox 787 1486 847 1516; x_wconf 74' lang='lat' dir='ltr'><em>‹121ae</em></span> 
     </span>
     <span class='ocr_line' id='line_1_29' title="bbox 127 1519 848 1560; baseline 0 -12"><span class='ocrx_word' id='word_1_172' title='bbox 127 1520 217 1549; x_wconf 77' lang='lat' dir='ltr'><em>vitari</em></span> <span class='ocrx_word' id='word_1_173' title='bbox 229 1519 373 1559; x_wconf 61' lang='lat' dir='ltr'><em>possunt]</em></span> <span class='ocrx_word' id='word_1_174' title='bbox 418 1519 496 1549; x_wconf 85' lang='lat' dir='ltr'><em>Haec</em></span> <span class='ocrx_word' id='word_1_175' title='bbox 520 1519 624 1550; x_wconf 86' lang='lat' dir='ltr'><em>onmia</em></span> <span class='ocrx_word' id='word_1_176' title='bbox 649 1529 704 1560; x_wconf 88' lang='lat' dir='ltr'><em>pro</em></span> <span class='ocrx_word' id='word_1_177' title='bbox 730 1519 848 1559; x_wconf 82' lang='lat' dir='ltr'><em>glosse-</em></span> 
     </span>
     <span class='ocr_line' id='line_1_30' title="bbox 128 1562 497 1593; baseline 0.003 -2"><span class='ocrx_word' id='word_1_178' title='bbox 128 1567 212 1592; x_wconf 80' lang='lat' dir='ltr'><em>mate</em></span> <span class='ocrx_word' id='word_1_179' title='bbox 224 1563 318 1593; x_wconf 79' lang='lat' dir='ltr'><em>habet</em></span> <span class='ocrx_word' id='word_1_180' title='bbox 332 1562 497 1592; x_wconf 74' lang='lat' dir='ltr'><em>Ferrarius.</em></span> 
     </span>
    </p>

    <p class='ocr_par' dir='ltr' id='par_1_14' title="bbox 86 1603 846 1688">
     <span class='ocr_line' id='line_1_31' title="bbox 86 1603 846 1645; baseline 0 -11"><span class='ocrx_word' id='word_1_181' title='bbox 86 1603 146 1634; x_wconf 83' lang='lat' dir='ltr'><em>VI.</em></span> <span class='ocrx_word' id='word_1_182' title='bbox 175 1609 202 1636; x_wconf 88' lang='lat'><em>1.</em></span> <span class='ocrx_word' id='word_1_183' title='bbox 225 1604 317 1635; x_wconf 77' lang='lat' dir='ltr'><em>Irasoz¹</em></span> <span class='ocrx_word' id='word_1_184' title='bbox 332 1605 405 1645; x_wconf 54' lang='lat' dir='ltr'><em>voa]</em></span> <span class='ocrx_word' id='word_1_185' title='bbox 448 1604 498 1634; x_wconf 81' lang='lat' dir='ltr'><em>Ita</em></span> <span class='ocrx_word' id='word_1_186' title='bbox 515 1604 631 1635; x_wconf 82' lang='lat' dir='ltr'><em>Ferrar.</em></span> <span class='ocrx_word' id='word_1_187' title='bbox 649 1610 681 1634; x_wconf 87' lang='lat' dir='ltr'><em>et</em></span> <span class='ocrx_word' id='word_1_188' title='bbox 696 1605 808 1635; x_wconf 84' lang='lat' dir='ltr'><em>Faern.</em></span> <span class='ocrx_word' id='word_1_189' title='bbox 829 1604 846 1634; x_wconf 78' lang='grc' dir='ltr'>ὲ</span> 
     </span>
     <span class='ocr_line' id='line_1_32' title="bbox 130 1647 846 1688; baseline 0 -12"><span class='ocrx_word' id='word_1_190' title='bbox 130 1647 211 1677; x_wconf 87' lang='lat' dir='ltr'><em>cod.</em></span> <span class='ocrx_word' id='word_1_191' title='bbox 228 1654 291 1679; x_wconf 86' lang='lat' dir='ltr'><em>ant.</em></span> <span class='ocrx_word' id='word_1_192' title='bbox 315 1648 355 1680; x_wconf 83' lang='lat' dir='ltr'><em>al.</em></span> <span class='ocrx_word' id='word_1_193' title='bbox 379 1647 473 1678; x_wconf 80' lang='lat' dir='ltr'><em>Irasci</em></span> <span class='ocrx_word' id='word_1_194' title='bbox 496 1654 542 1684; x_wconf 73' lang='lat' dir='ltr'><em>te;</em></span> <span class='ocrx_word' id='word_1_195' title='bbox 566 1653 598 1678; x_wconf 85' lang='lat' dir='ltr'><em>et</em></span> <span class='ocrx_word' id='word_1_196' title='bbox 621 1658 676 1688; x_wconf 84' lang='lat' dir='ltr'><em>pro</em></span> <span class='ocrx_word' id='word_1_197' title='bbox 699 1648 846 1686; x_wconf 79' lang='lat' dir='ltr'><em>oportebit,</em></span> 
     </span>
    </p>

    <p class='ocr_par' dir='ltr' id='par_1_15' title="bbox 84 1689 846 1729">
     <span class='ocr_line' id='line_1_33' title="bbox 84 1689 846 1729; baseline 0.001 -10"><span class='ocrx_word' id='word_1_198' title='bbox 84 1700 86 1702; x_wconf 73' lang='grc'>’</span> <span class='ocrx_word' id='word_1_199' title='bbox 128 1689 239 1720; x_wconf 85' lang='lat' dir='ltr'><em>Faern.</em></span> <span class='ocrx_word' id='word_1_200' title='bbox 258 1691 374 1721; x_wconf 85' lang='lat' dir='ltr'><em>Muret.</em></span> <span class='ocrx_word' id='word_1_201' title='bbox 399 1690 508 1721; x_wconf 88' lang='lat' dir='ltr'><em>Lamb.</em></span> <span class='ocrx_word' id='word_1_202' title='bbox 524 1695 555 1721; x_wconf 85' lang='lat' dir='ltr'><em>et</em></span> <span class='ocrx_word' id='word_1_203' title='bbox 570 1690 674 1720; x_wconf 72' lang='lat' dir='ltr'><em>Graev.</em></span> <span class='ocrx_word' id='word_1_204' title='bbox 691 1691 846 1729; x_wconf 72' lang='lat' dir='ltr'><em>oportebat.</em></span> 
     </span>
    </p>

    <p class='ocr_par' dir='ltr' id='par_1_16' title="bbox 85 1732 848 1901">
     <span class='ocr_line' id='line_1_34' title="bbox 85 1732 846 1774; baseline 0 -12"><span class='ocrx_word' id='word_1_205' title='bbox 85 1734 138 1762; x_wconf 72' lang='lat'><em>12.</em></span> <span class='ocrx_word' id='word_1_206' title='bbox 164 1732 278 1772; x_wconf 80' lang='lat' dir='ltr'><em>[Quam</em></span> <span class='ocrx_word' id='word_1_207' title='bbox 292 1735 323 1763; x_wconf 74' lang='lat' dir='ltr'><em>in</em></span> <span class='ocrx_word' id='word_1_208' title='bbox 345 1733 454 1772; x_wconf 82' lang='lat' dir='ltr'><em>Repub.</em></span> <span class='ocrx_word' id='word_1_209' title='bbox 477 1744 584 1772; x_wconf 80' lang='lat' dir='ltr'><em>semper</em></span> <span class='ocrx_word' id='word_1_210' title='bbox 607 1733 725 1774; x_wconf 59' lang='lat' dir='ltr'><em>hame]</em></span> <span class='ocrx_word' id='word_1_211' title='bbox 770 1734 846 1763; x_wconf 88' lang='lat' dir='ltr'><em>Haec</em></span> 
     </span>
     <span class='ocr_line' id='line_1_35' title="bbox 128 1775 847 1811; baseline 0.001 -7"><span class='ocrx_word' id='word_1_212' title='bbox 128 1776 223 1806; x_wconf 85' lang='lat' dir='ltr'><em>verba</em></span> <span class='ocrx_word' id='word_1_213' title='bbox 249 1776 361 1806; x_wconf 78' lang='lat' dir='ltr'><em>desunt</em></span> <span class='ocrx_word' id='word_1_214' title='bbox 385 1777 415 1805; x_wconf 88' lang='lat' dir='ltr'><em>in</em></span> <span class='ocrx_word' id='word_1_215' title='bbox 439 1775 493 1805; x_wconf 90' lang='lat' dir='ltr'><em>lib.</em></span> <span class='ocrx_word' id='word_1_216' title='bbox 517 1782 581 1807; x_wconf 88' lang='lat' dir='ltr'><em>ant.</em></span> <span class='ocrx_word' id='word_1_217' title='bbox 605 1776 727 1811; x_wconf 85' lang='lat' dir='ltr'><em>Faerni,</em></span> <span class='ocrx_word' id='word_1_218' title='bbox 744 1777 847 1806; x_wconf 78' lang='lat' dir='ltr'><em>etde-</em></span> 
     </span>
     <span class='ocr_line' id='line_1_36' title="bbox 128 1817 848 1859; baseline 0 -12"><span class='ocrx_word' id='word_1_219' title='bbox 128 1817 222 1849; x_wconf 87' lang='lat' dir='ltr'><em>lenda</em></span> <span class='ocrx_word' id='word_1_220' title='bbox 236 1824 344 1849; x_wconf 83' lang='lat' dir='ltr'><em>censet</em></span> <span class='ocrx_word' id='word_1_221' title='bbox 360 1818 519 1849; x_wconf 80' lang='lat' dir='ltr'><em>Graevius:</em></span> <span class='ocrx_word' id='word_1_222' title='bbox 545 1819 631 1848; x_wconf 80' lang='lat' dir='ltr'><em>uncis</em></span> <span class='ocrx_word' id='word_1_223' title='bbox 644 1818 737 1859; x_wconf 80' lang='lat' dir='ltr'><em>igitur</em></span> <span class='ocrx_word' id='word_1_224' title='bbox 747 1818 848 1850; x_wconf 86' lang='lat' dir='ltr'><em>inclu-</em></span> 
     </span>
     <span class='ocr_line' id='line_1_37' title="bbox 130 1861 664 1901; baseline -0.002 -11"><span class='ocrx_word' id='word_1_225' title='bbox 130 1861 243 1898; x_wconf 73' lang='lat' dir='ltr'><em>simus5</em></span> <span class='ocrx_word' id='word_1_226' title='bbox 268 1861 401 1901; x_wconf 81' lang='lat' dir='ltr'><em>glossam</em></span> <span class='ocrx_word' id='word_1_227' title='bbox 416 1861 498 1891; x_wconf 84' lang='lat' dir='ltr'><em>enim</em></span> <span class='ocrx_word' id='word_1_228' title='bbox 513 1861 664 1890; x_wconf 83' lang='lat' dir='ltr'><em>redolent.</em></span> 
     </span>
    </p>

    <p class='ocr_par' dir='ltr' id='par_1_17' title="bbox 86 1902 849 2070">
     <span class='ocr_line' id='line_1_38' title="bbox 86 1902 848 1944; baseline 0 -11"><span class='ocrx_word' id='word_1_229' title='bbox 86 1905 140 1934; x_wconf 79' lang='lat'><em>44.</em></span> <span class='ocrx_word' id='word_1_230' title='bbox 168 1903 254 1933; x_wconf 81' lang='lat' dir='ltr'><em>Hanc</em></span> <span class='ocrx_word' id='word_1_231' title='bbox 264 1909 309 1939; x_wconf 79' lang='lat' dir='ltr'><em>tu,</em></span> <span class='ocrx_word' id='word_1_232' title='bbox 323 1904 503 1944; x_wconf 53' lang='lat' dir='ltr'><em>Dolabella]</em></span> <span class='ocrx_word' id='word_1_233' title='bbox 529 1903 590 1933; x_wconf 82' lang='lat' dir='ltr'><em>Scd</em></span> <span class='ocrx_word' id='word_1_234' title='bbox 608 1902 758 1943; x_wconf 85' lang='lat' dir='ltr'><em>Faernus,</em></span> <span class='ocrx_word' id='word_1_235' title='bbox 774 1903 848 1933; x_wconf 83' lang='lat' dir='ltr'><em>Mu-</em></span> 
     </span>
     <span class='ocr_line' id='line_1_39' title="bbox 130 1945 848 1985; baseline 0 -10"><span class='ocrx_word' id='word_1_236' title='bbox 130 1951 226 1985; x_wconf 83' lang='lat' dir='ltr'>retus,</span> <span class='ocrx_word' id='word_1_237' title='bbox 252 1945 426 1981; x_wconf 81' lang='lat' dir='ltr'>Manutius,</span> <span class='ocrx_word' id='word_1_238' title='bbox 451 1945 553 1977; x_wconf 89' lang='lat' dir='ltr'><em>ed.C.</em></span> <span class='ocrx_word' id='word_1_239' title='bbox 571 1946 680 1985; x_wconf 77' lang='lat' dir='ltr'><em>Steph.</em></span> <span class='ocrx_word' id='word_1_240' title='bbox 699 1952 729 1977; x_wconf 78' lang='lat' dir='ltr'><em>et</em></span> <span class='ocrx_word' id='word_1_241' title='bbox 743 1946 848 1976; x_wconf 84' lang='lat' dir='ltr'><em>Graev.</em></span> 
     </span>
     <span class='ocr_line' id='line_1_40' title="bbox 131 1987 849 2029; baseline 0 -11"><span class='ocrx_word' id='word_1_242' title='bbox 131 1987 219 2018; x_wconf 79' lang='lat' dir='ltr'><em>Hanc</em></span> <span class='ocrx_word' id='word_1_243' title='bbox 233 1994 268 2018; x_wconf 61' lang='lat' dir='ltr'><em>tu.</em></span> <span class='ocrx_word' id='word_1_244' title='bbox 295 1988 332 2020; x_wconf 88' lang='lat' dir='ltr'><em>P.</em></span> <span class='ocrx_word' id='word_1_245' title='bbox 349 1988 518 2026; x_wconf 74' lang='lat' dir='ltr'><em>Dolabella3</em></span> <span class='ocrx_word' id='word_1_246' title='bbox 547 1987 589 2018; x_wconf 85' lang='lat' dir='ltr'><em>R.</em></span> <span class='ocrx_word' id='word_1_247' title='bbox 614 1989 725 2029; x_wconf 85' lang='lat' dir='ltr'><em>Steph.</em></span> <span class='ocrx_word' id='word_1_248' title='bbox 745 1994 778 2019; x_wconf 89' lang='lat' dir='ltr'><em>et</em></span> <span class='ocrx_word' id='word_1_249' title='bbox 802 1998 849 2018; x_wconf 89' lang='lat' dir='ltr'><em>re-</em></span> 
     </span>
     <span class='ocr_line' id='line_1_41' title="bbox 128 2030 764 2070; baseline 0.002 -9"><span class='ocrx_word' id='word_1_250' title='bbox 128 2031 292 2067; x_wconf 86' lang='lat' dir='ltr'><em>centiores,</em></span> <span class='ocrx_word' id='word_1_251' title='bbox 310 2032 396 2062; x_wconf 81' lang='lat' dir='ltr'><em>Hanc</em></span> <span class='ocrx_word' id='word_1_252' title='bbox 410 2037 441 2062; x_wconf 83' lang='lat' dir='ltr'><em>tu</em></span> <span class='ocrx_word' id='word_1_253' title='bbox 454 2032 586 2070; x_wconf 81' lang='lat' dir='ltr'><em>potuisti,</em></span> <span class='ocrx_word' id='word_1_254' title='bbox 602 2030 764 2063; x_wconf 82' lang='lat' dir='ltr'><em>Dolabella.</em></span> 
     </span>
    </p>
   </div>
   <div class='ocr_carea' id='block_1_7' title="bbox 890 401 1655 2021">
    <p class='ocr_par' dir='ltr' id='par_1_18' title="bbox 890 401 1654 617">
     <span class='ocr_line' id='line_1_42' title="bbox 890 401 1651 444; baseline -0.004 -9"><span class='ocrx_word' id='word_1_255' title='bbox 890 406 944 436; x_wconf 79' lang='lat'><em>51.</em></span> <span class='ocrx_word' id='word_1_256' title='bbox 966 403 1081 435; x_wconf 82' lang='lat' dir='ltr'><em>Oblitus</em></span> <span class='ocrx_word' id='word_1_257' title='bbox 1095 404 1234 443; x_wconf 77' lang='lat' dir='ltr'><em>auspicia,</em></span> <span class='ocrx_word' id='word_1_258' title='bbox 1251 401 1284 444; x_wconf 82' lang='grc' dir='ltr'><em>[ἂ</em></span> <span class='ocrx_word' id='word_1_259' title='bbox 1299 409 1326 433; x_wconf 82' lang='lat' dir='ltr'><em>te</em></span> <span class='ocrx_word' id='word_1_260' title='bbox 1340 403 1399 443; x_wconf 82' lang='lat' dir='ltr'><em>ipso</em></span> <span class='ocrx_word' id='word_1_261' title='bbox 1419 410 1534 444; x_wconf 79' lang='lat' dir='ltr'><em>augure</em></span> <span class='ocrx_word' id='word_1_262' title='bbox 1547 403 1651 433; x_wconf 69' lang='lat' dir='ltr'><em>’zunti-</em></span> 
     </span>
     <span class='ocr_line' id='line_1_43' title="bbox 934 444 1654 488; baseline -0.003 -11"><span class='ocrx_word' id='word_1_263' title='bbox 934 447 1014 488; x_wconf 86' lang='lat' dir='ltr'><em>ata.]</em></span> <span class='ocrx_word' id='word_1_264' title='bbox 1038 447 1098 477; x_wconf 86' lang='lat' dir='ltr'><em>Ed.</em></span> <span class='ocrx_word' id='word_1_265' title='bbox 1115 446 1152 477; x_wconf 89' lang='lat' dir='ltr'><em>C.</em></span> <span class='ocrx_word' id='word_1_266' title='bbox 1170 446 1281 487; x_wconf 78' lang='lat' dir='ltr'><em>Steph.</em></span> <span class='ocrx_word' id='word_1_267' title='bbox 1297 451 1331 476; x_wconf 88' lang='lat' dir='ltr'><em>ut</em></span> <span class='ocrx_word' id='word_1_268' title='bbox 1346 451 1378 477; x_wconf 86' lang='lat' dir='ltr'><em>et</em></span> <span class='ocrx_word' id='word_1_269' title='bbox 1388 444 1583 477; x_wconf 84' lang='lat' dir='ltr'><em>Graev.cod.</em></span> <span class='ocrx_word' id='word_1_270' title='bbox 1595 445 1654 482; x_wconf 75' lang='lat' dir='ltr'><em>ita,</em></span> 
     </span>
     <span class='ocr_line' id='line_1_44' title="bbox 932 488 1652 531; baseline 0 -12"><span class='ocrx_word' id='word_1_271' title='bbox 932 491 1035 520; x_wconf 77' lang='lat' dir='ltr'><em>oblitus</em></span> <span class='ocrx_word' id='word_1_272' title='bbox 1058 491 1198 530; x_wconf 84' lang='lat' dir='ltr'><em>auspicia,</em></span> <span class='ocrx_word' id='word_1_273' title='bbox 1220 494 1248 519; x_wconf 86' lang='lat' dir='ltr'><em>te</em></span> <span class='ocrx_word' id='word_1_274' title='bbox 1268 490 1327 529; x_wconf 77' lang='lat' dir='ltr'><em>ipso</em></span> <span class='ocrx_word' id='word_1_275' title='bbox 1349 498 1464 531; x_wconf 82' lang='lat' dir='ltr'><em>augure</em></span> <span class='ocrx_word' id='word_1_276' title='bbox 1485 488 1652 519; x_wconf 70' lang='lat' dir='ltr'><em>nuntiante.</em></span> 
     </span>
     <span class='ocr_line' id='line_1_45' title="bbox 933 532 1654 573; baseline -0.001 -11"><span class='ocrx_word' id='word_1_277' title='bbox 933 532 999 563; x_wconf 86' lang='lat' dir='ltr'><em>Alii</em></span> <span class='ocrx_word' id='word_1_278' title='bbox 1015 538 1131 568; x_wconf 85' lang='lat' dir='ltr'><em>autem,</em></span> <span class='ocrx_word' id='word_1_279' title='bbox 1143 533 1245 563; x_wconf 81' lang='lat' dir='ltr'><em>oblitus</em></span> <span class='ocrx_word' id='word_1_280' title='bbox 1260 536 1466 572; x_wconf 80' lang='lat' dir='ltr'><em>auspiciorum,</em></span> <span class='ocrx_word' id='word_1_281' title='bbox 1482 535 1612 573; x_wconf 80' lang='lat' dir='ltr'><em>auguria</em></span> <span class='ocrx_word' id='word_1_282' title='bbox 1626 536 1654 562; x_wconf 80' lang='lat' dir='ltr'><em>te</em></span> 
     </span>
     <span class='ocr_line' id='line_1_46' title="bbox 932 574 1525 617; baseline -0.003 -10"><span class='ocrx_word' id='word_1_283' title='bbox 932 580 991 616; x_wconf 80' lang='lat' dir='ltr'><em>ipso</em></span> <span class='ocrx_word' id='word_1_284' title='bbox 1005 586 1119 617; x_wconf 79' lang='lat' dir='ltr'><em>augure</em></span> <span class='ocrx_word' id='word_1_285' title='bbox 1132 578 1300 606; x_wconf 78' lang='lat' dir='ltr'><em>nuntiante.</em></span> <span class='ocrx_word' id='word_1_286' title='bbox 1347 574 1412 604; x_wconf 89' lang='lat' dir='ltr'><em>Alii</em></span> <span class='ocrx_word' id='word_1_287' title='bbox 1425 574 1525 605; x_wconf 80' lang='lat' dir='ltr'><em>aliter.</em></span> 
     </span>
    </p>

    <p class='ocr_par' dir='ltr' id='par_1_19' title="bbox 932 617 1655 915">
     <span class='ocr_line' id='line_1_47' title="bbox 1465 617 1651 658; baseline -0.016 -10"><span class='ocrx_word' id='word_1_288' title='bbox 1465 617 1651 658; x_wconf 54' lang='lat' dir='ltr'><em>depravare]</em></span> 
     </span>
     <span class='ocr_line' id='line_1_48' title="bbox 934 659 1651 703; baseline -0.001 -12"><span class='ocrx_word' id='word_1_289' title='bbox 934 661 985 691; x_wconf 86' lang='lat' dir='ltr'><em>Sic</em></span> <span class='ocrx_word' id='word_1_290' title='bbox 1001 662 1127 703; x_wconf 84' lang='lat' dir='ltr'><em>quidem</em></span> <span class='ocrx_word' id='word_1_291' title='bbox 1144 662 1261 691; x_wconf 78' lang='lat' dir='ltr'><em>Mutet.</em></span> <span class='ocrx_word' id='word_1_292' title='bbox 1278 661 1403 691; x_wconf 78' lang='lat' dir='ltr'><em>Manut.</em></span> <span class='ocrx_word' id='word_1_293' title='bbox 1419 660 1527 691; x_wconf 84' lang='lat' dir='ltr'><em>Lamb.</em></span> <span class='ocrx_word' id='word_1_294' title='bbox 1540 660 1594 692; x_wconf 89' lang='lat' dir='ltr'><em>ed.</em></span> <span class='ocrx_word' id='word_1_295' title='bbox 1613 659 1651 690; x_wconf 90' lang='lat' dir='ltr'><em>C.</em></span> 
     </span>
     <span class='ocr_line' id='line_1_49' title="bbox 933 702 1654 745; baseline 0 -12"><span class='ocrx_word' id='word_1_296' title='bbox 933 703 1041 745; x_wconf 79' lang='lat' dir='ltr'><em>Stepb.</em></span> <span class='ocrx_word' id='word_1_297' title='bbox 1067 710 1099 735; x_wconf 91' lang='lat' dir='ltr'><em>et</em></span> <span class='ocrx_word' id='word_1_298' title='bbox 1121 703 1261 745; x_wconf 87' lang='lat' dir='ltr'><em>plerique</em></span> <span class='ocrx_word' id='word_1_299' title='bbox 1284 704 1415 744; x_wconf 82' lang='lat' dir='ltr'>antiqui,</span> <span class='ocrx_word' id='word_1_300' title='bbox 1441 707 1476 734; x_wconf 85' lang='lat' dir='ltr'><em>ut</em></span> <span class='ocrx_word' id='word_1_301' title='bbox 1503 708 1536 734; x_wconf 88' lang='lat' dir='ltr'><em>et</em></span> <span class='ocrx_word' id='word_1_302' title='bbox 1556 702 1654 733; x_wconf 87' lang='lat' dir='ltr'><em>editio</em></span> 
     </span>
     <span class='ocr_line' id='line_1_50' title="bbox 932 744 1655 787; baseline -0.003 -9"><span class='ocrx_word' id='word_1_303' title='bbox 932 747 1030 778; x_wconf 86' lang='lat' dir='ltr'><em>minor</em></span> <span class='ocrx_word' id='word_1_304' title='bbox 1045 747 1086 778; x_wconf 81' lang='lat' dir='ltr'><em>R.</em></span> <span class='ocrx_word' id='word_1_305' title='bbox 1105 748 1215 787; x_wconf 85' lang='lat' dir='ltr'><em>Steph.</em></span> <span class='ocrx_word' id='word_1_306' title='bbox 1262 746 1323 778; x_wconf 88' lang='lat' dir='ltr'><em>Sed</em></span> <span class='ocrx_word' id='word_1_307' title='bbox 1346 747 1532 777; x_wconf 80' lang='lat' dir='ltr'><em>recentiores</em></span> <span class='ocrx_word' id='word_1_308' title='bbox 1548 744 1602 787; x_wconf 84' lang='lat' dir='ltr'><em>(ut</em></span> <span class='ocrx_word' id='word_1_309' title='bbox 1622 751 1655 776; x_wconf 87' lang='lat' dir='ltr'><em>et</em></span> 
     </span>
     <span class='ocr_line' id='line_1_51' title="bbox 934 787 1653 831; baseline -0.004 -11"><span class='ocrx_word' id='word_1_310' title='bbox 934 790 985 820; x_wconf 88' lang='lat' dir='ltr'><em>ed.</em></span> <span class='ocrx_word' id='word_1_311' title='bbox 1010 789 1106 830; x_wconf 77' lang='lat' dir='ltr'><em>major</em></span> <span class='ocrx_word' id='word_1_312' title='bbox 1128 790 1171 821; x_wconf 87' lang='lat' dir='ltr'><em>R.</em></span> <span class='ocrx_word' id='word_1_313' title='bbox 1187 790 1312 831; x_wconf 83' lang='lat' dir='ltr'><em>Steph.)</em></span> <span class='ocrx_word' id='word_1_314' title='bbox 1335 789 1378 820; x_wconf 86' lang='lat' dir='ltr'><em>sic</em></span> <span class='ocrx_word' id='word_1_315' title='bbox 1400 790 1528 825; x_wconf 77' lang='lat' dir='ltr'><em>habent,</em></span> <span class='ocrx_word' id='word_1_316' title='bbox 1550 787 1653 829; x_wconf 61' lang='lat' dir='ltr'><em>quhm.</em></span> 
     </span>
     <span class='ocr_line' id='line_1_52' title="bbox 933 832 1651 873; baseline 0.001 -11"><span class='ocrx_word' id='word_1_317' title='bbox 933 844 1017 873; x_wconf 79' lang='lat' dir='ltr'><em>quam</em></span> <span class='ocrx_word' id='word_1_318' title='bbox 1030 833 1106 864; x_wconf 70' lang='lat' dir='ltr'><em>nihil</em></span> <span class='ocrx_word' id='word_1_319' title='bbox 1128 839 1168 863; x_wconf 84' lang='lat' dir='ltr'><em>est</em></span> <span class='ocrx_word' id='word_1_320' title='bbox 1190 838 1249 862; x_wconf 82' lang='lat' dir='ltr'><em>tam</em></span> <span class='ocrx_word' id='word_1_321' title='bbox 1271 833 1498 873; x_wconf 78' lang='lat' dir='ltr'><em>sanctum,quod</em></span> <span class='ocrx_word' id='word_1_322' title='bbox 1512 842 1571 863; x_wconf 78' lang='lat' dir='ltr'><em>non</em></span> <span class='ocrx_word' id='word_1_323' title='bbox 1581 832 1651 863; x_wconf 83' lang='lat' dir='ltr'><em>sole-</em></span> 
     </span>
     <span class='ocr_line' id='line_1_53' title="bbox 934 876 1325 915; baseline 0.003 -10"><span class='ocrx_word' id='word_1_324' title='bbox 934 881 988 906; x_wconf 85' lang='lat' dir='ltr'><em>ant</em></span> <span class='ocrx_word' id='word_1_325' title='bbox 1002 877 1147 907; x_wconf 77' lang='lat' dir='ltr'><em>domestici</em></span> <span class='ocrx_word' id='word_1_326' title='bbox 1160 876 1325 915; x_wconf 83' lang='lat' dir='ltr'><em>depravare.</em></span> 
     </span>
    </p>

    <p class='ocr_par' dir='ltr' id='par_1_20' title="bbox 892 917 1654 1388">
     <span class='ocr_line' id='line_1_54' title="bbox 892 917 1654 959; baseline 0 -9"><span class='ocrx_word' id='word_1_327' title='bbox 892 920 944 950; x_wconf 83' lang='lat'><em>93.</em></span> <span class='ocrx_word' id='word_1_328' title='bbox 981 917 1041 948; x_wconf 85' lang='lat' dir='ltr'><em>Nec</em></span> <span class='ocrx_word' id='word_1_329' title='bbox 1064 919 1165 949; x_wconf 79' lang='lat' dir='ltr'><em>clarus</em></span> <span class='ocrx_word' id='word_1_330' title='bbox 1190 923 1339 958; x_wconf 80' lang='lat' dir='ltr'><em>quisquam</em></span> <span class='ocrx_word' id='word_1_331' title='bbox 1364 929 1418 949; x_wconf 86' lang='lat' dir='ltr'><em>esse</em></span> <span class='ocrx_word' id='word_1_332' title='bbox 1437 917 1556 959; x_wconf 66' lang='lat' dir='ltr'><em>potest]</em></span> <span class='ocrx_word' id='word_1_333' title='bbox 1601 918 1654 950; x_wconf 89' lang='lat' dir='ltr'><em>Sic</em></span> 
     </span>
     <span class='ocr_line' id='line_1_55' title="bbox 934 960 1653 1001; baseline 0.003 -11"><span class='ocrx_word' id='word_1_334' title='bbox 934 961 1008 991; x_wconf 85' lang='lat' dir='ltr'><em>edd.</em></span> <span class='ocrx_word' id='word_1_335' title='bbox 1024 960 1142 992; x_wconf 81' lang='lat' dir='ltr'><em>Victor.</em></span> <span class='ocrx_word' id='word_1_336' title='bbox 1163 961 1288 991; x_wconf 81' lang='lat' dir='ltr'><em>Manut.</em></span> <span class='ocrx_word' id='word_1_337' title='bbox 1315 961 1358 994; x_wconf 79' lang='lat' dir='ltr'><em>R,</em></span> <span class='ocrx_word' id='word_1_338' title='bbox 1383 967 1416 991; x_wconf 85' lang='lat' dir='ltr'><em>et</em></span> <span class='ocrx_word' id='word_1_339' title='bbox 1437 960 1474 993; x_wconf 88' lang='lat' dir='ltr'><em>C.</em></span> <span class='ocrx_word' id='word_1_340' title='bbox 1491 961 1600 1001; x_wconf 91' lang='lat' dir='ltr'><em>Steph.</em></span> <span class='ocrx_word' id='word_1_341' title='bbox 1620 966 1653 992; x_wconf 85' lang='lat' dir='ltr'><em>et</em></span> 
     </span>
     <span class='ocr_line' id='line_1_56' title="bbox 937 1002 1652 1044; baseline 0 -10"><span class='ocrx_word' id='word_1_342' title='bbox 937 1002 1038 1034; x_wconf 85' lang='lat' dir='ltr'><em>Graev.</em></span> <span class='ocrx_word' id='word_1_343' title='bbox 1054 1008 1088 1033; x_wconf 90' lang='lat' dir='ltr'><em>ut</em></span> <span class='ocrx_word' id='word_1_344' title='bbox 1110 1009 1142 1035; x_wconf 87' lang='lat' dir='ltr'><em>et</em></span> <span class='ocrx_word' id='word_1_345' title='bbox 1164 1003 1261 1044; x_wconf 88' lang='lat' dir='ltr'><em>ipsius</em></span> <span class='ocrx_word' id='word_1_346' title='bbox 1285 1003 1410 1040; x_wconf 83' lang='lat' dir='ltr'><em>Faerni,</em></span> <span class='ocrx_word' id='word_1_347' title='bbox 1425 1003 1480 1044; x_wconf 82' lang='lat' dir='ltr'><em>qui</em></span> <span class='ocrx_word' id='word_1_348' title='bbox 1501 1007 1604 1034; x_wconf 68' lang='lat' dir='ltr'><em>tamen</em></span> <span class='ocrx_word' id='word_1_349' title='bbox 1619 1004 1652 1034; x_wconf 84' lang='lat' dir='ltr'><em>in</em></span> 
     </span>
     <span class='ocr_line' id='line_1_57' title="bbox 931 1045 1652 1087; baseline -0.001 -10"><span class='ocrx_word' id='word_1_350' title='bbox 931 1046 1012 1077; x_wconf 89' lang='lat' dir='ltr'><em>Cod.</em></span> <span class='ocrx_word' id='word_1_351' title='bbox 1029 1046 1104 1077; x_wconf 83' lang='lat' dir='ltr'><em>Vat.</em></span> <span class='ocrx_word' id='word_1_352' title='bbox 1121 1046 1163 1077; x_wconf 87' lang='lat' dir='ltr'><em>sic</em></span> <span class='ocrx_word' id='word_1_353' title='bbox 1179 1047 1329 1077; x_wconf 74' lang='lat' dir='ltr'><em>mendose</em></span> <span class='ocrx_word' id='word_1_354' title='bbox 1351 1048 1499 1087; x_wconf 80' lang='lat' dir='ltr'><em>scriplum</em></span> <span class='ocrx_word' id='word_1_355' title='bbox 1521 1045 1652 1084; x_wconf 86' lang='lat' dir='ltr'><em>invenit,</em></span> 
     </span>
     <span class='ocr_line' id='line_1_58' title="bbox 931 1089 1652 1130; baseline 0.001 -12"><span class='ocrx_word' id='word_1_356' title='bbox 931 1100 983 1119; x_wconf 79' lang='lat' dir='ltr'><em>nec</em></span> <span class='ocrx_word' id='word_1_357' title='bbox 1011 1089 1119 1125; x_wconf 80' lang='lat' dir='ltr'><em>clarus,</em></span> <span class='ocrx_word' id='word_1_358' title='bbox 1144 1099 1194 1119; x_wconf 79' lang='lat' dir='ltr'><em>uec</em></span> <span class='ocrx_word' id='word_1_359' title='bbox 1217 1095 1324 1119; x_wconf 79' lang='lat' dir='ltr'><em>unctus</em></span> <span class='ocrx_word' id='word_1_360' title='bbox 1346 1093 1494 1130; x_wconf 80' lang='lat' dir='ltr'><em>quisquam</em></span> <span class='ocrx_word' id='word_1_361' title='bbox 1514 1099 1569 1119; x_wconf 85' lang='lat' dir='ltr'><em>esse</em></span> <span class='ocrx_word' id='word_1_362' title='bbox 1592 1100 1652 1119; x_wconf 88' lang='lat' dir='ltr'><em>om-</em></span> 
     </span>
     <span class='ocr_line' id='line_1_59' title="bbox 932 1131 1652 1176; baseline 0.001 -15"><span class='ocrx_word' id='word_1_363' title='bbox 932 1132 1001 1162; x_wconf 71' lang='grc' dir='ltr'><em>Ίιίιιό</em></span> <span class='ocrx_word' id='word_1_364' title='bbox 1010 1138 1160 1172; x_wconf 80' lang='lat' dir='ltr'><em>potestate.</em></span> <span class='ocrx_word' id='word_1_365' title='bbox 1206 1131 1300 1162; x_wconf 87' lang='lat' dir='ltr'><em>Unde</em></span> <span class='ocrx_word' id='word_1_366' title='bbox 1323 1135 1464 1164; x_wconf 83' lang='lat' dir='ltr'><em>Muretus</em></span> <span class='ocrx_word' id='word_1_367' title='bbox 1479 1131 1523 1163; x_wconf 85' lang='lat' dir='ltr'><em>sic</em></span> <span class='ocrx_word' id='word_1_368' title='bbox 1546 1131 1652 1176; x_wconf 81' lang='lat' dir='ltr'><em>legen-</em></span> 
     </span>
     <span class='ocr_line' id='line_1_60' title="bbox 934 1174 1651 1216; baseline 0.001 -11"><span class='ocrx_word' id='word_1_369' title='bbox 934 1175 1007 1205; x_wconf 86' lang='lat' dir='ltr'><em>dum</em></span> <span class='ocrx_word' id='word_1_370' title='bbox 1024 1174 1168 1216; x_wconf 78' lang='lat' dir='ltr'><em>conjecit,</em></span> <span class='ocrx_word' id='word_1_371' title='bbox 1191 1186 1241 1205; x_wconf 71' lang='lat' dir='ltr'><em>nec</em></span> <span class='ocrx_word' id='word_1_372' title='bbox 1258 1176 1366 1212; x_wconf 76' lang='lat' dir='ltr'><em>clarus,</em></span> <span class='ocrx_word' id='word_1_373' title='bbox 1392 1185 1443 1205; x_wconf 74' lang='lat' dir='ltr'><em>‘nec</em></span> <span class='ocrx_word' id='word_1_374' title='bbox 1465 1180 1557 1211; x_wconf 80' lang='lat' dir='ltr'><em>tutus,</em></span> <span class='ocrx_word' id='word_1_375' title='bbox 1576 1180 1651 1215; x_wconf 82' lang='lat' dir='ltr'><em>quis-</em></span> 
     </span>
     <span class='ocr_line' id='line_1_61' title="bbox 934 1218 1651 1258; baseline 0.003 -11"><span class='ocrx_word' id='word_1_376' title='bbox 934 1229 1020 1258; x_wconf 76' lang='lat' dir='ltr'><em>quam</em></span> <span class='ocrx_word' id='word_1_377' title='bbox 1045 1229 1100 1248; x_wconf 86' lang='lat' dir='ltr'><em>esse</em></span> <span class='ocrx_word' id='word_1_378' title='bbox 1121 1218 1234 1249; x_wconf 66' lang='lat' dir='ltr'><em>omnin&amp;</em></span> <span class='ocrx_word' id='word_1_379' title='bbox 1255 1224 1357 1258; x_wconf 82' lang='lat' dir='ltr'><em>potest.</em></span> <span class='ocrx_word' id='word_1_380' title='bbox 1408 1218 1571 1248; x_wconf 87' lang='lat' dir='ltr'><em>Turnebus</em></span> <span class='ocrx_word' id='word_1_381' title='bbox 1596 1218 1651 1253; x_wconf 87' lang='lat' dir='ltr'><em>sic,</em></span> 
     </span>
     <span class='ocr_line' id='line_1_62' title="bbox 932 1260 1650 1302; baseline 0.003 -11"><span class='ocrx_word' id='word_1_382' title='bbox 932 1271 982 1291; x_wconf 77' lang='lat' dir='ltr'><em>nec</em></span> <span class='ocrx_word' id='word_1_383' title='bbox 996 1268 1100 1292; x_wconf 78' lang='lat' dir='ltr'><em>auctus</em></span> <span class='ocrx_word' id='word_1_384' title='bbox 1119 1266 1267 1302; x_wconf 81' lang='lat' dir='ltr'><em>quisquam</em></span> <span class='ocrx_word' id='word_1_385' title='bbox 1289 1272 1343 1291; x_wconf 76' lang='lat' dir='ltr'><em>esse</em></span> <span class='ocrx_word' id='word_1_386' title='bbox 1363 1260 1480 1293; x_wconf 71' lang='lat' dir='ltr'><em>omnino</em></span> <span class='ocrx_word' id='word_1_387' title='bbox 1498 1266 1650 1300; x_wconf 80' lang='lat' dir='ltr'><em>potestate.</em></span> 
     </span>
     <span class='ocr_line' id='line_1_63' title="bbox 934 1303 1654 1344; baseline 0.003 -11"><span class='ocrx_word' id='word_1_388' title='bbox 934 1304 1010 1339; x_wconf 88' lang='lat' dir='ltr'><em>Sed,</em></span> <span class='ocrx_word' id='word_1_389' title='bbox 1026 1304 1072 1334; x_wconf 84' lang='lat' dir='ltr'><em>his</em></span> <span class='ocrx_word' id='word_1_390' title='bbox 1096 1304 1225 1340; x_wconf 86' lang='lat' dir='ltr'><em>omissis,</em></span> <span class='ocrx_word' id='word_1_391' title='bbox 1247 1314 1302 1344; x_wconf 86' lang='lat' dir='ltr'><em>pro</em></span> <span class='ocrx_word' id='word_1_392' title='bbox 1324 1305 1422 1335; x_wconf 79' lang='lat' dir='ltr'><em>clarus</em></span> <span class='ocrx_word' id='word_1_393' title='bbox 1444 1303 1585 1334; x_wconf 78' lang='lat' dir='ltr'><em>lubenter</em></span> <span class='ocrx_word' id='word_1_394' title='bbox 1606 1307 1654 1335; x_wconf 79' lang='lat' dir='ltr'><em>r&#39;e·</em></span> 
     </span>
     <span class='ocr_line' id='line_1_64' title="bbox 933 1346 1633 1388; baseline 0.003 -11"><span class='ocrx_word' id='word_1_395' title='bbox 933 1357 1080 1388; x_wconf 86' lang='lat' dir='ltr'><em>ponerem</em></span> <span class='ocrx_word' id='word_1_396' title='bbox 1096 1358 1192 1383; x_wconf 82' lang='lat' dir='ltr'><em>carus,</em></span> <span class='ocrx_word' id='word_1_397' title='bbox 1208 1347 1233 1377; x_wconf 90' lang='lat' dir='ltr'><em>si</em></span> <span class='ocrx_word' id='word_1_398' title='bbox 1248 1346 1344 1377; x_wconf 88' lang='lat' dir='ltr'><em>MSS.</em></span> <span class='ocrx_word' id='word_1_399' title='bbox 1361 1347 1633 1388; x_wconf 81' lang='lat' dir='ltr'><em>adstipularentur.</em></span> 
     </span>
    </p>

    <p class='ocr_par' dir='ltr' id='par_1_21' title="bbox 891 1390 1653 1602">
     <span class='ocr_line' id='line_1_65' title="bbox 891 1390 1650 1430; baseline 0.001 -9"><span class='ocrx_word' id='word_1_400' title='bbox 891 1391 943 1422; x_wconf 89' lang='grc'><em>97.</em></span> <span class='ocrx_word' id='word_1_401' title='bbox 965 1390 1076 1430; x_wconf 80' lang='lat' dir='ltr'><em>Populi</em></span> <span class='ocrx_word' id='word_1_402' title='bbox 1087 1390 1265 1430; x_wconf 60' lang='lat' dir='ltr'><em>concursus]</em></span> <span class='ocrx_word' id='word_1_403' title='bbox 1303 1390 1352 1420; x_wconf 82' lang='lat' dir='ltr'><em>Ita</em></span> <span class='ocrx_word' id='word_1_404' title='bbox 1367 1390 1485 1421; x_wconf 79' lang='lat' dir='ltr'><em>Fen-ar.</em></span> <span class='ocrx_word' id='word_1_405' title='bbox 1497 1395 1528 1420; x_wconf 84' lang='lat' dir='ltr'><em>et</em></span> <span class='ocrx_word' id='word_1_406' title='bbox 1543 1391 1595 1422; x_wconf 84' lang='lat' dir='ltr'><em>ed.</em></span> <span class='ocrx_word' id='word_1_407' title='bbox 1612 1390 1650 1422; x_wconf 82' lang='lat' dir='ltr'><em>C-</em></span> 
     </span>
     <span class='ocr_line' id='line_1_66' title="bbox 933 1432 1650 1474; baseline -0.001 -11"><span class='ocrx_word' id='word_1_408' title='bbox 933 1434 1043 1474; x_wconf 81' lang='lat' dir='ltr'><em>steph.</em></span> <span class='ocrx_word' id='word_1_409' title='bbox 1056 1434 1110 1463; x_wconf 88' lang='lat' dir='ltr'><em>sed</em></span> <span class='ocrx_word' id='word_1_410' title='bbox 1126 1434 1176 1464; x_wconf 91' lang='lat' dir='ltr'><em>ed.</em></span> <span class='ocrx_word' id='word_1_411' title='bbox 1187 1433 1229 1464; x_wconf 79' lang='lat' dir='ltr'><em>R.</em></span> <span class='ocrx_word' id='word_1_412' title='bbox 1244 1433 1353 1474; x_wconf 75' lang='lat' dir='ltr'><em>steph.</em></span> <span class='ocrx_word' id='word_1_413' title='bbox 1364 1437 1440 1463; x_wconf 85' lang='lat' dir='ltr'><em>utet</em></span> <span class='ocrx_word' id='word_1_414' title='bbox 1452 1432 1562 1462; x_wconf 87' lang='lat' dir='ltr'><em>Faern.</em></span> <span class='ocrx_word' id='word_1_415' title='bbox 1576 1433 1650 1463; x_wconf 82' lang='lat' dir='ltr'><em>Mu-</em></span> 
     </span>
     <span class='ocr_line' id='line_1_67' title="bbox 933 1475 1652 1516; baseline 0 -10"><span class='ocrx_word' id='word_1_416' title='bbox 933 1481 990 1506; x_wconf 80' lang='lat' dir='ltr'><em>ret.</em></span> <span class='ocrx_word' id='word_1_417' title='bbox 1024 1476 1148 1506; x_wconf 86' lang='lat' dir='ltr'><em>Manut.</em></span> <span class='ocrx_word' id='word_1_418' title='bbox 1181 1476 1285 1507; x_wconf 85' lang='lat' dir='ltr'><em>Graev.</em></span> <span class='ocrx_word' id='word_1_419' title='bbox 1312 1476 1372 1508; x_wconf 60' lang='lat' dir='ltr'><em>&amp;m</em></span> <span class='ocrx_word' id='word_1_420' title='bbox 1406 1475 1507 1516; x_wconf 69' lang='lat' dir='ltr'><em>populi</em></span> <span class='ocrx_word' id='word_1_421' title='bbox 1531 1485 1652 1514; x_wconf 79' lang='lat' dir='ltr'><em>versus,-</em></span> 
     </span>
     <span class='ocr_line' id='line_1_68' title="bbox 934 1518 1653 1560; baseline 0.001 -12"><span class='ocrx_word' id='word_1_422' title='bbox 934 1518 1044 1560; x_wconf 86' lang='lat' dir='ltr'><em>quibus</em></span> <span class='ocrx_word' id='word_1_423' title='bbox 1060 1530 1101 1550; x_wconf 86' lang='lat' dir='ltr'><em>sc.</em></span> <span class='ocrx_word' id='word_1_424' title='bbox 1120 1518 1298 1560; x_wconf 71' lang='lat' dir='ltr'><em>extempore</em></span> <span class='ocrx_word' id='word_1_425' title='bbox 1314 1519 1389 1550; x_wconf 81' lang='lat' dir='ltr'><em>fusis</em></span> <span class='ocrx_word' id='word_1_426' title='bbox 1404 1519 1539 1549; x_wconf 84' lang='lat' dir='ltr'><em>animum</em></span> <span class='ocrx_word' id='word_1_427' title='bbox 1563 1529 1653 1551; x_wconf 83' lang='lat' dir='ltr'><em>suum</em></span> 
     </span>
     <span class='ocr_line' id='line_1_69' title="bbox 935 1562 1298 1602; baseline 0.003 -11"><span class='ocrx_word' id='word_1_428' title='bbox 935 1562 1041 1592; x_wconf 82' lang='lat' dir='ltr'><em>testari</em></span> <span class='ocrx_word' id='word_1_429' title='bbox 1057 1563 1137 1593; x_wconf 91' lang='lat' dir='ltr'><em>solet</em></span> <span class='ocrx_word' id='word_1_430' title='bbox 1152 1562 1298 1602; x_wconf 83' lang='lat' dir='ltr'><em>populus.</em></span> 
     </span>
    </p>

    <p class='ocr_par' dir='ltr' id='par_1_22' title="bbox 892 1603 1652 1731">
     <span class='ocr_line' id='line_1_70' title="bbox 892 1603 1652 1646; baseline -0.003 -11"><span class='ocrx_word' id='word_1_431' title='bbox 892 1606 944 1636; x_wconf 82' lang='lat'><em>98.</em></span> <span class='ocrx_word' id='word_1_432' title='bbox 962 1605 1043 1639; x_wconf 76' lang='lat' dir='ltr'><em>Quid</em></span> <span class='ocrx_word' id='word_1_433' title='bbox 1055 1606 1164 1636; x_wconf 82' lang='lat' dir='ltr'><em>duobus</em></span> <span class='ocrx_word' id='word_1_434' title='bbox 1174 1605 1325 1645; x_wconf 70' lang='lat' dir='ltr'><em>tribunis]</em></span> <span class='ocrx_word' id='word_1_435' title='bbox 1349 1604 1399 1634; x_wconf 85' lang='lat' dir='ltr'><em>Ita</em></span> <span class='ocrx_word' id='word_1_436' title='bbox 1409 1603 1563 1635; x_wconf 78' lang='lat' dir='ltr'><em>Ferrarius</em></span> <span class='ocrx_word' id='word_1_437' title='bbox 1574 1615 1652 1646; x_wconf 87' lang='lat' dir='ltr'><em>quo.</em></span> 
     </span>
     <span class='ocr_line' id='line_1_71' title="bbox 933 1647 1649 1688; baseline 0.003 -11"><span class='ocrx_word' id='word_1_438' title='bbox 933 1648 1017 1678; x_wconf 84' lang='lat' dir='ltr'><em>niam</em></span> <span class='ocrx_word' id='word_1_439' title='bbox 1033 1648 1064 1677; x_wconf 91' lang='lat' dir='ltr'><em>in</em></span> <span class='ocrx_word' id='word_1_440' title='bbox 1081 1648 1162 1678; x_wconf 91' lang='lat' dir='ltr'><em>Cod.</em></span> <span class='ocrx_word' id='word_1_441' title='bbox 1177 1648 1250 1680; x_wconf 84' lang='lat' dir='ltr'><em>Vat.</em></span> <span class='ocrx_word' id='word_1_442' title='bbox 1270 1648 1339 1688; x_wconf 80' lang='lat' dir='ltr'><em>quid</em></span> <span class='ocrx_word' id='word_1_443' title='bbox 1359 1652 1382 1679; x_wconf 80' lang='lat' dir='ltr'><em>ii</em></span> <span class='ocrx_word' id='word_1_444' title='bbox 1403 1648 1471 1679; x_wconf 66' lang='lat' dir='ltr'><em>trib.</em></span> <span class='ocrx_word' id='word_1_445' title='bbox 1496 1647 1551 1677; x_wconf 82' lang='lat' dir='ltr'><em>sed</em></span> <span class='ocrx_word' id='word_1_446' title='bbox 1576 1648 1649 1679; x_wconf 89' lang='lat' dir='ltr'><em>edd.</em></span> 
     </span>
     <span class='ocr_line' id='line_1_72' title="bbox 934 1690 1215 1731; baseline 0.004 -11"><span class='ocrx_word' id='word_1_447' title='bbox 934 1690 998 1727; x_wconf 77' lang='lat' dir='ltr'><em>aiii,</em></span> <span class='ocrx_word' id='word_1_448' title='bbox 1012 1691 1082 1731; x_wconf 73' lang='lat' dir='ltr'><em>quid</em></span> <span class='ocrx_word' id='word_1_449' title='bbox 1096 1694 1132 1722; x_wconf 71' lang='lat' dir='ltr'><em>iis</em></span> <span class='ocrx_word' id='word_1_450' title='bbox 1146 1692 1215 1722; x_wconf 74' lang='lat' dir='ltr'><em>trib.</em></span> 
     </span>
    </p>

    <p class='ocr_par' dir='ltr' id='par_1_23' title="bbox 893 1732 1651 1900">
     <span class='ocr_line' id='line_1_73' title="bbox 893 1732 1651 1774; baseline -0.001 -11"><span class='ocrx_word' id='word_1_451' title='bbox 893 1736 967 1764; x_wconf 89' lang='lat'><em>100.</em></span> <span class='ocrx_word' id='word_1_452' title='bbox 992 1734 1206 1773; x_wconf 77' lang='lat' dir='ltr'><em>Apollinaribus</em></span> <span class='ocrx_word' id='word_1_453' title='bbox 1221 1733 1323 1774; x_wconf 55' lang='lat' dir='ltr'><em>ludis]</em></span> <span class='ocrx_word' id='word_1_454' title='bbox 1367 1732 1480 1773; x_wconf 86' lang='lat' dir='ltr'><em>Itaque</em></span> <span class='ocrx_word' id='word_1_455' title='bbox 1497 1732 1651 1762; x_wconf 81' lang='lat' dir='ltr'><em>Ferrarius</em></span> 
     </span>
     <span class='ocr_line' id='line_1_74' title="bbox 935 1774 1651 1816; baseline 0 -11"><span class='ocrx_word' id='word_1_456' title='bbox 935 1775 1102 1816; x_wconf 85' lang='lat' dir='ltr'><em>legendum</em></span> <span class='ocrx_word' id='word_1_457' title='bbox 1131 1777 1257 1813; x_wconf 78' lang='lat' dir='ltr'><em>statuit3</em></span> <span class='ocrx_word' id='word_1_458' title='bbox 1283 1776 1425 1816; x_wconf 85' lang='lat' dir='ltr'><em>plerique</em></span> <span class='ocrx_word' id='word_1_459' title='bbox 1452 1780 1556 1805; x_wconf 86' lang='lat' dir='ltr'><em>autem</em></span> <span class='ocrx_word' id='word_1_460' title='bbox 1582 1774 1651 1805; x_wconf 87' lang='lat' dir='ltr'><em>libri</em></span> 
     </span>
     <span class='ocr_line' id='line_1_75' title="bbox 933 1817 1650 1858; baseline 0 -11"><span class='ocrx_word' id='word_1_461' title='bbox 933 1819 1145 1857; x_wconf 76' lang='lat' dir='ltr'><em>Apollinarium</em></span> <span class='ocrx_word' id='word_1_462' title='bbox 1163 1820 1297 1848; x_wconf 77' lang='lat' dir='ltr'><em>ludorum</em></span> <span class='ocrx_word' id='word_1_463' title='bbox 1308 1829 1319 1855; x_wconf 90' lang='lat'><em>,·</em></span> <span class='ocrx_word' id='word_1_464' title='bbox 1341 1818 1415 1848; x_wconf 88' lang='lat' dir='ltr'><em>olim</em></span> <span class='ocrx_word' id='word_1_465' title='bbox 1436 1827 1480 1848; x_wconf 88' lang='lat' dir='ltr'><em>sc.</em></span> <span class='ocrx_word' id='word_1_466' title='bbox 1504 1817 1650 1858; x_wconf 87' lang='lat' dir='ltr'><em>scriptum</em></span> 
     </span>
     <span class='ocr_line' id='line_1_76' title="bbox 934 1860 1393 1900; baseline 0 -10"><span class='ocrx_word' id='word_1_467' title='bbox 934 1867 1000 1890; x_wconf 80' lang='lat' dir='ltr'><em>erat</em></span> <span class='ocrx_word' id='word_1_468' title='bbox 1014 1860 1167 1900; x_wconf 75' lang='lat' dir='ltr'><em>ambigue,</em></span> <span class='ocrx_word' id='word_1_469' title='bbox 1182 1862 1313 1900; x_wconf 81' lang='lat' dir='ltr'><em>Apollin.</em></span> <span class='ocrx_word' id='word_1_470' title='bbox 1329 1861 1393 1890; x_wconf 79' lang='lat' dir='ltr'><em>lud.</em></span> 
     </span>
    </p>

    <p class='ocr_par' dir='ltr' id='par_1_24' title="bbox 893 1901 1651 2021">
     <span class='ocr_line' id='line_1_77' title="bbox 893 1901 1651 1945; baseline -0.003 -11"><span class='ocrx_word' id='word_1_471' title='bbox 893 1902 971 1934; x_wconf 82' lang='lat' dir='ltr'><em>VII.</em></span> <span class='ocrx_word' id='word_1_472' title='bbox 997 1907 1026 1934; x_wconf 72' lang='grc'><em>2.</em></span> <span class='ocrx_word' id='word_1_473' title='bbox 1053 1903 1254 1945; x_wconf 65' lang='lat' dir='ltr'><em>Constantine]</em></span> <span class='ocrx_word' id='word_1_474' title='bbox 1300 1903 1351 1934; x_wconf 87' lang='lat' dir='ltr'><em>Sic</em></span> <span class='ocrx_word' id='word_1_475' title='bbox 1366 1902 1478 1934; x_wconf 83' lang='lat' dir='ltr'><em>Faern.</em></span> <span class='ocrx_word' id='word_1_476' title='bbox 1492 1901 1510 1932; x_wconf 80' lang='grc' dir='ltr'>ὲ</span> <span class='ocrx_word' id='word_1_477' title='bbox 1526 1901 1601 1933; x_wconf 86' lang='lat' dir='ltr'><em>Vat.</em></span> <span class='ocrx_word' id='word_1_478' title='bbox 1617 1907 1651 1933; x_wconf 82' lang='lat' dir='ltr'><em>et</em></span> 
     </span>
     <span class='ocr_line' id='line_1_78' title="bbox 937 1944 1650 1987; baseline -0.003 -11"><span class='ocrx_word' id='word_1_479' title='bbox 937 1945 1039 1977; x_wconf 85' lang='lat' dir='ltr'><em>Graev.</em></span> <span class='ocrx_word' id='word_1_480' title='bbox 1057 1945 1074 1975; x_wconf 75' lang='lat' dir='ltr'><em>e</em></span> <span class='ocrx_word' id='word_1_481' title='bbox 1090 1945 1201 1977; x_wconf 85' lang='lat' dir='ltr'><em>Colon.</em></span> <span class='ocrx_word' id='word_1_482' title='bbox 1224 1956 1281 1987; x_wconf 89' lang='lat' dir='ltr'><em>pro</em></span> <span class='ocrx_word' id='word_1_483' title='bbox 1305 1955 1368 1986; x_wconf 89' lang='lat' dir='ltr'><em>quo</em></span> <span class='ocrx_word' id='word_1_484' title='bbox 1390 1944 1510 1985; x_wconf 82' lang='lat' dir='ltr'><em>vulgati</em></span> <span class='ocrx_word' id='word_1_485' title='bbox 1531 1944 1650 1976; x_wconf 78' lang='lat' dir='ltr'><em>habent</em></span> 
     </span>
     <span class='ocr_line' id='line_1_79' title="bbox 936 1988 1319 2021; baseline 0 -2"><span class='ocrx_word' id='word_1_486' title='bbox 936 1988 1125 2021; x_wconf 69' lang='lat' dir='ltr'><em>Conscientia.</em></span> <span class='ocrx_word' id='word_1_487' title='bbox 1317 1988 1319 1991; x_wconf 76' lang='grc'><strong>’</strong></span> 
     </span>
    </p>
   </div>
   <div class='ocr_carea' id='block_1_8' title="bbox 721 2258 1058 2293">
    <p class='ocr_par' dir='ltr' id='par_1_25' title="bbox 721 2258 1058 2293">
     <span class='ocr_line' id='line_1_80' title="bbox 721 2258 1058 2293; baseline 0.003 -2"><span class='ocrx_word' id='word_1_488' title='bbox 721 2259 987 2293; x_wconf 79' lang='lat' dir='ltr'>PH1LIPPICA</span> <span class='ocrx_word' id='word_1_489' title='bbox 1009 2258 1058 2292; x_wconf 90' lang='lat'><em>11.</em></span> 
     </span>
    </p>
   </div>
   <div class='ocr_carea' id='block_1_9' title="bbox 85 2356 855 2822">
    <p class='ocr_par' dir='ltr' id='par_1_26' title="bbox 90 2356 848 2487">
     <span class='ocr_line' id='line_1_81' title="bbox 90 2356 848 2392; baseline 0.004 -4"><span class='ocrx_word' id='word_1_490' title='bbox 90 2356 163 2391; x_wconf 84' lang='lat' dir='ltr'><em>Par.</em></span> <span class='ocrx_word' id='word_1_491' title='bbox 181 2359 209 2391; x_wconf 92' lang='grc' dir='ltr'><em>Ι.</em></span> <span class='ocrx_word' id='word_1_492' title='bbox 234 2359 303 2392; x_wconf 84' lang='lat' dir='ltr'><em>Lin.</em></span> <span class='ocrx_word' id='word_1_493' title='bbox 328 2362 380 2390; x_wconf 79' lang='lat'><em>11.</em></span> <span class='ocrx_word' id='word_1_494' title='bbox 429 2360 706 2392; x_wconf 72' lang='lat' dir='ltr'><em>commendationem</em></span> <span class='ocrx_word' id='word_1_495' title='bbox 728 2360 781 2392; x_wconf 80' lang='lat' dir='ltr'><em>tibi</em></span> <span class='ocrx_word' id='word_1_496' title='bbox 809 2362 848 2391; x_wconf 84' lang='lat' dir='ltr'><em>ad</em></span> 
     </span>
     <span class='ocr_line' id='line_1_82' title="bbox 131 2403 846 2444; baseline 0.001 -12"><span class='ocrx_word' id='word_1_497' title='bbox 131 2409 203 2436; x_wconf 76' lang='lat' dir='ltr'><em>cives</em></span> <span class='ocrx_word' id='word_1_498' title='bbox 209 2403 407 2444; x_wconf 64' lang='lat' dir='ltr'><em>impiosfme]</em></span> <span class='ocrx_word' id='word_1_499' title='bbox 424 2403 474 2433; x_wconf 81' lang='lat' dir='ltr'><em>Ita</em></span> <span class='ocrx_word' id='word_1_500' title='bbox 484 2404 508 2433; x_wconf 85' lang='lat' dir='ltr'><strong>F</strong></span> <span class='ocrx_word' id='word_1_501' title='bbox 511 2415 599 2435; x_wconf 81' lang='lat' dir='ltr'><em>eri-ar.</em></span> <span class='ocrx_word' id='word_1_502' title='bbox 607 2404 725 2434; x_wconf 78' lang='lat' dir='ltr'><em>Mutet.</em></span> <span class='ocrx_word' id='word_1_503' title='bbox 734 2403 846 2436; x_wconf 81' lang='lat' dir='ltr'><em>Faern.</em></span> 
     </span>
     <span class='ocr_line' id='line_1_83' title="bbox 132 2446 846 2487; baseline -0.001 -10"><span class='ocrx_word' id='word_1_504' title='bbox 132 2447 260 2477; x_wconf 81' lang='lat' dir='ltr'><em>Manut.</em></span> <span class='ocrx_word' id='word_1_505' title='bbox 275 2446 379 2476; x_wconf 78' lang='lat' dir='ltr'><em>GraeV.</em></span> <span class='ocrx_word' id='word_1_506' title='bbox 396 2446 435 2476; x_wconf 89' lang='lat' dir='ltr'><em>C.</em></span> <span class='ocrx_word' id='word_1_507' title='bbox 446 2446 554 2487; x_wconf 82' lang='lat' dir='ltr'><em>Steph.</em></span> <span class='ocrx_word' id='word_1_508' title='bbox 566 2448 622 2477; x_wconf 83' lang='lat' dir='ltr'><em>sed</em></span> <span class='ocrx_word' id='word_1_509' title='bbox 636 2447 726 2480; x_wconf 81' lang='lat' dir='ltr'><em>Grut,</em></span> <span class='ocrx_word' id='word_1_510' title='bbox 738 2452 770 2476; x_wconf 88' lang='lat' dir='ltr'><em>et</em></span> <span class='ocrx_word' id='word_1_511' title='bbox 783 2446 846 2483; x_wconf 76' lang='lat' dir='ltr'><em>alii,</em></span> 
     </span>
    </p>

    <p class='ocr_par' dir='ltr' id='par_1_27' title="bbox 98 2489 620 2531">
     <span class='ocr_line' id='line_1_84' title="bbox 98 2489 620 2531; baseline 0 -11"><span class='ocrx_word' id='word_1_512' title='bbox 98 2527 101 2529; x_wconf 37' lang='grc'><strong>,</strong></span> <span class='ocrx_word' id='word_1_513' title='bbox 133 2491 171 2520; x_wconf 81' lang='lat' dir='ltr'><em>ad</em></span> <span class='ocrx_word' id='word_1_514' title='bbox 182 2493 257 2520; x_wconf 76' lang='lat' dir='ltr'><em>cives</em></span> <span class='ocrx_word' id='word_1_515' title='bbox 269 2493 364 2527; x_wconf 78' lang='lat' dir='ltr'><em>impios</em></span> <span class='ocrx_word' id='word_1_516' title='bbox 378 2489 428 2519; x_wconf 80' lang='lat' dir='ltr'><em>tibi</em></span> <span class='ocrx_word' id='word_1_517' title='bbox 436 2489 620 2531; x_wconf 79' lang='lat' dir='ltr'><em>gloriaefore.</em></span> 
     </span>
    </p>

    <p class='ocr_par' dir='ltr' id='par_1_28' title="bbox 85 2530 855 2789">
     <span class='ocr_line' id='line_1_85' title="bbox 85 2530 851 2572; baseline 0.003 -10"><span class='ocrx_word' id='word_1_518' title='bbox 85 2530 136 2564; x_wconf 77' lang='grc' dir='ltr'><em>ἹῙ.</em></span> <span class='ocrx_word' id='word_1_519' title='bbox 159 2534 190 2563; x_wconf 89' lang='grc'><em>6.</em></span> <span class='ocrx_word' id='word_1_520' title='bbox 215 2531 342 2563; x_wconf 78' lang='lat' dir='ltr'><em>Virtutis</em></span> <span class='ocrx_word' id='word_1_521' title='bbox 363 2532 436 2572; x_wconf 58' lang='lat' dir='ltr'><em>spen]</em></span> <span class='ocrx_word' id='word_1_522' title='bbox 482 2532 531 2562; x_wconf 74' lang='lat' dir='ltr'><em>Ita</em></span> <span class='ocrx_word' id='word_1_523' title='bbox 547 2533 620 2564; x_wconf 86' lang='lat' dir='ltr'><em>Vat.</em></span> <span class='ocrx_word' id='word_1_524' title='bbox 634 2531 731 2563; x_wconf 85' lang='lat' dir='ltr'><em>etalii</em></span> <span class='ocrx_word' id='word_1_525' title='bbox 755 2532 851 2564; x_wconf 87' lang='lat' dir='ltr'><em>MSS.</em></span> 
     </span>
     <span class='ocr_line' id='line_1_86' title="bbox 132 2575 791 2615; baseline 0 -9"><span class='ocrx_word' id='word_1_526' title='bbox 132 2575 259 2615; x_wconf 86' lang='lat' dir='ltr'><em>optimi;</em></span> <span class='ocrx_word' id='word_1_527' title='bbox 285 2575 340 2605; x_wconf 89' lang='lat' dir='ltr'><em>sed</em></span> <span class='ocrx_word' id='word_1_528' title='bbox 358 2575 434 2604; x_wconf 88' lang='lat' dir='ltr'><em>editi</em></span> <span class='ocrx_word' id='word_1_529' title='bbox 451 2575 548 2610; x_wconf 78' lang='lat' dir='ltr'><em>multi,</em></span> <span class='ocrx_word' id='word_1_530' title='bbox 563 2577 681 2606; x_wconf 73' lang='lat' dir='ltr'><em>virtutis</em></span> <span class='ocrx_word' id='word_1_531' title='bbox 692 2579 791 2614; x_wconf 81' lang='lat' dir='ltr'><em>specie.</em></span> 
     </span>
     <span class='ocr_line' id='line_1_87' title="bbox 86 2618 850 2659; baseline 0.001 -12"><span class='ocrx_word' id='word_1_532' title='bbox 86 2619 141 2649; x_wconf 81' lang='lat'><em>⁰74.</em></span> <span class='ocrx_word' id='word_1_533' title='bbox 165 2619 269 2658; x_wconf 83' lang='lat' dir='ltr'><em>Sapere</em></span> <span class='ocrx_word' id='word_1_534' title='bbox 281 2618 407 2659; x_wconf 82' lang='lat' dir='ltr'><em>docuit.]</em></span> <span class='ocrx_word' id='word_1_535' title='bbox 451 2618 504 2647; x_wconf 89' lang='lat' dir='ltr'><em>Sic</em></span> <span class='ocrx_word' id='word_1_536' title='bbox 521 2618 661 2659; x_wconf 76' lang='lat' dir='ltr'><em>plerique</em></span> <span class='ocrx_word' id='word_1_537' title='bbox 676 2619 750 2648; x_wconf 86' lang='lat' dir='ltr'><em>edd.</em></span> <span class='ocrx_word' id='word_1_538' title='bbox 786 2618 850 2648; x_wconf 88' lang='lat' dir='ltr'><em>Sed</em></span> 
     </span>
     <span class='ocr_line' id='line_1_88' title="bbox 132 2660 850 2702; baseline -0.001 -9"><span class='ocrx_word' id='word_1_539' title='bbox 132 2661 246 2693; x_wconf 82' lang='lat' dir='ltr'><em>Paern.</em></span> <span class='ocrx_word' id='word_1_540' title='bbox 270 2660 289 2691; x_wconf 80' lang='grc' dir='ltr'>ἐ</span> <span class='ocrx_word' id='word_1_541' title='bbox 312 2661 400 2697; x_wconf 64' lang='lat' dir='ltr'><em>vat„</em></span> <span class='ocrx_word' id='word_1_542' title='bbox 414 2670 507 2702; x_wconf 85' lang='lat' dir='ltr'><em>quem</em></span> <span class='ocrx_word' id='word_1_543' title='bbox 535 2666 706 2702; x_wconf 81' lang='lat' dir='ltr'><em>sequuntur</em></span> <span class='ocrx_word' id='word_1_544' title='bbox 731 2661 850 2692; x_wconf 70' lang='lat' dir='ltr'><em>Mutet.</em></span> 
     </span>
     <span class='ocr_line' id='line_1_89' title="bbox 132 2703 851 2745; baseline -0.001 -10"><span class='ocrx_word' id='word_1_545' title='bbox 132 2704 244 2735; x_wconf 76' lang='lat' dir='ltr'><em>Lamb.</em></span> <span class='ocrx_word' id='word_1_546' title='bbox 261 2708 296 2734; x_wconf 79' lang='lat' dir='ltr'><em>et</em></span> <span class='ocrx_word' id='word_1_547' title='bbox 317 2703 435 2740; x_wconf 59' lang='grc' dir='ltr'><em>(ἔτει,</em></span> <span class='ocrx_word' id='word_1_548' title='bbox 449 2704 587 2745; x_wconf 85' lang='lat' dir='ltr'><em>reposuit</em></span> <span class='ocrx_word' id='word_1_549' title='bbox 613 2714 710 2744; x_wconf 80' lang='lat' dir='ltr'><em>sapere</em></span> <span class='ocrx_word' id='word_1_550' title='bbox 740 2704 851 2741; x_wconf 81' lang='lat' dir='ltr'><em>doceat,</em></span> 
     </span>
     <span class='ocr_line' id='line_1_90' title="bbox 131 2746 855 2789; baseline 0.001 -12"><span class='ocrx_word' id='word_1_551' title='bbox 131 2748 209 2787; x_wconf 77' lang='lat' dir='ltr'><em>quia</em></span> <span class='ocrx_word' id='word_1_552' title='bbox 229 2746 334 2778; x_wconf 85' lang='lat' dir='ltr'><em>adhuc</em></span> <span class='ocrx_word' id='word_1_553' title='bbox 352 2748 412 2780; x_wconf 80' lang='lat' dir='ltr'><em>sub</em></span> <span class='ocrx_word' id='word_1_554' title='bbox 436 2758 475 2779; x_wconf 88' lang='lat' dir='ltr'><em>eo</em></span> <span class='ocrx_word' id='word_1_555' title='bbox 497 2747 641 2789; x_wconf 79' lang='lat' dir='ltr'><em>magistro</em></span> <span class='ocrx_word' id='word_1_556' title='bbox 656 2746 855 2779; x_wconf 74' lang='lat' dir='ltr'><em>declamabat</em></span> 
     </span>
    </p>

    <p class='ocr_par' dir='ltr' id='par_1_29' title="bbox 132 2789 301 2822">
     <span class='ocr_line' id='line_1_91' title="bbox 132 2789 301 2822; baseline -0.006 0"><span class='ocrx_word' id='word_1_557' title='bbox 132 2789 301 2822; x_wconf 68' lang='lat' dir='ltr'><em>Antonius.</em></span> 
     </span>
    </p>
   </div>
   <div class='ocr_carea' id='block_1_10' title="bbox 891 2353 1654 2745">
    <p class='ocr_par' dir='ltr' id='par_1_30' title="bbox 891 2353 1651 2522">
     <span class='ocr_line' id='line_1_92' title="bbox 891 2353 1651 2403; baseline -0.001 -13"><span class='ocrx_word' id='word_1_558' title='bbox 891 2359 957 2392; x_wconf 88' lang='grc' dir='ltr'>ΙΙΙ,</span> <span class='ocrx_word' id='word_1_559' title='bbox 982 2363 1032 2391; x_wconf 89' lang='lat'><em>18.</em></span> <span class='ocrx_word' id='word_1_560' title='bbox 1058 2359 1096 2392; x_wconf 86' lang='lat' dir='ltr'><em>Te</em></span> <span class='ocrx_word' id='word_1_561' title='bbox 1100 2360 1218 2403; x_wconf 78' lang='lat' dir='ltr'><em>fatum,</em></span> <span class='ocrx_word' id='word_1_562' title='bbox 1231 2363 1321 2393; x_wconf 70' lang='lat' dir='ltr'><em>sicuti</em></span> <span class='ocrx_word' id='word_1_563' title='bbox 1336 2360 1368 2391; x_wconf 84' lang='lat' dir='ltr'><em>C.</em></span> <span class='ocrx_word' id='word_1_564' title='bbox 1388 2360 1567 2402; x_wconf 60' lang='lat' dir='ltr'><em>Curionem]</em></span> <span class='ocrx_word' id='word_1_565' title='bbox 1588 2353 1651 2391; x_wconf 76' lang='lat' dir='ltr'><em>Sed</em></span> 
     </span>
     <span class='ocr_line' id='line_1_93' title="bbox 935 2403 1650 2445; baseline 0.001 -11"><span class='ocrx_word' id='word_1_566' title='bbox 935 2403 1045 2434; x_wconf 78' lang='lat' dir='ltr'><em>Codex</em></span> <span class='ocrx_word' id='word_1_567' title='bbox 1057 2404 1133 2434; x_wconf 84' lang='lat' dir='ltr'><em>Vat.</em></span> <span class='ocrx_word' id='word_1_568' title='bbox 1151 2405 1194 2434; x_wconf 79' lang='lat' dir='ltr'><em>ita</em></span> <span class='ocrx_word' id='word_1_569' title='bbox 1210 2404 1316 2440; x_wconf 79' lang='lat' dir='ltr'><em>habet,</em></span> <span class='ocrx_word' id='word_1_570' title='bbox 1330 2403 1503 2445; x_wconf 78' lang='lat' dir='ltr'><em>tiblsaetum</em></span> <span class='ocrx_word' id='word_1_571' title='bbox 1513 2408 1598 2436; x_wconf 70' lang='lat' dir='ltr'><em>simui</em></span> <span class='ocrx_word' id='word_1_572' title='bbox 1615 2404 1650 2435; x_wconf 90' lang='lat' dir='ltr'><em>C.</em></span> 
     </span>
     <span class='ocr_line' id='line_1_94' title="bbox 937 2446 1649 2489; baseline 0 -13"><span class='ocrx_word' id='word_1_573' title='bbox 937 2446 1068 2482; x_wconf 79' lang='lat' dir='ltr'><em>Curioni,</em></span> <span class='ocrx_word' id='word_1_574' title='bbox 1082 2457 1175 2487; x_wconf 89' lang='lat' dir='ltr'><em>quem</em></span> <span class='ocrx_word' id='word_1_575' title='bbox 1191 2447 1330 2478; x_wconf 81' lang='lat' dir='ltr'><em>codicem</em></span> <span class='ocrx_word' id='word_1_576' title='bbox 1355 2451 1525 2489; x_wconf 79' lang='lat' dir='ltr'><em>sequuntur</em></span> <span class='ocrx_word' id='word_1_577' title='bbox 1538 2446 1649 2484; x_wconf 79' lang='lat' dir='ltr'><em>Faern.</em></span> 
     </span>
     <span class='ocr_line' id='line_1_95' title="bbox 935 2489 1351 2522; baseline 0 -3"><span class='ocrx_word' id='word_1_578' title='bbox 935 2490 1056 2520; x_wconf 84' lang='lat' dir='ltr'><em>Muret.</em></span> <span class='ocrx_word' id='word_1_579' title='bbox 1071 2489 1182 2522; x_wconf 89' lang='lat' dir='ltr'><em>Lamb.</em></span> <span class='ocrx_word' id='word_1_580' title='bbox 1200 2495 1232 2520; x_wconf 88' lang='lat' dir='ltr'><em>et</em></span> <span class='ocrx_word' id='word_1_581' title='bbox 1247 2489 1351 2520; x_wconf 76' lang='lat' dir='ltr'><em>Graev.</em></span> 
     </span>
    </p>

    <p class='ocr_par' dir='ltr' id='par_1_31' title="bbox 895 2531 1650 2605">
     <span class='ocr_line' id='line_1_96' title="bbox 895 2531 1650 2575; baseline -0.003 -11"><span class='ocrx_word' id='word_1_582' title='bbox 895 2534 947 2564; x_wconf 81' lang='lat'><em>54.</em></span> <span class='ocrx_word' id='word_1_583' title='bbox 970 2531 1059 2562; x_wconf 80' lang='lat' dir='ltr'><em>Suam</em></span> <span class='ocrx_word' id='word_1_584' title='bbox 1073 2534 1160 2575; x_wconf 64' lang='lat' dir='ltr'><em>rem]</em></span> <span class='ocrx_word' id='word_1_585' title='bbox 1206 2532 1257 2563; x_wconf 82' lang='lat' dir='ltr'><em>Ita</em></span> <span class='ocrx_word' id='word_1_586' title='bbox 1279 2531 1360 2563; x_wconf 88' lang='lat' dir='ltr'><em>Cod.</em></span> <span class='ocrx_word' id='word_1_587' title='bbox 1384 2532 1461 2565; x_wconf 78' lang='lat' dir='ltr'><em>Vat.</em></span> <span class='ocrx_word' id='word_1_588' title='bbox 1487 2531 1543 2562; x_wconf 84' lang='lat' dir='ltr'><em>sed</em></span> <span class='ocrx_word' id='word_1_589' title='bbox 1564 2531 1650 2573; x_wconf 81' lang='lat' dir='ltr'><em>vulg.</em></span> 
     </span>
     <span class='ocr_line' id='line_1_97' title="bbox 937 2576 1156 2605; baseline 0 0"><span class='ocrx_word' id='word_1_590' title='bbox 937 2576 1051 2605; x_wconf 80' lang='lat' dir='ltr'><em>domum</em></span> <span class='ocrx_word' id='word_1_591' title='bbox 1064 2585 1156 2605; x_wconf 83' lang='lat' dir='ltr'><em>suam.</em></span> 
     </span>
    </p>

    <p class='ocr_par' dir='ltr' id='par_1_32' title="bbox 893 2616 1654 2745">
     <span class='ocr_line' id='line_1_98' title="bbox 893 2616 1654 2659; baseline -0.005 -10"><span class='ocrx_word' id='word_1_592' title='bbox 893 2618 956 2653; x_wconf 77' lang='lat' dir='ltr'><em>IV.</em></span> <span class='ocrx_word' id='word_1_593' title='bbox 979 2621 1032 2650; x_wconf 61' lang='grc'><em>97.</em></span> <span class='ocrx_word' id='word_1_594' title='bbox 1054 2617 1232 2658; x_wconf 67' lang='lat' dir='ltr'><em>Reipublicae</em></span> <span class='ocrx_word' id='word_1_595' title='bbox 1243 2617 1433 2659; x_wconf 67' lang='lat' dir='ltr'><em>perniczbsa]</em></span> <span class='ocrx_word' id='word_1_596' title='bbox 1479 2617 1531 2649; x_wconf 82' lang='lat' dir='ltr'><em>Ita</em></span> <span class='ocrx_word' id='word_1_597' title='bbox 1544 2616 1654 2650; x_wconf 76' lang='lat' dir='ltr'><em>Fem-</em></span> 
     </span>
     <span class='ocr_line' id='line_1_99' title="bbox 936 2659 1654 2703; baseline 0 -12"><span class='ocrx_word' id='word_1_598' title='bbox 936 2662 998 2692; x_wconf 85' lang='lat' dir='ltr'><em>rius</em></span> <span class='ocrx_word' id='word_1_599' title='bbox 1013 2661 1031 2692; x_wconf 74' lang='lat' dir='ltr'><em>e</em></span> <span class='ocrx_word' id='word_1_600' title='bbox 1046 2660 1142 2692; x_wconf 92' lang='lat' dir='ltr'><em>MSS.</em></span> <span class='ocrx_word' id='word_1_601' title='bbox 1157 2666 1193 2691; x_wconf 89' lang='lat' dir='ltr'><em>ut</em></span> <span class='ocrx_word' id='word_1_602' title='bbox 1206 2666 1238 2692; x_wconf 90' lang='lat' dir='ltr'><em>et</em></span> <span class='ocrx_word' id='word_1_603' title='bbox 1253 2660 1344 2692; x_wconf 81' lang='lat' dir='ltr'><em>Grut.</em></span> <span class='ocrx_word' id='word_1_604' title='bbox 1358 2660 1413 2692; x_wconf 85' lang='lat' dir='ltr'><em>sed</em></span> <span class='ocrx_word' id='word_1_605' title='bbox 1429 2659 1504 2693; x_wconf 69' lang='lat' dir='ltr'><em>oiim</em></span> <span class='ocrx_word' id='word_1_606' title='bbox 1515 2660 1581 2694; x_wconf 72' lang='lat' dir='ltr'><em>cusi</em></span> <span class='ocrx_word' id='word_1_607' title='bbox 1595 2667 1654 2703; x_wconf 75' lang='lat' dir='ltr'><em>pro</em></span> 
     </span>
     <span class='ocr_line' id='line_1_100' title="bbox 937 2702 1453 2745; baseline -0.004 -8"><span class='ocrx_word' id='word_1_608' title='bbox 937 2703 1062 2745; x_wconf 59' lang='lat' dir='ltr'><em>Respub.</em></span> <span class='ocrx_word' id='word_1_609' title='bbox 1071 2704 1189 2737; x_wconf 81' lang='lat' dir='ltr'><em>babent</em></span> <span class='ocrx_word' id='word_1_610' title='bbox 1198 2709 1299 2736; x_wconf 79' lang='lat' dir='ltr'><em>contra</em></span> <span class='ocrx_word' id='word_1_611' title='bbox 1312 2702 1453 2744; x_wconf 75' lang='lat' dir='ltr'><em>Rempub.</em></span> 
     </span>
    </p>
   </div>
  </div>
 </body>
</html>
