1858 3095
695 161 955 196 PHILIPPICA
981 162 1009 194 1.

53 245 247 301 quando
267 245 320 287 ad
345 249 528 287 vestrum
549 244 777 286 consilium
797 243 1183 299 auctoritatemque
1204 241 1508 304 rempublicam
1530 257 1624 284 esse

69 310 329 354 revocatam,
350 302 607 343 manendum
629 301 730 343 mihi
753 301 1008 350 statuebam,
1031 300 1155 356 quasi
1195 299 1236 340 in
1263 298 1413 354 vigilia
1436 298 1623 354 quadam
1641 298 1669 339 5

70 359 283 401 consulari
303 374 354 400 ac
374 359 602 400 senatoria.

666 358 757 400 Nec
775 357 872 399 vero
895 371 1075 412 usquam
1103 356 1392 405 discedebam,
1415 369 1495 396 nec
1518 354 1542 395 ῑι
1565 370 1625 397 re-

70 415 245 472 publica
285 415 539 471 dejiciebam
581 416 745 466 oculos,
779 429 829 455 ex
870 429 920 455 eo
953 414 1035 462 die,
1071 427 1157 469 quo
1198 413 1240 453 in
1275 412 1411 452 aedein
1442 411 1623 452 Telluris

70 471 295 514 convocati
327 487 498 522 sumus3
532 472 574 512 in
596 487 681 528 quo
704 471 878 527 templo,
901 479 1107 527 quantum
1138 470 1181 510 in
1214 484 1279 509 nie
1310 468 1508 523 fuit‚jeci
1531 468 1627 509 fun-

70 528 270 570 damenta
319 528 463 584 pacis3
495 528 911 584 Atheniensiumque
955 526 1154 568 renovavi
1195 533 1314 566 vetus
1355 525 1622 580 exemplum:

70 584 269 627 Graecum
290 586 419 626 etiam
439 586 613 627 verbum
637 598 848 640 usurpav1,
872 597 957 640 quo
979 592 1070 624 turn
1101 583 1144 622 in
1172 581 1374 622 sedandis
1396 581 1623 622 discordiis
1647 579 1698 620 10

68 656 148 682 usa
166 648 256 683 erat
277 641 428 683 civitas
450 642 546 691 illa3
577 650 706 698 atque
728 655 898 682 omnem
918 639 1165 680 memoriam
1186 637 1494 678 discordiarum
1518 638 1624 679 obli-

67 697 192 739 vione
211 698 471 755 sempiterna
490 699 718 740 delendam
739 697 902 738 censui.
945 695 1160 736 Praeclara
1179 701 1269 734 tum
1291 693 1426 734 oratio
1451 694 1514 734 M.
1536 694 1624 735 An-

69 754 201 806 tonii3
233 756 404 811 egregia
427 755 554 797 etiam
576 755 798 795 voluntas:
830 766 914 808 pax
945 752 1144 807 denique,
1167 764 1242 806 per
1272 764 1368 791 eum
1400 757 1444 791 et
1474 765 1548 806 pei·
1576 750 1624 791 li-

67 810 193 852 beros
206 812 314 868 ejus,
331 826 429 853 cum
446 809 808 867 praestantissimis
825 809 990 849 civibus
1008 808 1259 848 confirmata
1271 813 1352 847 est.
1392 806 1538 862 Atque
1555 807 1622 848 his

68 867 294 923 principiis
324 868 486 924 reliqua
521 866 863 909 consentiebant.

68 923 256 966 habebat
304 924 421 967 domi
471 924 524 966 de
585 922 822 980 republica,

112 1306 143 1335 4.
167 1304 215 1334 Aa
237 1309 360 1334 vestrum
383 1302 559 1343 consilium-J
617 1302 679 1333 Per
703 1301 822 1332 Julium

69 1346 223 1378 Caesarem
239 1346 377 1388 patribus
400 1346 522 1376 sublata
537 1346 635 1376 suerat
657 1345 822 1375 auctoritas

65 1390 317 1421 administrandae
347 1388 543 1429 reipiiblicae:
571 1387 677 1419 verum
701 1398 738 1418 eo
769 1398 822 1418 oc-

67 1432 144 1468 ciso,
159 1433 205 1464 eis
219 1433 362 1464 restituta
375 1437 435 1461 est.

106 1477 137 1505 5.
161 1475 200 1506 Iri
215 1474 348 1517 vigilia]
394 1474 584 1514 Metaphora
601 1478 725 1514 sumpta
741 1478 788 1503 est
804 1473 821 1503 a

66 1518 217 1549 militibus
235 1519 288 1559 qui
313 1518 344 1548 in
368 1518 503 1547 statione
517 1517 684 1547 excubant.
730 1516 821 1546 Hanc

64 1568 169 1592 autem
200 1567 292 1592 vocat
330 1561 505 1590 consularem
555 1566 588 1590 et
633 1561 822 1597 senatoriam,

65 1605 140 1645 quia
153 1604 261 1634 consul
282 1605 384 1634 suerat
399 1602 523 1637 Cicero,
539 1608 570 1633 et
586 1608 715 1632 senator
731 1607 816 1638 erat:

66 1648 105 1678 nd
123 1657 202 1687 quos
218 1644 415 1688 potissimum
432 1645 570 1687 pertinet
582 1645 743 1685 invigilare
760 1644 820 1675 rei-

64 1689 209 1731 publicae.

59 1750 61 1753 ·
109 1733 141 1762 6.
168 1730 321 1772 Usquam-J
371 1730 432 1761 Per
447 1730 531 1761 illam
548 1740 657 1761 vocem
674 1730 820 1766 ostendit,

61 1775 106 1806 iia
123 1786 156 1806 se
181 1774 359 1816 invigilasse
387 1773 565 1814 reipublicae
588 1774 821 1812 conservandae,

65 1823 101 1848 ut
115 1828 174 1849 nec
202 1818 235 1848 iu
264 1817 365 1848 locum
397 1816 543 1858 aliquem,
566 1826 626 1847 nec
649 1827 686 1847 ex
717 1816 822 1857 aliquo

64 1860 136 1892 loco
153 1859 339 1897 discesserit,
351 1860 463 1891 milites
475 1860 507 1890 in
535 1860 669 1890 statione
685 1858 740 1889 sua
754 1859 823 1889 inii-

65 1909 159 1936 tatus.

106 1949 138 1978 7.
165 1945 210 1976 Er
231 1956 262 1976 eo
282 1945 355 1986 die]
401 1945 534 1976 Decimo
557 1945 666 1984 quinto
689 1944 821 1976 calend.

66 1988 169 2030 April.
227 1988 313 2019 venit
348 1989 381 2018 in
417 1988 515 2018 aedem
553 1988 695 2020 Telluris.
739 1988 822 2019 'Vide

67 2031 168 2073 Epist.
180 2034 233 2062 11.
247 2037 280 2061 et
295 2032 346 2062 16.
361 2031 415 2061 lib.
431 2034 484 2061 14.
497 2031 536 2061 ad
554 2031 625 2061 Ait.

111 2074 161 2105 Ib.
198 2072 237 2104 In
264 2074 351 2104 edem
388 2073 538 2113 Telluris]
599 2073 676 2103 Post
704 2073 823 2102 caedem

67 2117 210 2152 Caesaris,
225 2117 265 2146 ab
280 2116 420 2147 Antonio
435 2121 621 2147 convocatus
636 2120 684 2145 est
698 2121 823 2146 senatus

65 2160 97 2190 in
114 2159 245 2191 Telluris
269 2159 432 2200 templum,
457 2159 541 2199 quod
567 2159 606 2188 ad
631 2158 730 2188 forum
756 2157 824 2188 Ro-

67 2213 193 2233 manum
209 2208 240 2233 et
254 2202 348 2233 Viam
376 2201 501 2232 Sacram
533 2207 609 2237 erat,
630 2211 692 2231 non
717 2201 824 2241 procul

66 2246 84 2276 zi
102 2245 258 2287 Capitolio
273 2250 305 2275 et
326 2244 459 2275 Palatio.
504 2244 587 2275 Huic
614 2243 675 2274 aedi
701 2244 826 2274 vicinior

65 2288 126 2319 fuit
139 2289 223 2319 aedes
238 2287 380 2323 Antonii,
394 2293 427 2317 ut
449 2286 493 2317 ait
509 2287 693 2327 Appianus;
714 2287 821 2327 ibique

64 2332 169 2372 potins
182 2331 274 2373 quam
291 2331 321 2360 in
337 2330 423 2361 curia
437 2336 578 2360 senatum
594 2329 700 2359 haberi
713 2330 820 2365 voluit,

62 2374 146 2415 quod
161 2374 302 2415 subjecta
323 2375 390 2404 liaec
409 2378 476 2404 erat
491 2372 662 2414 Capitolio,
679 2373 762 2403 unde
777 2373 822 2403 sa·

62 2417 122 2449 cile
138 2417 156 2448 ῑι
169 2416 336 2458 conjuratis
351 2417 390 2447 ad
407 2417 527 2447 caedem
547 2415 735 2458 gladiatores
751 2426 823 2446 evo-

63 2461 126 2491 cari
141 2461 324 2502 potuissent.

110 2505 142 2536 9.
165 2503 245 2534 Athe
258 2503 413 2544 iamiam]
486 2500 569 2532 Ci'im
606 2499 822 2532 Athenienses

67 2545 141 2576 victi
154 2539 258 2577 essent
279 2545 300 2576 a
322 2544 582 2579 Lacedaemoniis,
601 2543 728 2584 triginta
753 2553 820 2574 rec-

69 2588 197 2625 toribus,
208 2588 409 2630 qui'l'yranni
425 2587 500 2617 dicti
517 2592 600 2622 sunt,
614 2586 740 2627 regendi
753 2586 819 2617 dati

69 2636 159 2669 sunt;
181 2630 320 2672 quietim
344 2630 541 2673 tyrannidem
564 2629 595 2659 in
619 2639 672 2659 eos
695 2639 822 2660 exerce-

67 2678 147 2709 rent,
167 2674 292 2703 tandem
322 2673 341 2703 εἰ
364 2673 560 2715 Thrasybulo
589 2671 661 2702 victi
692 2678 763 2702 suni
790 2677 822 2702 ct

67 2715 206 2757 expulsi:
228 2716 432 2757 restitutaque
455 2715 573 2747 civitati
600 2715 752 2750 libertate,
772 2714 820 2744 lex

66 2759 106 2791 ab
129 2759 240 2790 eodem
264 2758 326 2789 laia
345 2765 403 2796 est,
425 2770 465 2790 ne
482 2759 552 2801 quis
572 2769 671 2789 rerum
696 2763 822 2790 anteac-

67 2807 165 2834 tarum
196 2807 412 2842 accusantum
442 2812 482 2834 ne
511 2812 574 2845 qua
601 2800 822 2845 praeteritarum

926 865 996 905 Ad
1025 863 1360 905 deliberationes
1392 878 1478 914 eas,
1516 878 1621 919 quas
1648 861 1694 903 15

865 921 1079 979 principes
1132 920 1320 963 civitatis
1373 920 1622 974 adhibebat,

865 1300 1045 1342 injuriarum
1070 1299 1186 1330 mentio
1201 1299 1303 1338 ficret5
1330 1310 1371 1330 ne
1386 1299 1456 1342 quis
1479 1301 1624 1332 multare-

866 1353 925 1375 tur.

909 1389 959 1416 10.
999 1386 1121 1416 Verbum
1156 1386 1325 1427 usurpavi]
1383 1385 1501 1427 Legem
1540 1387 1624 1417 illam

867 1429 968 1460 Graeci
996 1429 1100 1459 dixere
1122 1432 1296 1468 Apmcrsau,
1321 1429 1352 1459 id
1378 1436 1436 1465 est,
1459 1431 1625 1460 oblivionem

865 1473 1056 1512 injuriarum.
1104 1471 1155 1502 De
1178 1472 1236 1502 bac
1261 1472 1331 1512 lege
1358 1471 1491 1512 loquitur
1515 1472 1623 1504 Valet.

865 1515 955 1546 Max.
973 1515 1027 1546 lib.
1042 1519 1073 1545 4.
1089 1515 1136 1544 tit.
1154 1516 1194 1544 de
1212 1515 1437 1545 moderatione.

911 1562 961 1589 12.
986 1558 1148 1588 Delendam
1167 1558 1291 1597 censui]
1351 1557 1463 1588 Scribit
1486 1558 1561 1595 Dio,
1582 1559 1626 1589 ita

865 1601 883 1630 εἰ
911 1601 1063 1632 Cicerone
1092 1606 1264 1641 permotum
1293 1601 1388 1631 fuisse
1414 1607 1566 1637 senatum,
1592 1606 1627 1631 ut

863 1643 1181 1674 senatus-consultum
1204 1644 1320 1673 sactum
1347 1643 1397 1679 sit,
1418 1654 1458 1674 ne
1482 1644 1550 1684 quis
1574 1654 1627 1674 ac-

864 1692 965 1727 ceptae
988 1688 1027 1718 ab
1052 1686 1112 1717 alio
1135 1686 1255 1727 injuriae
1279 1687 1312 1716 in
1334 1692 1492 1727 posterum
1517 1687 1627 1718 meini-

863 1730 970 1760 nisset.

909 1772 957 1804 Ib.
984 1773 1088 1804 Oratio
1116 1772 1163 1804 M.
1193 1772 1343 1813 Antonii]
1409 1771 1564 1803 Antonius
1593 1772 1626 1802 in

867 1816 935 1846 aede
961 1816 1094 1847 Telluris
1118 1816 1158 1846 de
1182 1815 1350 1846 concordia
1376 1815 1485 1845 habuit
1511 1815 1625 1846 oratio-

866 1869 951 1890 nem.

912 1904 963 1933 13.
990 1901 1048 1932 Per
1075 1903 1173 1933 liberos
1197 1902 1284 1943 rjus]
1345 1900 1453 1931 Plures
1480 1911 1535 1943 pro
1562 1912 1623 1932 uno

865 1943 917 1974 hffc
944 1946 1068 1986 reponit
1097 1945 1227 1983 Cicer03
1265 1955 1361 1975 unurn
1391 1944 1471 1974 enirn
1503 1944 1623 1975 tantuin

865 1988 1010 2018 habuisse
1034 2000 1072 2018 eii
1095 1988 1194 2029 prima
1220 1987 1276 2017 suit
1297 1986 1430 2027 conjuge
1456 1987 1554 2017 Fabia
1579 1987 1624 2018 le-

867 2031 958 2070 gitur.
1005 2030 1084 2061 Cum
1109 2030 1323 2061 interfectores
1348 2029 1478 2060 Caesaris
1501 2030 1532 2059 in
1561 2029 1624 2060 Ca-

866 2073 976 2112 pitolio
991 2073 1112 2104 cautius
1131 2077 1336 2108 remanerent,
1351 2083 1413 2102 non
1438 2072 1502 2102 ausi
1519 2073 1557 2102 ad
1574 2083 1624 2103 se-

866 2121 974 2146 natum
1011 2116 1127 2151 venire,
1171 2126 1300 2156 parvum
1333 2114 1429 2144 filium
1467 2115 1623 2147 Antonius

868 2158 1010 2189 obsidem
1057 2158 1088 2189 in
1127 2157 1318 2198 Capitolium
1360 2157 1460 2187 misit:
1494 2164 1537 2194 et,
1588 2163 1623 2189 ut

870 2200 1053 2232 Plutarchus
1083 2201 1115 2231 in
1145 2201 1243 2231 Bruto
1274 2200 1388 2235 scribit,
1419 2200 1435 2230 ὲ
1464 2200 1622 2241 Capitolio

869 2244 1116 2281 descenderunt;
1141 2253 1177 2274 ac
1199 2243 1313 2274 Brutus
1339 2243 1423 2284 apud
1449 2243 1622 2284 Lepidum,

867 2286 990 2318 Cassius
1007 2287 1089 2327 apud
1107 2286 1290 2322 Antonium,
1306 2285 1410 2317 caeteri
1431 2287 1516 2326 apud
1531 2286 1621 2323 alios,

865 2329 1038 2360 cceniirunt.
1063 2330 1192 2360 Postero
1208 2329 1258 2360 die
1272 2329 1439 2369 provincia?
1455 2329 1572 2360 eisdem
1589 2330 1622 2360 iu

867 2379 976 2403 senatu
995 2373 1138 2408 dceretae,
1151 2373 1249 2403 Bruto
1262 2371 1367 2406 Creta.
1380 2371 1489 2403 Cassio
1502 2372 1620 2408 Africa,

865 2415 1020 2446 Trebonio
1034 2415 1122 2451 Asia,
1137 2416 1264 2446 Cimbro
1286 2415 1448 2457 Bithynia,
1463 2414 1505 2445 D.
1523 2415 1621 2446 Bruto

869 2457 973 2489 Gallia
997 2458 1139 2490 Citerior.
1185 2459 1261 2493 Sed,
1286 2457 1356 2488 esim
1381 2458 1486 2489 Caesar
1511 2458 1621 2489 funere

866 2501 977 2538 elatus,
1004 2507 1037 2532 et
1067 2502 1084 2532 εἰ
1114 2501 1166 2532 M.
1188 2501 1328 2531 Antonio
1355 2500 1498 2531 laudatus
1527 2506 1620 2537 essct,

865 2544 954 2584 plebs
975 2555 1045 2575 cum
1068 2544 1186 2575 facibus
1209 2545 1249 2574 ad
1273 2545 1398 2574 domuin
1419 2544 1520 2579 Bruti,
1543 2544 1620 2574 Cas-

863 2587 912 2623 sii,
933 2592 965 2618 et
991 2588 1129 2624 aliorum,
1153 2587 1317 2622 concurrit,
1341 2593 1371 2616 et
1393 2586 1473 2627 aegre
1489 2586 1622 2626 depulsa

865 2634 923 2660 cst.
968 2629 1078 2661 Cicero
1095 2631 1135 2660 de
1159 2631 1209 2660 his
1231 2630 1335 2660 scribit
1359 2629 1410 2659 lib.
1429 2632 1480 2659 14.
1495 2629 1534 2658 ad
1551 2629 1622 2658 An.

864 2672 944 2702 Tum
981 2673 1030 2702 M.
1069 2672 1184 2703 Brutus
1210 2679 1242 2703 et
1271 2672 1395 2703 Cassius
1431 2672 1537 2701 urbem
1574 2682 1622 2701 re-

864 2714 1032 2755 liquerunt,
1047 2721 1080 2746 et
1093 2716 1222 2746 Antium
1245 2721 1339 2756 atque
1353 2714 1526 2744 Lanuvium
1550 2723 1622 2754 pro-

866 2757 952 2832 (Zeti,
965 2758 1009 2790 ibi
1023 2758 1115 2791 otiosi
1129 2759 1264 2790 fuerunt.
1307 2757 1379 2790 Lib.
1396 2760 1435 2790 14
1457 2763 1490 2789 et
1514 2758 1565 2790 15.
1580 2757 1621 2788 ad

899 2806 935 2834 tt·

1202 2844 1290 2884 2ss

1619 156 1700 200 387
