1858 3095
651 201 741 234 PRO
767 200 883 234 LEGE
909 201 1029 235 MANI
1035 197 1075 233 LI
1082 203 1106 233 A
1113 225 1121 234 .

108 271 299 315 Siciliam
351 271 523 323 ermini,
555 277 685 328 atque
715 273 924 324 Africam,
951 274 1196 330 bellumque
1225 272 1267 314 in
1294 271 1344 314 ea
1368 271 1669 316 administran-

108 330 237 371 dum?
299 286 397 370 FPuit
423 329 466 369 in
488 328 553 369 his
582 329 810 384 provinciis
836 330 1040 386 singulari
1063 329 1325 380 innocentia,
1347 329 1570 386 gravitate,
1592 333 1669 372 vir·
1681 335 1738 374 30

109 393 225 428 tute:
256 386 415 428 bellum
444 385 487 425 in
518 385 663 426 Africai
693 386 927 427 maximum
953 387 1165 437 cont'ecit3
1197 387 1402 428 victorem
1436 386 1670 428 exercitum

111 441 393 499 ‘'deportavit.
467 441 582 489 Quid
612 442 712 483 vero
747 451 836 483 tam
868 442 1122 494 inauditum,
1154 443 1285 500 quam
1316 443 1506 499 equitem
1546 442 1671 484 Rom.

113 497 401 554 triumphare?
432 503 477 538 at
510 512 603 539 eam
635 513 805 555 quoque
837 514 925 540 rem
959 501 1140 556 populus
1174 500 1393 540 Romanus
1424 513 1510 540 non
1540 498 1670 540 modo

112 556 231 602 vidit,
251 554 325 595 sed
346 553 476 595 etiam
498 555 640 596 studio
673 555 788 596 omni
811 555 1031 597 visendam
1052 556 1233 611 putavit.
1292 555 1409 603 Quid
1430 562 1518 596 tam
1539 555 1673 596 inusi-

112 619 260 660 tatum,
283 608 413 666 quam
434 619 493 659 ut,
515 611 612 652 cum
629 612 714 653 duo
728 613 925 653 consules
947 612 1171 653 clarissimi
1188 611 1496 667 fortissimique
1513 619 1672 663 essent,
1685 615 1739 655 35

113 681 244 724 eques
266 666 487 708 Romanus
515 667 570 708 ad
589 668 748 710 bellum
781 669 1013 709 maximum
1030 667 1562 724 formidolosissimumque
1596 683 1672 723 pro

112 723 287 766 consule
315 723 586 765 mitteretur?
618 725 774 765 missus
802 732 881 765 est.
942 725 1039 772 Quo
1062 724 1237 780 quidem
1258 731 1464 780 tempore,
1493 724 1588 765 cum
1610 739 1676 765 es-

112 786 179 822 set
198 793 431 821 non-nemo
453 780 496 821 in
517 787 684 832 senatu,
700 781 773 836 qui
793 780 968 831 diceret,
993 781 1091 822 Non
1112 787 1306 836 oportere
1328 780 1434 821 mitti
1460 780 1674 822 hominem

143 837 324 877 rivatum
350 851 426 892 pro
455 837 657 889 consule3
708 838 752 878 L.
775 837 1003 893 Philippus
1035 837 1195 878 dixisse
1221 837 1394 888 dicitur,
1427 836 1529 877 Non
1557 852 1602 878 se
1626 837 1678 878 il-

111 851 203 934 i’um
224 893 303 934 sua
321 893 537 934 sententia
556 908 631 949 pro
654 895 843 944 consule,
866 895 942 935 sed
964 909 1038 950 pro
1057 893 1323 944 consulibus,
1344 894 1524 935 mittere.
1565 894 1676 935 Tan·
1688 897 1743 937 40

114 957 160 991 ta
179 949 224 990 in
243 963 294 992 eo
315 949 562 1005 reipublicae
582 950 692 991 bene
713 951 911 1005 gerendoe
932 965 1030 1006 spes
1051 950 1404 1001 constituebatur,
1427 957 1474 991 ut
1495 950 1676 991 duorum

115 1006 341 1048 consulum
362 1020 516 1047 munus
538 1006 663 1048 unius
685 1007 974 1048 adolescentis
998 1007 1141 1048 virtuti
1163 1006 1513 1048 committeretur.
1563 1006 1678 1054 Quid

114 1070 204 1104 tam
223 1062 455 1118 singulare,
469 1061 601 1118 quam
614 1071 676 1114 ut,
688 1078 741 1104 ex
757 1063 1153 1105 senatus-consulto
1167 1063 1336 1119 legibus
1355 1062 1368 1086 s
1383 1063 1563 1114 solutus,
1576 1078 1679 1105 con-

117 1119 183 1160 sul
204 1118 304 1160 ante
324 1119 457 1168 fieret,
477 1118 607 1174 quam
624 1121 756 1161 ullum
769 1120 900 1160 alium
914 1120 1210 1176 magistratum
1221 1120 1425 1176 perleges
1445 1120 1679 1175 gcapereli-

119 1175 311 1218 cuisset‘?
343 1174 446 1231 quid
463 1181 551 1216 tam
563 1176 828 1226 incredibile,
851 1175 979 1232 quam
992 1184 1040 1217 ut
1052 1176 1202 1217 iterum
1216 1191 1347 1231 eques
1367 1176 1477 1216 Rom
1497 1190 1548 1217 ex
1563 1177 1609 1217 S.
1626 1176 1677 1218 C.
1690 1179 1745 1219 45

117 1231 431 1288 triumpharet?
491 1232 598 1279 Quae
619 1233 663 1273 in
695 1232 893 1274 omnibus
920 1233 1165 1274 hominibus
1196 1247 1308 1273 nova
1339 1239 1439 1288 post
1457 1232 1680 1274 hominum

117 1288 367 1330 memoriam
399 1287 636 1329 constituta
667 1297 779 1339 sunt,
815 1304 866 1330 ea
895 1296 983 1329 tam
1010 1290 1144 1330 multa
1170 1303 1255 1329 non
1283 1295 1383 1329 sunt
1421 1288 1553 1344 quam
1586 1290 1681 1331 haec

120 1359 215 1401 quae
245 1344 290 1384 in
331 1343 416 1384 hoc
454 1358 540 1384 uno
585 1345 758 1385 homine
798 1345 1000 1386 vidimus.
1060 1346 1204 1400 Atque
1244 1345 1338 1385 haec
1374 1352 1440 1386 tot
1469 1347 1679 1401 exempla,

118 1408 240 1442 tanta
259 1415 312 1441 ac
332 1407 421 1441 tam
445 1413 572 1451 nova,
602 1400 797 1456 profecta
823 1408 923 1441 sunt
945 1402 990 1441 in
1016 1402 1213 1442 eumdem
1239 1400 1457 1441 hominem
1478 1400 1503 1441 εὶ
1522 1401 1576 1449 Q.
1598 1401 1682 1444 Ca-

118 1457 211 1508 tuli,
240 1463 369 1513 atque
404 1456 429 1496 ὲ
465 1463 714 1499 caeterorum
746 1457 938 1512 ejusdem
968 1457 1191 1513 dignitatis
1217 1457 1574 1513 amplissimorum
1604 1458 1681 1500 ho·
1693 1461 1748 1502 50

120 1514 298 1564 minum,
319 1512 590 1554 auctoritate.
651 1514 793 1562 Quare
825 1514 1013 1562 videant,
1040 1529 1094 1555 ne
1119 1513 1176 1554 sit
1202 1513 1487 1569 periniquum,
1519 1521 1561 1555 et
1594 1529 1683 1557 non

120 1570 358 1621 ferendum,
378 1569 551 1611 illorum
582 1570 880 1612 auctoritatem
911 1571 964 1611 de
996 1570 1078 1612 Cn.
1104 1570 1302 1625 Pompeii
1329 1570 1540 1626 dignitate
1564 1570 1590 1611 ὲ
1609 1586 1682 1613 vo-

119 1627 189 1668 bis
211 1627 536 1683 comprobatam
555 1641 723 1683 semper
738 1641 831 1668 esse
850 1643 860 1678 3
889 1633 1076 1668 vestrum
1096 1627 1149 1668 ab
1171 1627 1257 1667 illis
1271 1627 1324 1667 de
1337 1627 1486 1668 eodem
1508 1627 1683 1670 homine

114 1683 343 1740 judicium,
363 1683 596 1740 populique
618 1682 804 1725 Romani
826 1683 1141 1736 auctoritatem,
1160 1683 1388 1740 improbari
1407 1701 1418 1736 ;
1448 1685 1683 1740 praesertim

1679 207 1736 249 59

150 1872 370 1914 ‘dedzc.vit.
445 1869 756 1926 ‘dispensatus
836 1874 1072 1927 gsuscipere
1092 1873 1394 1925 magistratum
1405 1873 1654 1926 gerendum.

169 2061 222 2090 29.
245 2059 378 2091 Siciliam
392 2066 476 2100 atque
486 2059 645 2101 Africam-J
690 2060 742 2092 De
759 2060 805 2091 liis
816 2060 884 2102 jam

128 2101 279 2143 superfit-³1.
294 2113 401 2143 parag.
417 2114 446 2132 x.
463 2103 482 2132 l.
499 2105 530 2134 9.

171 2147 225 2177 33.
271 2145 487 2186 Triumphum]
530 2145 884 2184 Triumpliavitidcirc6,

127 2193 162 2218 ut
176 2198 215 2218 ex
230 2186 320 2218 Floro
334 2193 432 2229 patet,
447 2187 531 2228 quod
548 2188 579 2217 in
592 2188 701 2218 Africa
713 2188 886 2218 Domitium

128 2231 344 2271 proscriptum,
355 2237 387 2261 et
396 2230 545 2261 Hiarbam
557 2241 660 2270 regern
668 2230 886 2267 Numidarum,

130 2274 229 2304 victor
243 2273 406 2303 interfecit.

173 2316 222 2346 Ib.
242 2314 308 2345 Non
322 2316 402 2345 mods)
417 2316 516 2356 vidia]
563 2315 654 2346 Vidit
664 2326 728 2346 rem
744 2315 774 2346 in
792 2315 886 2346 Pom-

130 2359 202 2399 peio
224 2368 334 2388 novam
355 2358 490 2399 prorsus,
511 2357 595 2399 quod
617 2368 712 2399 eques
735 2359 772 2389 eil
794 2364 887 2389 aetate

129 2402 342 2442 triumpharet,
357 2400 427 2432 cum
442 2401 475 2431 id
492 2401 596 2441 gloriae
611 2400 732 2431 tantum
745 2407 799 2432 eut
813 2411 889 2432 con·

131 2444 201 2480 suli,
215 2449 269 2474 aut
283 2444 393 2475 saliem
406 2443 552 2479 senatori,
565 2444 746 2475 deferretur.

175 2488 228 2518 35.
262 2486 332 2517 Duo
353 2486 505 2527 consules]
542 2487 707 2528 Appianus
731 2486 888 2528 Lepidum

131 2534 165 2560 et
178 2529 324 2561 Catulum
339 2529 482 2560 consules
495 2530 643 2560 nominat.

176 2574 231 2604 39.
266 2572 326 2603 Pro
351 2572 492 2613 consula]
537 2571 740 2603 Proconsules
770 2583 834 2602 non
866 2572 889 2602 ii

132 2614 252 2646 tantum
267 2616 461 2651 dicebantur,
477 2616 531 2656 qui
553 2621 623 2656 post
644 2620 762 2656 gestum
779 2626 889 2646 cousu-

134 2656 230 2688 latum
253 2658 285 2688 in
306 2658 478 2699 provincias
502 2668 621 2688 summo
646 2668 716 2690 cum
745 2658 887 2698 imperio,

136 2700 190 2730 sed
203 2700 297 2732 etiam
308 2702 330 2731 ii
341 2701 395 2742 qni
407 2711 462 2741 pro
474 2701 661 2736 consulibus,
670 2701 868 2731 mittebantur
880 2711 888 2738 3

136 2743 220 2772 unde
248 2743 310 2774 illae
330 2744 496 2784 provinciae
519 2744 696 2775 consulares
724 2743 890 2785 appellatae

135 2789 217 2821 sunt,
229 2785 295 2816 eive
309 2787 470 2826 praetoriae,
486 2787 612 2830 quando
627 2787 660 2819 in
672 2788 799 2818 easdem
813 2796 891 2828 prae-

133 2833 215 2859 tores
232 2828 439 2860 mittebantur.

972 2059 1021 2092 Ib.
1045 2059 1081 2090 L.
1099 2058 1278 2101 Philippus]
1315 2059 1480 2101 Philippus
1493 2065 1615 2091 senator
1628 2059 1688 2090 fuit

928 2113 1049 2143 magnae
1060 2103 1260 2134 auctoritatis.

970 2148 1024 2175 44.
1060 2145 1162 2175 Ullum
1179 2145 1409 2186 magistratum]
1434 2144 1554 2175 Primus
1576 2145 1688 2185 magis-

930 2193 1026 2218 tratus
1063 2194 1217 2228 quaestura
1243 2188 1321 2225 suit3
1364 2198 1436 2217 nam
1464 2188 1687 2218 adolescentuli

931 2236 1098 2271 quaestores
1125 2231 1254 2270 fiebant,
1283 2229 1378 2271 quart}
1408 2230 1477 2260 Cic.
1508 2231 1540 2260 in
1570 2230 1622 2261 lib.
1654 2233 1684 2261 9.

931 2273 1032 2313 Epist.
1058 2273 1231 2307 Quaestorem
1252 2272 1397 2303 Caecilium
1412 2274 1550 2312 praeposui
1569 2275 1686 2312 provin-

930 2317 997 2346 ciae:
1016 2327 1150 2356 puerum,
1165 2316 1282 2356 inquis?
1303 2322 1334 2345 ut
1349 2315 1591 2355 qua’storem‚&c.

974 2360 1027 2389 45.
1065 2358 1176 2388 Iter-iim
1202 2358 1421 2398 triumpharet]
1466 2357 1518 2388 De
1553 2357 1686 2387 Sertorio

931 2401 1143 2441 triumphavit,
1163 2400 1233 2431 cum
1251 2401 1334 2441 prius
1353 2401 1420 2441 jam
1439 2401 1478 2430 de
1502 2400 1643 2431 Domitio
1655 2406 1688 2430 et

932 2444 1050 2474 Hiarba
1064 2444 1294 2484 triumphasset.

974 2486 1027 2517 49.
1062 2487 1087 2516 A
1104 2488 1142 2517 Q.
1157 2487 1286 2527 catula]
1332 2486 1461 2517 Catulus
1476 2497 1546 2517 cum
1560 2486 1627 2516 aliis
1640 2496 1688 2516 se·

931 2529 1089 2560 natoribus
1116 2529 1301 2570 Pompeium
1331 2529 1423 2560 tantis
1444 2530 1490 2560 his
1522 2530 1687 2560 honoribus

933 2573 1144 2603 decorandum
1158 2577 1333 2603 censuerat.

975 2617 1029 2646 5².
1071 2616 1098 2644 A
1125 2616 1198 2645 vobis
1216 2615 1452 2656 esmiprobatam]
1498 2613 1688 2654 Comproba-

931 2658 976 2688 vit
990 2658 1123 2698 populus
1140 2657 1233 2688 Rom.
1259 2657 1551 2691 senatus-consulta,
1575 2656 1688 2698 quibus

931 2701 1102 2742 triumphus
1139 2700 1291 2742 Pompeio
1328 2700 1562 2730 decernebatur.
1627 2697 1689 2728 Po-

932 2743 1023 2784 pulus
1046 2749 1149 2774 autem
1175 2743 1268 2774 Rom.
1283 2753 1354 2773 suos
1373 2742 1510 2772 babebat
1531 2742 1690 2782 magistra-

932 2791 993 2822 tus,
1015 2796 1131 2827 nempe
1149 2786 1299 2821 tribuuos‚
1323 2784 1362 2814 ad
1393 2794 1471 2825 quos
1494 2784 1620 2815 decreta
1643 2794 1692 2815 se-

934 2827 1024 2860 natus
1051 2828 1258 2861 examinanda
1294 2827 1526 2859 deferebantur:
1562 2837 1631 2869 quae
1666 2827 1693 2858 si
