1838 3017
810 132 960 166 NOTAE.

123 205 260 243 deretur,
281 206 410 249 negavit
431 206 472 238 ei.
517 206 771 249 Subscripsemnt
794 212 826 238 et
850 207 881 238 in

122 249 254 280 ambitus
263 250 384 291 judicio
400 250 438 281 P.
455 249 598 281 Valerius
609 250 687 286 Leo,
698 256 730 282 et
742 250 802 282 Cn.
812 250 881 281 Do-

124 292 226 324 mitius
237 292 297 325 Cn.
310 293 344 324 F.
359 293 435 324 Post
450 303 565 334 paucos
581 294 647 324 dies
659 304 784 335 quoque
798 293 881 324 Milo

122 336 207 376 apud
234 336 405 367 Favonium
435 343 619 378 quaestorein
653 337 693 368 de
731 336 882 367 sodalitiis

123 379 287 409 damnatus
302 385 360 417 est,
384 385 549 411 accusante
563 379 601 411 P.
620 379 730 410 Fulvio
748 380 878 416 Nerato,

123 421 174 452 cui
186 420 255 463 lege
271 422 429 463 praemium
446 423 552 453 datum
565 428 622 452 est.
654 422 780 453 Deinde
796 424 879 462 apud

124 463 162 498 L.
179 463 310 495 Fabium
327 471 511 506 quaestorem
534 465 643 496 iteriim
667 466 778 496 absens
794 466 882 496 darn·

121 512 267 538 natusest
278 508 318 538 de
331 508 372 540 vi.
397 508 631 540 Accusaverunt
644 507 680 541 L.
689 508 881 545 Cornificius,

120 555 154 580 et
169 549 208 586 Q.
224 550 394 582 Patulcius.

164 592 261 624 Milo
253 604 286 624 m
299 594 438 625 exsilium
450 594 625 626 Massiliam
638 593 719 625 intra
731 594 882 635 paucissi-

120 645 186 666 mos
201 636 268 668 dies
283 638 438 678 profectus
459 643 525 668 est:
549 639 631 668 bona
654 637 731 678 ejus,
759 644 884 686 propter

121 678 216 710 alieni
231 680 297 711 aeris
312 680 570 721 magnitudinem,
593 679 752 711 semuncia
774 678 877 710 venie-

122 727 203 753 runt.

166 764 244 796 Post
271 764 436 802 Milonem,
474 766 584 797 eadem
614 765 665 805 leg
667 775 684 795 e
713 764 876 805 Pompeia,

123 808 239 849 primus
254 814 301 838 est
315 814 476 839 accusatus
491 809 540 839 M.
550 776 694 838 Saufeigus
709 807 759 839 M.
771 806 807 838 F.
824 807 879 847 qui

120 851 183 881 dux
201 853 302 882 suerat
322 851 353 880 in
369 851 578 891 expugnanda
596 849 724 881 taberna
739 849 878 886 Bovillis,

120 899 154 924 et
175 892 288 924 Clodio
314 892 501 926 occidendo.
545 893 782 924 Accusaverunt
808 903 878 923 eum

120 935 159 966 L.
175 935 310 971 Cassius,
326 935 362 967 L.
376 935 542 972 Fulcinius,
558 936 655 971 C.F.,
671 936 709 967 C.
721 935 875 966 Valerius.

121 978 342 1010 Defenderunt
363 979 414 1010 M.
430 979 552 1015 Cicero,
574 979 623 1010 M.
642 978 774 1015 Caelius;
800 979 879 1009 obti—

121 1027 328 1063 nueruntque,
351 1027 385 1052 ut
406 1022 469 1052 una
491 1021 644 1053 sententia
659 1021 878 1052 absolveretur.

121 1064 417 1096 condemnaverunt
439 1070 595 1095 senatores
619 1064 659 1094 X.
685 1063 881 1095 absolverunt

122 1107 221 1140 VIII.
230 1107 523 1139 condemnaverunt
532 1108 652 1149 equites
664 1107 800 1138 Romani
815 1107 875 1140 IX.

122 1151 320 1182 absolverunt
342 1149 441 1181 VIII.
470 1151 524 1182 sed
555 1161 592 1182 ex
616 1151 743 1180 tribunis
767 1151 878 1181 aerariis

122 1194 233 1225 decem
255 1193 461 1229 absolverunt,
485 1193 544 1225 VI.
573 1194 876 1224 condemnaverunt:

122 1237 383 1280 manifestumque
399 1238 505 1269 odium
520 1236 624 1269 Clodii
639 1236 730 1268 saluti
751 1236 877 1269 Saufeio

1605 128 1689 174 537

926 207 993 243 fuit,
1010 206 1081 239 cum
1097 206 1164 247 ejus
1178 206 1227 238 vel
1242 205 1330 248 pejor
1340 216 1434 237 causa
1447 206 1540 248 quam
1556 206 1688 237 ΜίΙοιιί8

925 250 1044 287 fuisset,
1070 251 1125 292 qui
1142 251 1248 292 aperte
1265 251 1326 281 dux
1346 250 1447 280 fuerat
1470 250 1686 291 expugnandae

927 294 1062 324 tabernas
1075 299 1225 334 repertus.

969 336 1095 367 Deinde
1110 343 1179 377 post
1194 347 1310 377 paucos
1326 336 1393 367 dies
1407 335 1489 377 apud
1501 335 1685 368 Considium

924 385 1118 419 quaestorem,
1133 380 1200 419 lege
1219 380 1341 410 Plautia
1354 380 1394 410 de
1406 380 1447 415 vi,
1460 379 1686 419 subscriptione

924 422 1048 458 eadem,
1061 429 1222 453 accusatus
1238 428 1295 458 cst,
1309 421 1391 463 quod
1406 422 1475 452 loca
1487 421 1683 462 occupasset,

924 471 1041 496 etcum
1064 465 1126 496 telo
1149 466 1257 496 suisset
1279 465 1498 506 antesignanus
1522 475 1685 505 operarum

925 507 1066 539 Milonis.
1126 508 1362 539 Accusaverunt
1398 508 1436 539 C.
1468 507 1586 542 Fidius,
1624 507 1684 538 Cn.

923 551 1077 591 Aponius,
1088 551 1150 584 Cn.
1159 552 1205 589 R,
1215 551 1260 581 Μ.
1265 551 1366 587 Seius,
1376 551 1447 582 Sex.
1462 550 1516 588 F.,
1508 561 1514 568 ·
1531 550 1685 581 defende-

925 600 994 624 runt
1011 595 1059 624 M.
1069 593 1191 629 Cicero,
1208 593 1255 623 Μ.
1268 574 1430 624 Terentius
1441 573 1540 624 Vario
1557 593 1682 624 Gibba:

927 636 1085 667 absolutus
1097 642 1145 667 est
1159 637 1322 667 sententiis
1337 635 1458 677 plenius
1470 646 1562 676 quam
1581 636 1682 674 prius·
1673 659 1682 673 ,

945 689 1031 709 faves
1067 679 1176 709 habuit
1209 678 1302 711 XIX.
1341 677 1543 709 absolutorias
1575 676 1623 710 11.
1651 684 1685 709 et

954 719 1025 752 XX.
1071 721 1132 751 Sed
1153 732 1170 752 e
1193 719 1346 752 contrario
1359 721 1430 757 hoc,
1451 731 1488 751 ac
1511 721 1613 761 priore
1629 721 1683 762 ju-

922 764 1015 800 dicio,
1039 764 1162 795 accidit.
1207 764 1337 806 Equites
1362 765 1444 795 enim
1466 773 1502 794 ac
1526 770 1682 795 senatores

924 817 994 837 eum
1021 807 1230 844 absolverunt,
1257 807 1370 838 tribuni
1392 806 1489 838 aerarii
1511 807 1682 838 damnave-

922 854 1005 880 runt.

967 893 1039 923 Sex.
1062 897 1164 923 autem
1181 893 1322 929 Clodius,
1345 903 1406 935 quo
1423 897 1548 924 auctore
1569 904 1680 935 corpus

922 934 1050 967 Clodii
1043 946 1074 966 in
1093 936 1206 966 curiam
1229 936 1348 966 illatum
1371 937 1440 972 fuit,
1463 938 1680 968 accusantibus

923 978 960 1010 C.
979 978 1134 1010 Cesennio
1155 979 1294 1017 Philone,
1318 979 1366 1009 Μ.
1384 979 1520 1015 Aufidio,
1537 979 1574 1010 L.
1589 979 1680 1021 Apo-

921 1022 986 1058 nio,
1003 1032 1115 1063 magno
1129 1032 1281 1053 consensu
1294 1022 1457 1053 damnatus
1473 1027 1530 1058 est,
1554 1030 1679 1054 senten-

923 1064 973 1095 tiis
1000 1064 1062 1095 VI.
1088 1070 1120 1095 et
1142 1065 1208 1096 XL.
1252 1065 1464 1096 Absolutorias
1487 1065 1529 1096 V.
1552 1067 1678 1097 omnino

921 1107 1040 1143 habuit,
1057 1108 1134 1138 duas
1150 1113 1338 1144 senatorum,
1355 1113 1415 1139 tres
1429 1108 1577 1149 equiturn.

964 1150 1062 1181 Multi
1075 1151 1234 1191 praeterea,
1245 1156 1278 1182 et
1291 1156 1460 1191 presentes,
1476 1156 1508 1181 et
1516 1150 1586 1182 cum
1599 1152 1677 1182 cita.

921 1193 943 1224 ti
954 1204 1016 1224 non
1024 1194 1267 1234 respondissent,
1279 1194 1417 1224 damnati
1426 1199 1506 1230 sunt,
1517 1205 1554 1224 ex
1566 1195 1678 1236 quibus

922 1236 1054 1268 maxima
1069 1247 1140 1280 pars
1153 1237 1214 1269 fuit
1228 1237 1461 1271 Clodianorum.
1504 1237 1610 1270 Λεωνι-
