1858 3095
744 173 794 205 m
826 173 1043 207 Pisonen.
1669 179 1752 222 -285

108 255 193 304 tur)
228 252 398 294 virtutis
434 250 641 301 continet,
678 256 722 292 et
755 250 903 302 officii,
939 258 982 292 et
1017 251 1127 292 ben&
1159 251 1345 304 vivendi,
1381 251 1680 308 disciplinam3

109 323 241 365 quam
269 309 342 366 qui
375 308 608 365 profitetur,
640 308 935 364 gravissimam
956 307 1059 349 mihi
1082 309 1289 350 sustinere
1312 323 1537 366 personam
1571 311 1683 351 vide—

106 372 187 408 tur.

169 423 275 464 XII.
307 422 394 463 Sed
412 422 523 462 idem
542 436 667 463 casus
690 422 809 464 illum
841 423 1054 478 (ignarum
1075 423 1178 478 quid
1209 424 1489 479 profiteretur,
1520 423 1616 464 cum
1638 439 1683 465 se

113 479 418 535 philosophum
450 493 544 519 esse
574 478 755 530 diceret)
785 479 911 520 istius
932 479 1229 535 impurissimae
1250 487 1380 535 atque
1400 480 1684 536 intemperan—

112 535 289 576 tissimae
311 535 488 592 pecudis
509 550 634 577 coeno
657 543 700 577 et
721 535 918 578 sordibus
941 535 1198 592 inquinavit:
1228 535 1300 592 qui
1323 535 1468 587 modo,
1498 551 1597 577 cum
1617 551 1683 578 res

113 599 258 647 gestas
279 592 529 634 consulatus
551 592 634 634 mei
656 592 946 634 collaudasset
965 596 1078 648 (quae
1095 592 1271 647 quidem
1291 592 1481 633 laudatio
1498 592 1683 634 hominis

111 649 347 705 turpissimi
371 649 472 690 mihi
495 648 577 705 ipsi
599 656 687 690 erat
707 648 829 705 paene
849 648 1019 704 turpis),
1051 647 1149 689 Non
1171 648 1255 688 ulla
1275 648 1370 699 tibi,
1401 648 1554 704 inquit,
1581 649 1684 690 invi-
1702 652 1728 690 5

115 705 186 746 dia
206 706 369 754 nocuit,
391 706 466 747 sed
486 720 630 747 versus
650 706 727 746 tui.
788 704 928 746 Nimis
948 718 1105 759 magna
1125 719 1266 760 poena,
1297 711 1339 745 te
1361 705 1551 755 consule,
1584 720 1688 747 con-

115 762 265 804 stituta
299 770 379 815 est,
418 762 507 803 sive
542 762 652 802 malo
683 761 840 817 poetas,
872 760 962 802 sive
997 761 1146 802 libero.
1207 760 1427 816 Scripsisti
1460 761 1574 802 enim
1612 762 1687 804 ce-

114 821 224 860 dant
252 834 376 860 arma
407 825 531 871 togoe.
603 817 718 866 Quid
755 817 872 859 tum?
940 817 1048 859 Haec
1082 832 1148 859 res
1179 817 1256 858 tibi
1288 817 1446 859 fluctus
1478 818 1575 859 illos
1615 833 1688 859 ex-

115 874 276 917 citavit.
336 875 397 916 At
421 874 506 915 hoc
527 888 740 930 nusquam
770 874 923 930 opinor
950 875 1157 930 scriptum
1183 874 1315 916 fuisse
1351 874 1394 916 in
1423 875 1499 916 illo
1529 875 1685 931 elogio,

114 932 246 988 quod,
285 937 328 972 te
361 931 552 981 consule,
591 930 636 972 in
668 931 863 987 sepulcro
898 931 1140 987 reipublicae
1173 930 1355 972 incisum
1401 938 1482 983 est,
1531 933 1687 984 Velitis,
1708 934 1760 975 10

105 991 312 1042 jubentis,
350 993 417 1040 ut,
490 987 578 1028 uod
628 987 804 1029 Marcus
841 987 995 1029 Cicero
1036 1002 1206 1029 versum
1245 987 1410 1040 fecerit,
1452 989 1529 1029 sed
1569 988 1688 1044 quod

114 1044 357 1086 vindicarit.
434 1003 755 1095 {lerumtamem
804 1044 1007 1100 quoniam
1044 1051 1087 1086 te
1126 1059 1214 1086 non
1254 1045 1564 1097 Aristarchum,
1611 1046 1688 1087 sed

116 1101 333 1143 Phalarim
373 1102 701 1158 grammaticum
740 1102 963 1153 habemus,
999 1102 1070 1158 qui
1105 1117 1192 1143 non
1227 1107 1375 1143 notam
1411 1116 1602 1158 apponas
1634 1103 1690 1143 ad

116 1160 275 1200 malum
311 1171 494 1209 versum,
545 1158 622 1199 sed
666 1157 842 1214 poetam
891 1158 1018 1200 armis
1067 1173 1344 1214 persequare;
1393 1160 1502 1201 scire
1548 1159 1689 1215 cupio,

148 1216 220 1257 uid
259 1213 436 1256 tandem
472 1214 557 1256 isto
597 1214 641 1256 in
671 1229 794 1257 versu
837 1214 1139 1271 reprehendas,
1184 1217 1351 1257 Cedant
1390 1231 1512 1257 arma
1552 1219 1690 1270 togae?
1713 1219 1764 1260 15

116 1273 219 1313 'luae
250 1271 374 1322 dicis,
409 1270 565 1326 inquit,
595 1278 710 1328 togae
746 1286 958 1313 summum
994 1270 1293 1327 imperatorem
1329 1287 1422 1314 esse
1458 1287 1692 1315 cessurum.

119 1328 238 1377 Quid
281 1341 399 1368 nunc
442 1334 500 1376 te,
550 1327 683 1379 asine,
724 1328 870 1370 literas
911 1328 1121 1370 doceam?
1161 1341 1246 1370 non
1286 1342 1395 1385 opus
1433 1337 1500 1371 est
1537 1330 1693 1382 verbis,

120 1385 197 1428 sed
236 1384 436 1426 fustibus.
515 1383 615 1425 Non
645 1384 735 1426 dixi
765 1384 879 1426 hanc
909 1391 1064 1439 togam,
1103 1384 1192 1440 qua
1232 1399 1326 1426 sum
1364 1386 1575 1438 amictus3
1613 1401 1695 1428 nec

120 1457 259 1494 arma,
305 1447 478 1483 scutum
508 1447 552 1483 et
582 1441 773 1498 gladium
806 1442 932 1483 unius
963 1441 1256 1498 imperatoris:
1307 1443 1397 1491 sed,
1429 1443 1547 1499 quod
1575 1443 1694 1500 pacis

121 1505 188 1541 est
218 1497 385 1554 insigne
416 1504 460 1539 et
499 1497 576 1539 otii
614 1505 739 1551 toga,·
782 1497 934 1540 contra
970 1505 1116 1540 autem
1153 1514 1277 1540 arma
1315 1501 1525 1542 tumultus
1567 1507 1696 1557 atque
1713 1506 1769 1549 20

121 1556 251 1606 belli3
286 1568 402 1595 more
423 1553 646 1610 poetarum
666 1555 851 1606 locutus,
883 1555 967 1596 hoc
986 1554 1171 1610 intelligi
1190 1555 1319 1607 volui,
1349 1558 1521 1598 Bellum
1549 1573 1600 1599 ac
1627 1564 1698 1599 tu-

121 1615 308 1654 multum
334 1615 437 1665 paci
468 1617 596 1665 atque
625 1615 708 1654 otio
742 1627 1056 1654 concessurum.
1117 1611 1268 1659 Quaere
1298 1627 1351 1654 ex
1381 1613 1576 1655 familiari
1607 1620 1696 1667 tuo,

125 1671 280 1712 Graeco
314 1667 390 1709 illo
424 1667 581 1724 poeta:
620 1668 820 1726 probabit
851 1683 986 1725 genus
1016 1668 1172 1725 ipsum,
1213 1676 1256 1710 et
1285 1678 1518 1726 agnoscet3
1557 1685 1698 1727 neque

123 1734 167 1771 te
204 1724 311 1769 nihil
349 1738 498 1782 sapere
534 1725 770 1769 mirabitur.
849 1726 911 1768 At
947 1725 993 1768 in
1031 1726 1106 1769 illo
1153 1726 1301 1780 altero,
1343 1727 1497 1785 inquit,
1546 1728 1698 1782 haeres,

1701 367 1756 408 90

174 1992 202 2019 1.
226 1988 280 2020 Sed
294 1991 367 2022 idem
381 1991 490 2033 casus]
524 1991 565 2023 Id
578 1997 639 2031 est,
653 1992 764 2024 eadem
780 2003 890 2024 neces-

126 2030 212 2068 sitas,
234 2042 304 2073 quae
321 2034 539 2065 Philodemum
554 2035 676 2076 impulit
692 2037 731 2066 ad
753 2037 892 2067 scriben-

129 2074 185 2104 das
208 2074 330 2108 Pisonis
352 2077 514 2116 libidines,
535 2078 648 2109 iisdem
672 2089 744 2109 cum
766 2079 891 2120 flagitiis

130 2117 318 2158 inquinavit.

174 2163 207 2192 3.
231 2161 381 2202 Panda]
426 2162 571 2195 Pisonem
588 2164 744 2206 intelligit.

174 2205 208 2235 5.
231 2203 400 2245 Eratpaem?
415 2207 537 2248 turpia]
581 2207 686 2248 Turpe
709 2213 756 2238 est
772 2207 892 2238 laudari

133 2245 152 2276 ῖι
169 2248 248 2288 turpi
260 2248 337 2286 viro,
360 2255 392 2279 et
406 2250 605 2281 honorificum
622 2251 640 2281 εὶ
655 2251 748 2282 laude
765 2251 872 2292 digno.

178 2289 228 2320 lb.
252 2290 382 2334 Inquit]
426 2292 513 2330 Piso,
527 2294 688 2326 videlicet.

175 2335 207 2363 7.
229 2334 374 2375 Scripsisti
388 2336 490 2378 enim.]
546 2336 621 2368 Piso
636 2338 669 2368 in
684 2337 740 2368 sua
754 2336 895 2369 oratione

135 2375 281 2408 Ciceroni
295 2378 462 2419 objecerat,
479 2379 561 2420 quud
576 2391 680 2412 versus
695 2382 736 2412 de
749 2391 804 2412 suo
819 2391 894 2412 con-

133 2418 234 2450 sulatu
259 2421 444 2463 scripsisset,
467 2422 579 2463 quibus
599 2423 736 2455 offensus
751 2425 781 2455 ci
795 2423 897 2455 fuerat

136 2460 318 2504 Pompeius.

179 2504 229 2536 Ib.
253 2505 366 2539 Cedant
385 2519 469 2539 arma
490 2508 587 2551 togam]
635 2509 751 2542 Versus
767 2510 786 2541 εἴ
801 2513 892 2546 Cice-

137 2557 212 2580 rone
227 2549 340 2582 editus.

182 2592 212 2621 9.
236 2591 293 2622 Ino
305 2593 423 2635 elogio]
472 2594 584 2636 Elogia
600 2600 632 2626 et
645 2595 727 2628 tituli
738 2599 896 2640 sepulcro-

138 2642 204 2664 rum
219 2633 437 2677 inscriptiones
451 2638 645 2670 dicebantur.

171 2679 238 2725 ι10.
264 2677 372 2717 Velitis,
404 2681 549 2722 ‘ubentisj
609 2683 784 2715 Formulam
811 2685 899 2726 fingit

142 2717 264 2756 Cicero,
277 2721 340 2762 qua
353 2722 372 2753 ὲ
410 2724 497 2755 isone
510 2724 627 2766 ejectus
639 2731 687 2757 est
699 2727 732 2758 in
747 2728 899 2759 exsilium.

186 2765 240 2811 31.
272 2763 327 2794 Sed
349 2766 424 2804 quiid
456 2768 641 2810 vindicat-in]
700 2769 776 2801 Non
812 2770 898 2812 quod

143 2811 299 2848 scripserit
326 2806 437 2845 Cicero
463 2820 580 2851 versus,
602 2811 783 2853 ejiciebatur
804 2814 826 2846 εἰ
845 2813 901 2848 Pi·

934 2004 1021 2031 sone,
1045 1994 1100 2025 sed
1124 1993 1210 2036 quod
1238 1995 1405 2028 vindicarit
1430 1997 1654 2038 rempublicam
1681 1998 1699 2029 εἶ

934 2037 1164 2078 conjuratione3
1189 2038 1290 2079 eaque
1305 2040 1346 2070 de
1357 2039 1450 2070 causa
1465 2040 1483 2069 a
1496 2041 1613 2070 nefario
1625 2052 1698 2072 con-

934 2080 1001 2110 sule
1016 2080 1082 2121 igni
1094 2087 1127 2111 et
1142 2081 1225 2121 aqua
1239 2081 1268 2112 ei
1283 2082 1538 2113 interdicebatur.

981 2124 1032 2155 12.
1076 2124 1310 2166 Aristarchum]
1369 2124 1567 2157 Aristarchus
1598 2138 1698 2167 gram·

936 2165 1066 2196 malicus
1081 2166 1150 2202 fuit,
1167 2167 1232 2208 qui,
1245 2178 1322 2208 quos
1338 2178 1443 2198 versus
1458 2178 1518 2199 non
1536 2171 1699 2210 probabat,

937 2208 1121 2240 Homericos
1143 2220 1207 2240 non
1236 2221 1303 2241 esse
1332 2212 1555 2250 contendebat,
1583 2224 1699 2255 eosque

939 2251 1030 2282 litura
1044 2252 1094 2282 vel
1110 2252 1233 2283 stellula
1246 2255 1385 2285 notabat.

984 2297 1035 2327 13.
1062 2295 1241 2337 Phalarim]
1286 2297 1453 2339 Tyrannus
1476 2298 1700 2340 Agrigentino-

939 2349 1006 2369 rum
1021 2338 1090 2375 suit,
1115 2340 1167 2380 qui
1189 2349 1276 2370 aeneo
1295 2345 1386 2371 tauro
1409 2341 1532 2381 ignibus
1555 2343 1700 2384 subjectis

939 2386 1036 2412 morte
1063 2382 1225 2414 damnatos
1254 2383 1452 2415 includebat:
1484 2385 1516 2415 in
1547 2396 1609 2427 quo
1631 2387 1699 2428 ipse

940 2425 1118 2456 combustus
1134 2431 1192 2457 est.

985 2470 1037 2499 19.
1061 2467 1145 2503 Quod
1159 2470 1237 2510 pacis
1251 2475 1290 2500 est
1305 2470 1446 2512 insigna]
1492 2470 1630 2502 Romani
1644 2481 1700 2512 pa-

938 2511 982 2543 cis
996 2518 1137 2552 tempore
1150 2513 1230 2553 togis
1244 2513 1419 2544 utebantur.

982 2558 1036 2586 20.
1062 2554 1217 2586 Tumultus
1238 2562 1323 2596 atque
1336 2556 1431 2598 belli]
1477 2556 1609 2598 Supplc,
1625 2557 1700 2588 belli

941 2603 1012 2628 sunt
1025 2597 1159 2639 insignia
1172 2605 1204 2630 et
1218 2599 1416 2630 seditionum.

984 2643 1036 2672 23.
1062 2641 1163 2674 Genus
1175 2642 1298 2683 ipsum]
1344 2642 1468 2683 Nempe
1485 2642 1611 2673 dicendi
1626 2643 1701 2685 [1οὲ-

939 2683 1014 2715 tice.

984 2729 1037 2758 24.
1061 2729 1102 2759 At
1116 2730 1149 2759 in
1159 2729 1277 2770 altem]
1319 2727 1358 2758 ln
1374 2727 1472 2758 altera
1487 2728 1576 2769 hujus
1592 2730 1700 2760 carmi-

941 2770 993 2844 ni?i
1004 2776 1092 2812 parte
1105 2772 1320 2805 difficultatem
1333 2771 1468 2813 reperire
1481 2771 1628 2804 Pisonem
1640 2773 1702 2813 sig-

941 2824 973 2846 m
996 2819 1061 2849 cat·
