1838 3017
684 158 943 194 PHILIPPICA
969 160 1015 193 11.

16 274 19 279 .
80 238 203 290 rasti,
223 251 351 296 quem
370 236 502 295 patris
523 235 635 289 loco,
657 238 693 280 si
714 239 802 280 ulla
820 237 865 280 in
885 245 927 280 te
949 238 1086 294 pietas
1106 241 1236 288 esset,
1264 235 1406 295 colere
1427 233 1634 278 debebas.

2 310 57 329 ἐ·
84 294 234 339 Filiam
254 297 360 351 ejus,
381 309 567 337 sororem
591 303 723 348 tuam,
743 294 950 351 dejecisti,
972 294 1081 336 ‘'ali-21
1100 291 1347 336 conditione
1400 291 1568 342 uaesita‚
1589 298 1635 334 et

82 352 183 394 ante
205 351 442 409 perspecta.
505 351 603 393 Non
622 359 687 393 est
707 352 833 393 satis:
859 351 1016 408 sprobri
1032 350 1288 392 insimulasti
1309 365 1365 407 pu
1399 348 1634 392 icissimam
1672 351 1677 357 ’

81 408 296 451 feminam.
356 408 471 457 Quid
491 415 572 460 est,
593 410 708 464 quod
730 409 830 471 addi
853 408 1018 470 possit?
1050 408 1291 450 Contentus
1311 421 1363 449 eo
1384 420 1472 448 non
1491 404 1632 456 suisti3

80 465 427 521 frequentissimo
464 474 615 507 senatu
649 466 854 507 Calendis
874 465 968 506 Jan.
1001 464 1178 506 sedente
1211 471 1379 520 patruo,
1409 463 1523 504 hanc
1553 460 1632 504 tibi
1649 459 1705 502 45

81 536 176 579 esse
196 537 296 564 cum
317 522 544 565 Dolabella
565 522 650 564 odii
673 537 846 564 causam
867 537 995 563 ausus
1016 536 1061 562 es
1083 521 1240 571 dicere,
1272 520 1389 576 quod
1417 519 1470 560 ab
1492 533 1544 560 eo
1564 532 1634 560 so-

80 578 163 621 rori
183 586 228 621 et
247 580 367 621 uxori
390 587 475 621 tuae
496 588 688 635 stuprum
711 580 900 620 oblatum
922 593 1016 620 esse
1037 577 1335 634 comperisses.
1375 575 1484 624 Quis
1506 566 1705 622 inter-asa!
1725 593 1730 599 ¹

80 635 234 691 pretari
264 644 423 692 potest,
459 636 834 692 impudentior-ne,
883 636 955 691 qui
995 635 1038 675 in
1070 641 1250 684 senatu3
1291 647 1346 674 an
1385 631 1633 688 improbior,

79 691 155 748 qui
178 692 222 734 iu
243 692 537 744 Dolabellam3
570 707 624 734 an
658 692 875 748 impurior,
907 691 979 747 qui
1000 698 1118 747 patre
1145 689 1371 739 audiente3
1402 703 1458 730 an
1484 688 1635 729 crude-

80 748 175 800 lior,
205 751 279 806 qui
299 750 343 792 in
361 750 478 791 illam
499 749 697 790 miseram
717 756 806 789 tam
825 746 994 803 spurce,
1025 754 1112 788 tam
1131 744 1276 802 impie,
1297 744 1485 787 dixeris?
1547 744 1635 787 Sed
1652 742 1805 803 50-·ζ“ι’
1820 746 1838 782 Χ

1624 153 1714 206 453

79 806 136 847 ad
157 806 441 863 chirographa
460 805 697 847 redeamus.
757 804 890 852 gQuae
911 804 992 845 fuit
1011 810 1087 845 tua
1106 802 1327 859 cognitio?
1388 804 1503 844 Acta
1520 801 1690 859 enims,
1706 835 1730 841 ,.

81 861 279 914 Caesaris,
301 863 421 919 pacis
440 861 587 913 causa,
609 861 860 903 confirmata
880 866 980 902 sunt
998 859 1024 901 a
1041 867 1210 910 senatu3
1243 874 1338 915 quae
1353 858 1529 916 quidem
1541 858 1637 901 Cae-

79 933 149 960 sar
169 919 344 976 egisset,
365 933 452 961 non
471 933 536 971 ea,
553 933 650 975 quae
666 918 880 959 Caesarem
893 917 1034 973 egisse
1047 916 1227 959 dixisset
1239 916 1470 958 Antonius.
1507 913 1637 958 Unde

79 975 166 1017 ista
183 976 439 1033 erumpunt?
470 990 557 1032 quo
579 982 754 1018 auctore
774 974 1067 1031 proferuntur?
1099 973 1136 1015 si
1163 980 1264 1015 sunt
1292 972 1416 1025 falsa,
1445 987 1522 1014 cur
1540 987 1635 1029 pro-

79 1032 264 1075 bantur?
295 1034 330 1076 si
350 1047 464 1085 vera,
486 1047 561 1074 cur
582 1032 823 1074 ¹¹veneunt?
873 1031 933 1072 At
949 1031 1012 1072 sic
1028 1031 1261 1087 placuerat,
1283 1036 1343 1080 ut,
1364 1044 1418 1072 ex
1431 1029 1635 1072 Calendis
1653 1029 1709 1071 55
1724 1017 1838 1073 decio·

78 1088 237 1140 Juniis,
257 1090 311 1132 de
332 1089 517 1132 Caesaris
539 1089 646 1131 actis
675 1104 772 1130 cum
800 1088 980 1130 consilio
1008 1087 1344 1144 cognosceretis.
1399 1086 1534 1135 ¹Quod
1554 1085 1638 1128 fuit

79 1146 335 1189 consilium?
366 1161 496 1203 quem
522 1161 712 1202 unquam
735 1145 988 1188 advocasti?
1019 1159 1126 1201 quas
1157 1143 1372 1186 Calendas
1393 1142 1543 1185 Junias
1564 1157 1637 1186 ex-

79 1203 320 1259 spectasti?
350 1218 407 1245 an
437 1218 524 1255 eas,
555 1204 610 1244 ad
639 1217 746 1259 quas
777 1209 835 1254 te,
866 1201 1101 1258 peragratis
1122 1208 1418 1243 veteranorum
1439 1199 1637 1251 coloniis,
1654 1210 1689 1232 ³0
1708 1208 1745 1226 '³‘
1767 1198 1774 1219 ²

71 1259 290 1317 stipatum
322 1260 450 1302 armis
479 1259 695 1302 retulisti?
754 1258 793 1300 O
826 1259 1077 1315 pra-:claram
1106 1257 1221 1299 illam
1253 1257 1639 1314 ipercursationem

80 1319 199 1358 tuam
225 1331 372 1359 mense
401 1316 540 1373 Aprili
561 1323 690 1373 atque
719 1315 856 1366 Maio,
887 1322 993 1367 tum,
1024 1314 1122 1356 cum
1141 1314 1273 1356 etiam
1293 1314 1487 1370 Capuam
1507 1313 1637 1356 dedu-
1655 1314 1712 1357 60

70 1387 176 1415 cere
198 1374 415 1416 coloniam
433 1379 614 1416 conatus
634 1373 703 1414 es!
755 1371 1128 1420 Quemadmodum
1144 1370 1265 1412 illinc
1282 1370 1454 1423 abieris,
1473 1371 1542 1413 vel
1563 1385 1638 1427 po-

79 1428 166 1471 tius
185 1429 309 1487 paene
330 1445 417 1472 non
437 1430 608 1479 abieris,
630 1430 813 1480 scimus3
845 1429 940 1470 kcui
971 1435 1019 1470 tu
1049 1427 1142 1470 urbi
1173 1427 1396 1469 minitaris.

81 1500 251 1539 conere,
271 1493 320 1529 ut
339 1487 573 1544 aliquando
594 1487 700 1528 illud
721 1485 896 1540 “poene''
916 1486 1102 1527 tollatur.

1458 1427 1638 1469 Utinam

1162 1484 1223 1526 At
1243 1483 1373 1541 quam
1394 1484 1552 1526 nobilis
1572 1490 1640 1526 est
1701 1528 1721 1533 „

79 1549 157 1584 tua
177 1543 249 1585 illa
264 1543 569 1601 peregrinatio!
631 1543 747 1592 Quid
764 1542 1038 1599 prandiorum
1053 1547 1296 1600 apparatus,
1312 1540 1418 1597 quid
1433 1540 1638 1583 furiosam
1655 1552 1714 1583 ρκ’]
1730 1572 1758 1580 ,‚
1777 1544 1826 1573 ‘'¹“

78 1599 361 1648 vinolentiam
380 1608 498 1642 tuam
515 1599 750 1656 proferam?
780 1606 854 1640 tua
873 1599 956 1640 ista
977 1595 1232 1640 detrimenta
1250 1604 1366 1649 sunt,
1386 1598 1461 1639 illa
1477 1604 1637 1640 nostra.

82 1657 248 1719 Agrum
263 1656 547 1714 Campanum,
568 1656 663 1713 (qui
682 1656 780 1698 cum
802 1656 856 1697 de
878 1655 1163 1711 vectigalibus
1185 1654 1461 1706 eximebatur,
1492 1661 1542 1696 ut
1560 1651 1641 1695 mi-

82 1713 232 1756 litibus
252 1714 437 1766 daretur,
468 1719 612 1755 tamen
644 1713 781 1770 infligi
817 1726 1022 1768 magnum
1052 1711 1298 1767 reipublicae
1318 1710 1487 1752 'vulnus
1518 1717 1640 1767 puta-

80 1769 253 1823 bamus)
283 1770 400 1812 hunc
428 1777 476 1812 tu
506 1769 882 1826 compransoribus
912 1769 998 1810 tuis
1030 1774 1074 1810 et.
1094 1766 1381 1819 collusoribus
1400 1766 1640 1809 dividebas.
1700 1808 1705 1810 ,

82 1826 243 1869 Mimos
263 1827 362 1869 dico
383 1833 427 1869 et
445 1827 611 1876 mimas,
635 1827 687 1868 P.
704 1826 756 1868 C.
775 1825 821 1866 in
841 1839 944 1882 agro
967 1825 1188 1880 Campano
1210 1824 1464 1866 collocatos.

74 1883 168 1946 jam
186 1899 338 1942 querar
357 1883 411 1927 de
440 1898 543 1941 agro
566 1882 806 1926 Leontino?
837 1881 1190 1946 quandoquidem
1212 1881 1280 1922 hae
1303 1880 1521 1937 quondam
1550 1895 1643 1922 ara·
1660 1879 1799 1925 702³&oe>

1523 1824 1641 1872 Quid

81 1947 238 1994 tiones,
276 1940 499 1998 Campana
536 1947 580 1983 et
619 1939 844 1992 Leontina,
885 1954 930 1981 ln
968 1932 1117 1996 pouli
1156 1937 1343 1980 Romani
1383 1936 1641 1994 patrimonio

81 2039 357 2097 ‘’repudidstz‘.
418 2043 526 2082 Εαῑίἂ
543 2055 689 2082 umore.

244 2097 263 2121 ¹¹
271 2097 494 2140 venduntu
501 2112 534 2140 r.

125 2211 180 2242 42.
202 2208 329 2240 Sororem
351 2208 463 2249 mmm]
517 2208 594 2239 Erat
607 2207 670 2238 filia
686 2207 723 2238 C.
741 2206 842 2238 Auto-

82 2252 138 2287 nii,
165 2252 219 2294 qui
245 2258 369 2293 patruus
395 2258 461 2283 erat
489 2251 581 2292 liujus
604 2251 753 2288 Antonii;
787 2261 843 2292 pa-

85 2295 200 2333 trueles
223 2296 305 2326 enim
332 2295 440 2325 fratres
462 2294 512 2325 vel
543 2304 660 2325 sorores
685 2298 772 2329 sunt,
800 2294 845 2324 ait

84 2335 192 2376 Qus,
207 2339 274 2380 qui,
289 2348 412 2380 quaeve,
431 2348 468 2369 ex
480 2337 601 2368 duobus
613 2337 756 2368 fratribus
772 2346 843 2378 pro-

83 2388 280 2424 generantur.

128 2426 182 2457 51.
217 2426 265 2456 Ad
291 2424 485 2465 chirographa
512 2421 686 2462 redeamus]
734 2422 844 2454 Chiro-

86 2470 239 2510 graphurn
262 2474 310 2500 est
327 2469 447 2509 privata
469 2467 574 2498 cautio
597 2476 690 2496 manu
713 2465 844 2506 alicujus

87 2512 139 2543 vel
167 2512 291 2553 scripta,
318 2511 368 2542 vel
396 2510 581 2551 subscripta.
624 2508 776 2550 Loquitur
801 2509 842 2540 de

87 2555 301 2597 chirographis
315 2555 379 2591 hic,
394 2564 462 2596 quae
479 2554 556 2584 salso
572 2552 703 2583 Caesaris
717 2551 842 2583 nomine

112 2598 225 2628 rotulit.

87 2608 109 2640 p
131 2643 184 2673 55.
207 2640 489 2682 Arsicplameran]
515 2638 703 2680 Occupatio,
727 2649 796 2680 quae
812 2638 845 2668 sit

90 2685 130 2716 ab
146 2684 215 2725 ipso
229 2683 396 2716 Cicerone.

134 2728 187 2758 60.
218 2726 350 2767 Capuam
376 2726 543 2768 colonam]
589 2725 689 2756 Ridet
710 2723 845 2755 Antoni-

89 2782 155 2807 um,
177 2770 243 2812 qui,
264 2768 334 2800 crim
357 2769 499 2811 Capuam
521 2768 674 2801 coloniam
688 2768 845 2798 deducere

88 2813 183 2846 vellet
208 2824 246 2845 ex
272 2812 423 2845 veteranis
451 2812 609 2854 militibus,
638 2812 657 2843 ἂ
687 2809 846 2851 Capuanis

748 2039 920 2093 ‘stupra

595 2096 968 2152 ³pe›·c1g2·atione1n..

982 2045 1085 2079 gouz·
1105 2052 1155 2079 ea
1175 2043 1226 2079 tu
1246 2040 1362 2079 solus
1382 2039 1642 2091 cognovisti?

1030 2095 1189 2149 qucali.
1251 2094 1488 2144 ¹dapmum.

885 2217 948 2237 non
964 2205 1062 2238 solum
1077 2205 1263 2248 prohibitus,
1286 2205 1340 2237 sed
1356 2204 1447 2248 paene
1461 2205 1643 2238 interfectus

886 2255 944 2282 est.

1649 1599 1838 1673 a

1663 1812 1775 1842 ‘'Jerfilss*
1794 1809 1838 1866 —37‘

1785 1938 1838 1974 fiQ?

930 2295 983 2324 63.
1007 2291 1093 2323 Ριεηέ
1107 2292 1254 2333 tollatur]
1290 2291 1385 2323 Paene
1397 2283 1516 2323 occisus
1525 2296 1572 2323 est
1581 2292 1644 2324 Ca-
1671 2280 1679 2290 ’

887 2347 957 2377 puae
970 2335 1141 2367 Antonius:
1166 2341 1255 2377 optat
1268 2340 1301 2366 ut
1314 2335 1391 2366 illud
1406 2335 1540 2375 “wenc''
1555 2335 1644 2366 tolla-

886 2385 946 2415 tur,
961 2385 993 2410 et
1007 2379 1205 2410 interficiatur
1218 2377 1385 2410 Antonius.

930 2424 983 2453 66.
1005 2422 1122 2464 Agrum
1138 2421 1348 2464 Campanum]
1376 2421 1556 2462 Campanus
1571 2432 1644 2463 ager

887 2465 1029 2508 publicus
1054 2472 1086 2496 et
1113 2465 1274 2505 vectigalis
1297 2469 1381 2503 erat;
1418 2474 1512 2505 quem
1540 2470 1644 2495 tamen

885 2508 1043 2540 Antonius
1057 2508 1197 2539 dividere
1211 2508 1358 2538 militibus
1372 2507 1523 2539 veteranis
1536 2507 1645 2544 voluit,

888 2558 922 2582 ut
937 2552 994 2582 sibi
1009 2551 1151 2582 addictos
1162 2551 1302 2582 haberet.
1627 2584 1633 2591 1

930 2596 985 2625 70.
1007 2595 1087 2636 Agra
1102 2594 1269 2635 Leontium]
1314 2592 1401 2634 Ager
1415 2591 1585 2623 Leontinus
1596 2596 1646 2622 est

890 2638 921 2668 in
938 2637 1057 2674 Sicilia,
1079 2648 1173 2677 quem
1188 2638 1283 2668 Sexto
1297 2636 1425 2672 Clodio,
1447 2645 1502 2666 suo
1517 2634 1646 2666 dicendi

888 2681 1046 2721 magistro,
1060 2681 1159 2711 dedit.

930 2725 985 2754 71.
1006 2723 1045 2754 In
1056 2734 1121 2764 pop.
1138 2722 1222 2753 Rom.
1239 2720 1439 2762 patrimonio]
1485 2719 1645 2757 Quamdiu

887 2766 932 2797 illi
955 2766 1020 2809 agri
1040 2767 1073 2799 in
1096 2765 1204 2808 populi
1227 2764 1364 2796 Romani
1378 2762 1562 2806 patrimonio
1578 2763 1646 2795 fue-

888 2815 970 2842 runt.

1180 2850 1207 2891 2
1232 2862 1246 2890 1
1268 2849 1295 2890 2
