1858 3095
702 173 752 206 ΙΝ
778 172 994 206 PISONEM.

71 251 152 293 Cn.
191 249 398 307 Pompeio
431 256 606 290 auctore
641 255 685 289 et
727 249 820 303 ejus
855 247 1077 289 sententian
1110 246 1316 303 principe,
1351 252 1413 298 ut,
1454 249 1491 288 si
1530 252 1630 302 quis·

65 310 304 362 impedisset
327 307 506 347 reditum
532 320 682 353 nicam,
713 308 759 345 in
779 307 965 345 loos-tium
988 320 1164 345 nunwrn
1189 310 1454 358 putaretur.-
1488 304 1629 360 iisque

69 365 208 406 verbis
230 379 281 406 ea
301 364 352 405 de
384 377 450 403 me
488 361 660 402 senatus
695 360 929 402 auctoritas
966 361 1183 402 declarata
1215 368 1294 410 est,
1316 367 1364 401 ut
1393 360 1551 401 nemini
1575 361 1630 401 sit

71 421 312 476 triumphus
348 417 716 468 honorificentius,
737 417 867 473 quam
897 418 999 457 mihi
1036 418 1150 459 salus
1185 417 1482 473 restitutioque
1509 424 1632 473 cper-

73 477 248 533 scripta.

310 475 377 516 De
399 490 466 516 me
488 474 585 516 cum
613 488 760 515 omnes
794 475 1067 527 magistratus
1100 473 1459 529 promulgassent,
1481 481 1633 529 praetet
1649 468 1704 507 55

72 547 205 574 unum
243 540 482 588 praetorem,
516 531 560 583 (31
595 546 680 586 quo
716 531 833 572 “non
866 531 947 571 suit
986 530 1311 586 postulandum)
1346 529 1518 570 fratrem
1553 529 1634 570 ini-

72 589 172 630 mici
209 588 308 639 mei‚
348 596 585 650 praeterque
626 588 734 628 duos
771 587 824 627 de
860 587 1000 641 lapide
1037 594 1203 640 emptos
1245 585 1438 625 tribunos
1480 585 1633 641 plebis,

71 646 213 701 legem
253 645 439 686 comitiis
476 644 726 685 centuriatis
754 644 854 683 tulit
890 643 939 683 P.
963 643 1165 682 Lentulus
1198 642 1348 682 consul
1381 641 1434 681 de
1457 642 1634 697 collegae

72 703 128 748 Q.
162 700 332 742 Metelli
386 700 628 750 sententi513
677 714 806 754 quem
846 712 1014 740 mecum
1053 698 1203 737 eadem
1243 697 1498 752 respublica,
1540 712 1635 753 quae

72 757 116 797 in
157 757 376 798 tribunatu
417 758 509 812 ejus
544 757 824 810 disjunxerat,
860 755 903 795 in
940 754 1164 795 consulatu
1204 752 1360 794 virtute
1397 754 1548 809 optimi
1585 768 1636 795 ac
1654 749 1709 789 60

65 813 298 869 justissimi
332 813 425 863 viri,
460 812 774 868 sapientiaque,
816 811 1053 866 conjunxit.

74 869 176 910 dum
210 876 393 931 accepta
431 868 500 918 sit,
542 867 646 922 quid
683 882 749 908 me
783 867 939 908 attinet
970 866 1143 907 dicere?

75 925 232 966 nemini
278 939 362 965 civi
413 925 556 974 ullam,
603 923 833 979 quominus

1114 809 1221 857 Quae
1257 810 1326 850 lex
1361 810 1638 865 quemadmo-

1223 865 1290 906 Ex
1336 866 1456 908 vobis
1492 867 1637 918 audio,

879 924 1066 974 adesset,
1098 920 1201 964 satis
1243 923 1407 978 justam
1462 938 1638 964 excusa-

74 981 238 1022 tionem
280 995 376 1021 esse
422 980 587 1030 visam3
638 979 764 1020 nullis
803 980 989 1020 comitiis
1029 993 1228 1034 unquam,
1261 994 1399 1034 neque
1445 979 1638 1020 multitu-

75 1036 221 1078 dinem
254 1037 479 1078 hominum
511 1043 689 1082 tantam,
723 1051 862 1092 neque
896 1036 1168 1091 splendorem
1203 1035 1359 1076 fuisse:
1404 1036 1486 1077 hoc
1522 1035 1636 1076 certe
1656 1030 1709 1070 65

73 1093 200 1134 video
239 1093 374 1149 (quod
407 1093 604 1134 indicant
631 1093 787 1133 tabulae

819 1093 1035 1148 publicae),
1058 1106 1134 1132 vos
1167 1099 1401 1147 rogatoreS,
1429 1106 1504 1133 vos
1541 1091 1641 1132 diri-

75 1149 251 1200 bitores,
281 1164 358 1190 vos
403 1149 608 1190 custodes
652 1148 784 1189 fuisse
830 1149 1093 1190 tabularum:
1143 1156 1199 1198 et,

1231 1148 1346 1204 quod
1389 1149 1432 1188 in
1469 1149 1639 1189 honori-

77 1206 158 1247 bus
194 1213 430 1248 vestrorum
463 1205 796 1262 propinquorum
832 1220 919 1247 non
952 1205 1110 1255 facitis,
1130 1205 1198 1246 vel
1227 1204 1366 1246 aetatis
1401 1205 1639 1247 excusatio-

357 1433 373 1450 ς
386 1427 568 1469 decreta.

121 1652 174 1683 51.
205 1651 357 1683 Sententia:
380 1653 539 1694 principa]
585 1653 738 1693 Princeps
767 1663 838 1683 sen-

77 1695 185 1726 tentiae
196 1695 319 1732 dicitur,
329 1696 384 1736 qui
394 1696 509 1736 primus
521 1706 589 1726 eam
600 1696 732 1735 aperuit,
745 1706 838 1736 quam

78 1747 150 1778 pars
167 1738 296 1768 maxima
313 1737 500 1778 reliquorum
515 1738 664 1779 sequitur.
710 1738 840 1768 Censuit

81 1779 153 1811 vero
186 1780 366 1820 Pompeius,
393 1780 578 1811 Ciceronem
605 1787 671 1811 tuin
703 1780 840 1817 senatus,

82 1828 147 1852 tum
163 1824 484 1863 populi,.auctoritate
497 1824 704 1854 revocandum
720 1833 799 1855 esse.

121 1867 174 1896 55.
222 1866 326 1896 Omnes
362 1868 554 1907 magistratus
582 1866 841 1907 promulgassent]

83 1906 284 1948 Promulgare
298 1908 381 1938 aliud
396 1909 473 1939 nihil
489 1915 548 1944 est,
560 1909 654 1948 quzim
670 1909 772 1949 legem
789 1919 844 1949 per

81 1950 294 1981 trinundinum
318 1951 443 1990 publice
459 1951 625 1992 legendam
639 1951 757 1992 populo
771 1962 842 1992 pro-

82 2002 223 2032 ponere;
244 1992 364 2024 tantum
388 1999 490 2025 autem
515 1995 554 2024 ad
581 1999 727 2034 praetores
743 2000 776 2024 et
791 1994 843 2024 tri-

82 2035 183 2065 bunos
199 2035 299 2075 legem
320 2036 516 2077 promulgare
530 2037 689 2077 pertinuit.

122 2078 176 2108 56.
204 2077 303 2108 Unum
314 2079 491 2119 ρνιειοτεῃι.]
524 2079 667 2119 Appium
683 2078 842 2115 Clodium,

83 2119 209 2150 fratrem
225 2119 306 2150 Pub.
319 2120 436 2151 Clodii.

124 2163 176 2192 57.
214 2161 379 2202 Praeterque
406 2162 506 2202 duos]
553 2163 680 2193 Sextum
697 2163 842 2194 Attilium

83 2204 263 2240 Serranum,
278 2210 311 2235 et
324 2205 421 2235 Nuiu.
436 2204 612 2241 Quintium.

125 2246 174 2277 Ib.
199 2247 246 2277 De
260 2248 355 2286 lapide
369 2247 498 2288 emptos]
544 2246 585 2277 Id
601 2253 662 2286 est,
684 2254 843 2289 corruptos

81 2289 237 2330 pecunia:
262 2289 374 2320 alludit
400 2295 505 2320 autem
521 2291 558 2321 ad
575 2290 646 2321 illos
674 2301 843 2331 praecones,

83 2331 149 2372 qui,
167 2332 196 2362 iu
213 2332 318 2372 lapide
334 2338 461 2368 stantes,
484 2333 642 2363 auctiones
669 2334 842 2373 proclama-

84 2374 170 2409 bant,
186 2375 236 2405 vel
261 2375 301 2405 ad
323 2375 392 2405 illos
416 2385 520 2405 servos
545 2376 725 2412 venalicios,
742 2377 843 2418 quiin

82 2416 138 2447 illo
154 2416 261 2458 lapide
277 2418 466 2449 insidebant.

127 2461 181 2490 58.
209 2459 338 2490 Comitiis
363 2460 565 2501 centuriatis]
611 2461 745 2492 Comitia
769 2472 844 2492 cen-

83 2501 198 2532 turiata
221 2503 415 2538 dicebantur,
442 2503 473 2533 in
502 2504 613 2544 quibus
642 2505 786 2545 populus,
813 2505 845 2534 in

86 2551 212 2574 centum
238 2551 353 2576 turmas
379 2546 497 2576 divisus
520 2557 559 2576 ex
579 2557 674 2578 censu
695 2552 727 2578 et
741 2551 846 2582 aetate.

85 2586 267 2628 suffragium
288 2588 418 2619 ferebat.

130 2630 183 2659 59.
222 2630 258 2664 Q.
287 2630 427 2671 Metelli]
476 2631 626 2662 Metellus
651 2631 717 2671 illc,
746 2632 844 2662 affinis

89 2669 215 2707 Clodio,
231 2671 301 2703 cum
326 2674 466 2704 tribunus
490 2679 584 2712 esset,
599 2674 699 2715 legem
722 2675 791 2705 tulit
806 2676 845 2705 de

87 2715 264 2745 revocando
287 2715 318 2746 in
341 2716 465 2746 Italiam
488 2716 643 2758 Pompeio
668 2728 738 2747 cuin
763 2728 848 2748 exer-

87 2756 174 2785 citu:
198 2757 477 2807 ³‘?‘¹.¹¹!¹³?.⁰b⁵‘l‘²‘
492 2759 602 2792 Cicero
618 2760 737 2794 consul.
768 2760 848 2792 Inde

92 2803 206 2830 exortae
221 2806 399 2833 mimicitiae.

805 1425 822 1450 ‘³
836 1428 948 1468 nihil
958 1428 1058 1483 fuit
1077 1428 1353 1481 sperandwn.

925 1656 978 1684 60.
1020 1653 1135 1684 Virtute
1156 1654 1286 1695 optimi]
1344 1651 1475 1685 Publius
1499 1653 1644 1686 Servilius

882 1696 1050 1726 Metellum
1062 1707 1132 1726 cum
1146 1697 1298 1728 Cicerone
1310 1697 1410 1728 adhuc
1424 1697 1583 1729 exsulante
1597 1709 1644 1729 re-

881 1739 1070 1770 conciliavit.

928 1782 982 1813 61.
1008 1781 1080 1816 Qnae
1095 1782 1166 1822 lem]
1213 1782 1278 1812 Lex
1295 1783 1334 1813 de
1351 1794 1406 1813 suo
1422 1784 1534 1819 reditu,
1551 1794 1645 1825 quam

886 1824 958 1854 tulit
971 1824 1008 1854 P.
1028 1824 1197 1862 Lentulus;
1224 1826 1263 1855 de
1281 1826 1319 1855 ea
1333 1827 1400 1857 fuse
1417 1826 1534 1858 dictum
1550 1827 1646 1857 estin

888 1866 1038 1897 Oratione
1052 1877 1106 1907 pro
1119 1867 1236 1897 Sextio.

931 1910 984 1940 62.
1011 1909 1091 1944 Quid
1103 1921 1145 1940 me
1160 1912 1264 1940 attinet
1277 1911 1369 1941 dicere
1381 1912 1408 1952 ?]
1455 1910 1589 1950 certius,
1607 1911 1646 1940 de

886 1952 922 1982 iis
939 1963 1008 1992 quae
1033 1963 1088 1993 pro
1113 1963 1151 1983 eo
1177 1955 1355 1983 revocando
1381 1955 1464 1985 facta
1487 1959 1569 1989 sunt,
1585 1953 1647 1983 dici

885 1995 925 2024 ab
941 1995 1019 2031 aliis,
1036 1995 1130 2036 quain
1146 1996 1185 2026 ab
1201 2007 1239 2026 eo
1253 2002 1366 2037 potest,
1383 1997 1454 2027 cum
1469 1996 1580 2027 absens
1596 2007 1649 2026 ex-

886 2038 1012 2068 sularet.

929 2081 982 2110 64.
1006 2079 1404 2122 Nulliscomitiisunquam.]
1436 2082 1482 2112 Ex
1499 2081 1648 2111 Oratione

885 2132 941 2162 pro
958 2122 1062 2152 Domo
1077 2123 1133 2153 sua
1147 2129 1280 2159 constat,
1299 2123 1399 2154 Nullis
1420 2135 1547 2164 unquam
1563 2125 1650 2154 comi-

887 2166 936 2195 tiis
952 2164 1093 2204 Campum
1115 2165 1261 2196 DIartium
1278 2167 1362 2196 tanta
1383 2168 1554 2202 celebritate,
1568 2171 1651 2196 tantu

886 2208 1032 2246 splendore
1051 2210 1140 2238 omnis
1157 2210 1270 2248 generis
1287 2209 1444 2246 horminum,
1459 2215 1588 2245 oetutnm,
1604 2219 1650 2239 or-

887 2251 1003 2288 dinum,
1011 2250 1156 2291 flm-uisse.

932 2295 984 2323 66.
1023 2292 1140 2323 Tabulae
1164 2293 1312 2334 pamiae]
1363 2293 1595 2325 Referebantur
1617 2294 1650 2324 in

887 2335 1008 2365 tabulas
1033 2345 1236 2377 quaecunique
1262 2343 1350 2377 gesta
1373 2343 1478 2367 essent
1499 2339 1533 2368 in
1555 2336 1652 2367 comi-

887 2378 960 2415 tiis;
984 2388 1103 2418 eaeque,
1120 2385 1276 2419 tamquam
1298 2379 1429 2420 publicae
1445 2380 1518 2411 fidei
1541 2380 1657 2410 instru-

889 2427 1006 2456 menta,
1019 2421 1266 2451 asservabantur.

931 2462 980 2493 lb.
1008 2463 1059 2493 Vos
1081 2464 1255 2505 rogatores]
1304 2464 1476 2506 Rogatores
1499 2464 1651 2506 appellat,

888 2505 942 2547 qui
959 2505 1118 2536 Ciceronis
1139 2507 1271 2537 reditum
1290 2508 1439 2548 populum
1456 2511 1651 2549 rogaverunt.

933 2548 983 2578 lb.
1000 2549 1201 2589 Diribitores.]
1231 2549 1416 2582 Diiibitores
1427 2551 1584 2586 dicuntur,
1598 2549 1652 2588 qui

890 2591 1012 2622 tabulas
1032 2592 1245 2632 suffragiorum
1273 2593 1391 2634 populo
1414 2604 1470 2634 per
1495 2592 1652 2623 centurias

889 2633 990 2663 diviso
1006 2634 1204 2665 distribuunt.

933 2676 987 2707 67.
1005 2676 1166 2717 Custodes]
1200 2676 1355 2708 Custodes
1371 2688 1424 2708 seu
1441 2678 1652 2710 observatores

892 2717 1092 2760 illisunt,qui
1102 2721 1239 2750 actiones
1255 2725 1376 2755 notant,
1392 2720 1653 2758 animadvertunt,

892 2761 1044 2802 quasique
1070 2762 1280 2802 speculantur,
1297 2772 1337 2792 ne
1357 2762 1431 2803 quid
1455 2763 1572 2795 fraudis
1596 2765 1652 2796 ad-

894 2803 1033 2835 mittatur
1047 2804 1079 2835 in
1094 2804 1309 2846 suffragiorum
1324 2805 1552 2838 distributione.

1627 170 1711 215 267
