1838 3017
730 128 991 164 PfflLu‘ch
1016 130 1064 162 11.
1664 132 1746 177 414.¹

113 200 257 250 Quid?
288 201 336 243 C.
359 201 550 252 Cassius,
581 200 623 243 in
645 203 696 244 eii
718 202 881 245 famili-a
903 208 1042 253 natus,
1075 215 1170 258 quae
1197 214 1282 243 non
1313 201 1441 244 modo
1471 203 1666 246 domina-

108 263 214 309 tum,
237 259 313 300 sed
330 273 383 300 ne
397 258 633 315 potentiam
650 260 826 316 quidem
839 260 1103 316 cujusquam,
1125 259 1230 300 ferre
1246 259 1403 321 potuit,
1427 274 1494 301 me
1516 268 1664 302 aucto-

111 328 199 356 rem
214 316 378 370 (credo)
393 315 676 367 desideravit3
708 318 797 373 qui,
814 317 943 358 etiam
957 315 1048 356 sine
1067 316 1132 357 his
1154 315 1401 357 clarissimis
1417 316 1533 366 viris,
1549 316 1662 358 hanc

109 385 195 412 rem
214 371 258 412 in
279 371 449 422 Cilici-21,
482 372 534 412 ad
558 373 715 414 ostium
737 373 923 414 fluminis
946 372 1102 428 Cydni,
1136 372 1408 422 confecisset,
1441 373 1474 414 si
1507 373 1575 413 ille
1604 373 1658 416 ad

107 441 202 468 eam
218 427 248 468 ri
282 443 366 478 am,
390 442 518 484 quam
537 430 832 482 constituerat,
855 444 940 471 nou
962 430 1015 471 ad
1034 428 1303 479 contrariam,
1325 443 1454 470 naves
1471 429 1656 486 appulis-
1674 436 1730 478 60

106 491 183 525 set.
245 443 322 525 Cn.
346 484 584 526 Domitium
600 500 686 527 non
703 487 833 542 patris
847 486 1059 537 interitus,
1077 485 1302 527 clarissimi
1321 486 1410 535 viri,
1427 500 1512 527 non
1525 500 1656 527 avun-

106 539 190 582 culi
210 555 338 592 mors,
366 555 451 582 non
474 542 673 597 spoliatio
695 543 934 598 dignitatis,
966 543 1019 583 ad
1047 541 1380 597 recuperandam
1401 541 1655 594 libertatem,

102 596 179 638 sed
199 611 294 638 mea
314 598 561 650 auctoritas,
583 599 810 641 excitavit?
862 601 931 640 An
955 598 1004 640 C.
1024 597 1237 638 Trebonio
1255 611 1336 652 ego
1355 598 1563 653 persuasi,
1585 599 1655 640 cui

102 667 155 694 ne
175 653 353 695 suadere
375 654 549 710 quidem
577 670 705 696 ausus
741 655 907 697 essem?
940 669 1026 710 quo
1059 653 1189 694 etiam
1216 655 1420 709 majorem
1450 654 1489 695 ei
1510 669 1655 709 respu-

99 708 215 751 blica
230 711 410 766 gratiam
427 712 570 762 debet,
591 712 664 767 qui
686 712 925 753 libertatem
946 709 1090 766 populi
1106 708 1288 750 Romani
1306 710 1430 751 unius
1452 709 1653 752 amicitiae
1672 716 1727 759 65

99 780 186 821 prae
220 768 355 818 osuit;
388 768 673 823 depulsorque
695 767 952 817 dominatus,
967 765 1099 822 quam
1118 765 1345 822 particeps,
1367 781 1461 808 esse
1478 767 1648 808 maluit.

99 822 170 862 An
191 781 235 863 ἶ.
253 823 402 864 Tillius
425 823 599 864 Cimber
618 839 685 864 me
706 831 772 865 est
788 830 1007 865 auctorem
1028 822 1236 864 secutus?
1266 837 1394 879 quem
1416 838 1496 887 ego
1516 821 1653 880 magis

97 877 251 920 fecisse
274 879 389 920 illam
415 895 504 921 rem
530 894 625 921 suin
651 880 900 931 admiratus,
931 879 1064 936 quam
1086 879 1295 920 facturum
1316 887 1487 935 putav13
1519 879 1653 921 admi-

97 943 214 976 ratus
236 950 332 977 sum
353 943 495 978 autem
516 937 570 977 ob
593 951 686 978 eam
708 952 898 988 causam,
930 935 1045 992 quod
1078 935 1301 976 immemor
1328 936 1651 987 beneficiorum,

95 1005 258 1033 memor
284 993 446 1048 patriae,
478 992 641 1034 fuisset.
705 993 820 1041 Quid
842 994 950 1034 duos
973 991 1191 1043 Servilios,
1224 991 1385 1034 Cascas
1409 993 1565 1044 dicam,
1597 1008 1650 1034 an
1670 1000 1725 1041 70

95 1048 289 1089 Ahalas?
321 1056 364 1090 et
383 1049 460 1091 bos
475 1049 729 1090 auctoritate
744 1049 840 1090 mea
855 1063 1006 1091 censes
1024 1049 1234 1090 excitatos
1252 1048 1411 1104 potius,
1433 1049 1564 1105 quam
1579 1064 1652 1092 ca-

91 1103 216 1146 ritate
241 1105 519 1161 reipublicae?
570 1106 764 1162 Longum
795 1114 863 1147 est
888 1105 1085 1162 persequi
1112 1111 1321 1146 caeteros:
1353 1105 1481 1162 idque
1513 1106 1652 1162 reipu-

92 1159 219 1202 blicae
233 1163 496 1217 praeclarum,
513 1162 646 1204 fuisse
660 1171 746 1204 tam
764 1163 936 1210 multos,
952 1163 1056 1218 ipsis
1072 1161 1318 1217 gloriosum.
1353 1163 1426 1212 At,
1446 1162 1650 1218 quemad-

92 1218 268 1259 modum
288 1233 356 1260 me
374 1219 614 1275 coarguerit
629 1219 758 1260 homo
776 1226 944 1269 acutus,
967 1217 1263 1260 recordamini.
1297 1222 1323 1241 “
1336 1218 1504 1260 Caesare
1521 1219 1651 1260 inter-

92 1273 252 1326 secto,’'
283 1275 436 1331 inquit,
459 1279 486 1298 “
502 1275 647 1316 statim
668 1283 891 1317 cruentum
912 1274 995 1316 alte
1012 1275 1220 1315 extollens
1240 1274 1301 1315 M.
1321 1275 1481 1316 Brutus
1499 1276 1651 1332 pugio·
1669 1285 1724 1326 75

91 1344 204 1381 nem,
237 1330 492 1374 Ciceronem
526 1331 778 1372 nominatim
813 1331 1085 1382 exclamavit,
1116 1338 1244 1387 atque
1280 1331 1319 1372 ei
1355 1341 1652 1402 recuperatam

94 1386 333 1430 libertatem
355 1395 421 1430 est
451 1389 730 1444 gratulatus.⁷'
790 1388 878 1430 Cur
906 1388 1011 1430 mihi
1042 1387 1344 1444 potissimum?
1368 1388 1512 1445 gquod
1545 1389 1651 1431 scie-

90 1443 223 1486 bam?
281 1445 395 1486 Vide
414 1460 468 1486 ne
489 1445 561 1486 illa
581 1460 713 1487 causa
733 1445 859 1487 fuerit
878 1444 1119 1502 appellandi
1140 1444 1238 1495 mei,
1269 1443 1398 1502 quod,
1429 1445 1528 1487 cum
1558 1461 1650 1488 rem

91 1500 299 1556 gessisset
311 1501 581 1545 consimilem
597 1502 724 1544 rebus
741 1503 803 1545 eis
817 1516 925 1558 quas
942 1501 1035 1558 ipse
1049 1516 1280 1558 gesseram,
1298 1516 1363 1545 me
1377 1502 1650 1559 potissimum

647 1745 725 1772 ean
743 1735 846 1784 quia
869 1734 1097 1772 noveram?

933 1957 984 1987 Il).
1029 1956 1095 1988 Non
1115 1958 1257 1988 avuncuti
1279 1956 1379 1997 mora]
1426 1956 1583 1988 Domitius
1597 1957 1651 1988 ille

885 2000 991 2041 junior
1007 2001 1191 2032 avunculum
1208 2000 1319 2030 habuit
1342 1999 1495 2030 Catonem
1519 2000 1651 2031 Uticen-

890 2053 966 2078 sem,
988 2041 1078 2083 cujus
1094 2053 1227 2073 sororem
1243 2048 1332 2083 pater
1347 2041 1505 2073 Domitius
1521 2053 1648 2073 uxorem

133 1958 186 1988 56.
219 1957 345 1993 Cassius,
368 1959 401 1987 in
415 1957 448 1989 ed
459 1958 587 1999 familiai
611 1958 722 1999 natus]
769 1958 846 1989 Cas-

87 1999 149 2029 sius
175 1999 282 2030 habuit
311 2000 341 2030 in
366 2001 422 2031 sua
444 2001 561 2032 familia
585 2001 724 2032 Cassium
747 2001 846 2036 illum,

88 2043 142 2082 qui
166 2042 261 2072 filium
284 2043 450 2079 interemit,
474 2043 559 2084 qued
582 2044 613 2074 in
640 2043 845 2084 suspicionem

90 2085 176 2125 regni
193 2085 362 2116 affectandi
375 2086 520 2122 venisset,
543 2086 631 2127 cujus
646 2087 728 2117 bona
741 2085 847 2117 Cereri

90 2129 293 2159 consecravit.
338 2129 422 2159 Vide
439 2129 600 2160 Halicarn.
616 2129 669 2159 lib.
685 2132 716 2160 8.

132 2173 185 2202 58.
218 2171 275 2202 His
294 2172 459 2202 clarissimis
481 2172 576 2212 viris]
626 2172 714 2202 Duos
734 2171 846 2203 Brutos

88 2213 246 2255 intelligit,
272 2214 326 2255 qui
351 2225 421 2246 cum
445 2225 484 2245 eo
508 2215 661 2246 Caesarem
686 2214 849 2245 iuterfece-

88 2262 158 2286 runt
172 2257 204 2286 in
219 2263 339 2287 senatu.

131 2301 186 2331 59.
208 2299 246 2330 In
263 2300 394 2341 Cilica]
441 2299 534 2336 Ciim,
546 2305 617 2341 post
633 2299 842 2331 Pharsalicam

87 2353 236 2383 pugnam.
258 2343 429 2382 fugientem
455 2343 639 2384 Pompeium
668 2343 772 2374 Caesar
795 2353 844 2372 se-

88 2391 246 2426 queretur,
266 2388 306 2416 ad
322 2386 563 2427 Hellespontum
581 2386 733 2427 pervenit,
749 2385 801 2416 ubi
816 2385 846 2415 ci

71 2427 213 2461 VCassius
227 2429 350 2460 obviam
367 2430 479 2465 factus,
502 2429 530 2460 ei
546 2429 743 2470 septuaginta
758 2428 847 2459 trire-

88 2481 154 2502 mes
174 2471 276 2507 dedit,
300 2471 371 2503 cum
394 2472 488 2503 antea
509 2472 550 2503 de
574 2472 788 2504 interficiendo
807 2481 846 2502 eo

92 2512 219 2545 Cassius
231 2515 393 2556 cogitaret.

134 2555 184 2587 Ib.
219 2557 344 2599 Cydni]
389 2558 522 2601 Cydnus
537 2557 648 2589 fluvius
662 2557 753 2588 estin
770 2556 848 2588 Cili-

89 2598 288 2634 dammum
301 2602 406 2632 urbem
419 2600 648 2643 praeterfluens;
664 2600 751 2642 cujus
767 2610 849 2641 aqua

90 2641 292 2682 frigidissima
305 2648 365 2674 est.

133 2686 187 2715 61.
205 2688 261 2717 Gn.
272 2684 462 2728 Domitium]
487 2685 716 2718 Cn.D0mitius
728 2684 853 2716 adoles-

87 2737 163 2758 cens
173 2727 205 2757 in
213 2727 252 2758 ea
260 2729 473 2770 conjuratione
483 2730 552 2762 fuit.
568 2729 644 2770 Ejus
656 2728 852 2771 pater,Pom-

88 2770 197 2813 peium
213 2775 351 2811 secutus,
372 2773 407 2806 in
422 2773 491 2806 acie
502 2772 684 2806 Pharsalica
693 2771 853 2806 occubuit.

890 2086 1039 2124 duxerat;
1063 2085 1191 2116 alteram
1203 2085 1253 2115 M.
1269 2085 1412 2116 Bibulus.

934 2130 985 2159 63.
1011 2128 1058 2158 An
1073 2127 1107 2159 C.
1125 2127 1287 2167 Trebonio]
1326 2127 1498 2158 Trebonius
1514 2128 1616 2159 stabat
1631 2128 1650 2160 ὲ

890 2171 1028 2213 partibus
1041 2170 1181 2206 Caesaris,
1205 2171 1296 2211 eique
1313 2170 1514 2201 amicissimus
1529 2176 1604 2202 erat.

935 2216 987 2245 67.
1032 2213 1068 2243 L.
1086 2213 1190 2244 Tillius
1206 2213 1343 2253 Cimber-J
1390 2214 1511 2243 Seneca
1533 2213 1562 2244 in
1584 2214 1651 2255 epi-

892 2257 978 2287 stolis
995 2257 1035 2286 ad
1053 2257 1206 2286 Lucilium
1223 2257 1277 2290 ait,
1292 2257 1374 2286 lmnc
1390 2255 1548 2286 Cimbrum
1563 2257 1652 2287 vino-

887 2300 1005 2330 lentum
1026 2305 1058 2329 et
1082 2299 1236 2329 ebriosum
1260 2299 1370 2329 fuisse:
1394 2299 1529 2340 huicque
1546 2305 1651 2331 tamen

888 2344 927 2373 de
951 2342 1080 2374 Caesaris
1104 2341 1263 2373 dictatoris
1293 2342 1380 2372 caede
1414 2347 1474 2371 tam
1499 2343 1652 2373 creditam

888 2397 951 2416 rem
965 2396 1044 2422 esse,
1068 2384 1162 2427 qnam
1175 2384 1294 2424 Cassio,
1306 2384 1361 2426 qui
1377 2384 1442 2415 tota
1457 2384 1523 2415 vita
1538 2395 1652 2428 aquam

892 2428 984 2459 bibit.

932 2474 984 2502 ⁷0.
1019 2470 1101 2501 Duos
1114 2469 1274 2511 Servilios]
1320 2469 1357 2500 P.
1381 2470 1528 2501 Servilius
1551 2476 1653 2511 pater.

890 2514 997 2546 consul
1012 2524 1094 2545 anno
1112 2513 1203 2545 Urbis
1219 2515 1295 2550 674,
1318 2514 1504 2555 expugnatis
1527 2513 1651 2544 Isauro-

891 2569 958 2588 rum
971 2556 1096 2599 oppidis
1111 2555 1325 2597 triumphavit,
1349 2561 1381 2586 et
1394 2555 1524 2586 Isaurici
1536 2565 1651 2586 nomen

892 2600 1016 2631 retulit:
1043 2599 1111 2640 ejus
1127 2600 1206 2630 filius
1217 2599 1263 2630 bis
1279 2598 1386 2630 consul
1402 2598 1472 2629 fuit.

937 2645 991 2676 79.
1036 2641 1243 2683 consimilem]
1289 2641 1401 2672 Cicero
1427 2639 1571 2670 liberavit
1593 2650 1652 2681 pa-

894 2687 984 2716 triam
1008 2685 1046 2716 ab
1068 2685 1227 2720 incendio,
1253 2689 1286 2714 et
1307 2683 1327 2712 a
1347 2682 1490 2714 Catilinae
1513 2682 1654 2725 conjura.

896 2729 1001 2773 tione-3
1022 2733 1055 2761 et
1068 2728 1183 2762 Brutus
1196 2728 1216 2758 ’ῑι
1226 2725 1357 2758 Caesaris
1371 2725 1542 2758 dominatu.

1230 2816 1313 2854 ze
