1790 3090
172 192 257 234 248

869 195 921 229 IN
949 196 1163 230 PISONEM.

249 261 529 315 noviciorum,
549 263 712 304 factum
732 277 826 305 esse
847 267 1095 308 consulem:
1127 281 1212 308 non
1233 268 1346 309 enim
1373 282 1452 310 nos
1475 270 1593 311 color
1610 271 1692 313 iste
1713 285 1790 313 ser-

247 318 360 370 vilis,
392 334 478 359 non
509 319 660 374 pilosae
691 334 827 375 genae,
855 337 942 363 non
977 324 1128 364 dentes
1164 324 1322 379 putridi
1355 325 1642 381 deceperunt3
1672 328 1790 379 oculi,

203 374 488 430 5supercilia‚
523 375 655 427 frons,
689 377 832 418 vultus
865 379 1050 434 denique
1082 386 1213 430 totus,
1245 381 1317 436 qui
1353 397 1489 423 sermo
1525 383 1700 437 quidam
1733 391 1790 425 ta·

248 430 359 471 citus
394 431 548 472 mentis
583 439 663 483 est,
698 432 770 474 hic
808 434 852 473 in
882 435 1098 476 bfraudem
1137 436 1332 478 homines
1372 438 1567 494 impulit:
1598 439 1671 480 hic
1706 454 1790 490 eos,

246 486 402 541 quibus
442 502 534 528 eras
582 487 772 543 ignotus,
821 489 1006 546 decepit,
1054 492 1221 543 fefellit,
1270 493 1451 535 induxit.

245 548 320 583 tua
356 543 566 584 lutulenta
595 544 701 585 vitia
739 559 1017 598 noveramus;

244 611 406 652 porem‚
443 599 797 656 debilitatemque
837 602 1010 658 linguae.

1530 495 1665 536 Pauci
1713 495 1790 536 ista

1050 549 1175 602 pauci
1215 549 1458 590 tarditatem
1497 550 1674 606 ingenii,
1710 558 1790 592 stu·

1072 603 1303 660 Nunquam
1335 613 1426 646 erat
1455 607 1599 648 audita
1629 616 1714 649 vox
1751 607 1790 648 in

174 655 227 697 10
245 653 363 706 foro;
393 670 612 711 nunquam
654 658 891 712 periculum
926 659 1087 700 factum
1119 660 1316 713 consilii3
1344 661 1508 702 nullum
1541 677 1628 704 non
1667 662 1790 704 modu

241 710 420 762 illustre,
453 713 529 753 sed
563 728 616 755 ne
648 720 796 754 notum
832 715 1005 770 quidem
1036 717 1211 768 sactum,
1245 724 1320 758 aut
1357 718 1520 758 militiae
1555 726 1630 760 aut
1664 719 1790 761 domi.

241 766 507 824 cObrepsisti
536 770 590 810 ad
621 769 803 811 honores
834 786 970 813 errore
1000 772 1236 825 hominum,
1257 774 1631 816 commendatione
1659 775 1790 816 fumo-

241 837 383 866 sarum
415 825 674 881 imaginum3
706 841 882 881 quarum
918 828 1055 870 simile
1091 830 1225 870 habes
1256 830 1363 871 nihil
1403 838 1557 886 praeter
1592 832 1790 873 colorem.

242 878 285 920 Is
308 880 411 920 mihi
434 881 564 922 etiam
585 881 852 936 gloriabitur,
867 898 911 924 se
929 899 1075 926 omnes
1090 886 1364 942 magistratus
1379 886 1472 927 sine
1489 887 1659 943 repulsa
1681 902 1790 928 asse-

170 937 222 978 15
240 936 416 976 cutum?
449 936 562 976 Mihi
581 937 665 978 ista
684 937 788 979 licet
807 940 859 979 de
876 955 944 981 me
960 941 1061 982 vera
1080 956 1178 982 cum
1200 942 1337 998 gloria
1356 943 1605 998 praedicare:
1643 958 1790 984 omnes

239 991 354 1031 enim
370 992 386 1015 ‘¹
400 991 583 1032 honores
603 994 784 1048 populus
807 994 1028 1037 Romanus
1050 998 1154 1037 mihi
1174 998 1271 1053 ipsi,
1292 999 1455 1039 homini
1477 1014 1604 1051 novo,
1625 1000 1790 1040 detulit·⁴

238 1045 365 1097 Nam,
386 1053 434 1089 tu
456 1049 555 1089 cum
573 1054 759 1104 quaestor
779 1065 823 1091 es
844 1051 998 1103 factus,
1020 1053 1150 1093 etiam
1170 1053 1243 1108 qui
1273 1060 1314 1094 te
1346 1069 1565 1110 nunquam
1585 1055 1790 1106 viderant,

237 1110 381 1146 tamen
413 1104 533 1146 illum
565 1105 771 1147 honorem
801 1107 963 1149 nomini
991 1110 1281 1150 emandabant
1303 1117 1394 1152 tuo.

235 1273 457 1317 berrorem.
559 1282 575 1300 ⁶
576 1280 812 1329 prevenisti
834 1278 959 1320 clam.

233 1488 345 1519 Strabo
361 1489 416 1527 ait,
431 1490 485 1522 lib.
501 1494 532 1524 7.
550 1497 582 1522 et
599 1503 660 1532 prae
673 1491 791 1524 caeteris
807 1492 985 1523 nationibus

232 1532 300 1561 nati
314 1532 439 1562 fuerunt
457 1535 496 1564 ad
522 1535 700 1566 servitutem
723 1534 806 1575 Syri,
821 1535 939 1571 Jvudaei,
955 1541 987 1565 et

234 1574 455 1614 Cappadoces,
467 1581 500 1607 ut
516 1577 592 1618 dixit
603 1577 739 1608 Orat.de
750 1577 893 1609 Provinc.
904 1578 987 1609 Con-

233 1616 291 1648 sul.
322 1617 462 1649 Censent
473 1619 570 1661 aliqui
581 1620 632 1652 hic
640 1620 809 1651 Gabinium
819 1621 987 1661 designari,

232 1660 289 1700 qui
306 1660 405 1702 Syriae
421 1668 563 1701 praeerat.

276 1704 306 1733 3.
334 1702 546 1745 Noviciorum]
606 1705 756 1747 Loquitur
772 1707 811 1736 de
828 1706 988 1737 venalibus

232 1744 294 1774 illis
308 1747 414 1784 servis,
428 1748 481 1788 qui
496 1753 636 1778 recentes
652 1750 790 1779 nondum
805 1760 861 1790 per
872 1759 987 1780 annum

234 1787 413 1818 servierant.

277 1829 326 1860 Ib.
351 1830 438 1862 Color
462 1833 514 1862 iste
533 1833 669 1873 servilis]
715 1833 826 1863 Atrum
850 1833 985 1864 colorem

232 1872 363 1909 indicat,
380 1884 441 1914 quo
457 1876 588 1906 maxime
604 1876 730 1906 fuerunt
747 1876 829 1917 Syri.

276 1917 308 1945 4.
332 1915 446 1957 Oculi]
479 1918 573 1948 Oculi
585 1918 673 1958 quasi
683 1920 781 1949 nuntii
794 1924 865 1949 sunt
875 1919 985 1949 animi:

233 1967 270 1987 ex
284 1957 321 1988 iis
337 1960 418 1989 enim
434 1960 540 1996 iratus,
556 1961 656 1996 laetus,
671 1961 728 1991 &c.
747 1961 920 2001 conjicitur.

277 2002 307 2031 5.
328 2001 516 2043 Supewilia]
562 2003 687 2033 Pastum
701 2010 731 2034 et
747 2004 921 2044 superbiam
938 2015 987 2034 su-

232 2042 361 2083 percilia
383 2045 551 2075 denotant:
578 2056 646 2086 quae
675 2047 796 2079 deflexa
823 2052 906 2085 sunt,
933 2057 987 2077 au-

233 2090 328 2117 steros
340 2096 349 2124 ;
365 2086 489 2127 inflexa,
500 2087 635 2118 irrisores
647 2101 656 2127 3
673 2089 807 2119 demissa
817 2089 986 2120 malevolos

231 2134 374 2169 arguunt.

275 2174 307 2201 8.
332 2171 496 2204 Lutulenta
512 2174 611 2214 vicia]
657 2173 745 2204 Vitia
765 2173 901 2204 omnium
923 2179 986 2204 tur-

233 2214 361 2254 pissima
372 2215 404 2245 in
414 2215 527 2246 Pisone
539 2217 750 2257 reprehendit,
762 2217 885 2258 quibus,
896 2218 985 2258 quasi

233 2268 283 2286 sus
299 2257 375 2293 luto,
392 2258 616 2290 delectabatur.

277 2302 307 2331 9.
332 2301 443 2331 Audita
455 2312 504 2331 τοι
516 2301 651 2342 injbro.]
694 2302 916 2342 Stupiditatem
929 2304 984 2333 lio-

233 2342 325 2372 minis
340 2343 499 2378 describit,
509 2355 578 2384 quae
594 2349 680 2374 tanta
694 2345 763 2381 suit,
777 2350 810 2375 ut
824 2356 984 2387 nunquam

232 2385 264 2414 in
274 2385 340 2415 foro
351 2386 473 2416 auditus
485 2387 589 2424 fuerit,
603 2386 707 2416 sivein
717 2389 906 2426 accusando,
921 2389 985 2418 sive

232 2427 264 2457 in
280 2428 479 2458 defendendo
495 2439 666 2468 quoquam.

276 2473 330 2500 10.
361 2470 530 2501 Periculum
553 2471 675 2512 factum
711 2473 851 2514 consilii]
909 2473 982 2503 Piso

233 2523 296 2542 non
313 2513 405 2542 mode
420 2524 579 2554 nunquam
594 2514 694 2544 fuerat
716 2515 840 2545 auditus
857 2515 889 2544 in
905 2516 983 2552 foro,

234 2556 289 2585 sed
312 2566 352 2585 ne
368 2556 495 2596 quidem
520 2557 551 2586 iu
575 2562 683 2587 senatu
706 2555 775 2587 cum
792 2558 832 2587 de
856 2557 985 2598 Repub.

234 2598 400 2638 agebatur3
421 2598 480 2629 hac
495 2599 577 2629 enim
593 2599 703 2629 Romae
719 2600 838 2640 duplici
852 2611 883 2630 re
900 2611 984 2631 corn-

233 2641 469 2673 mendabantur.

277 2687 330 2714 11.
353 2683 415 2714 Aut
429 2684 568 2724 militiae]
607 2684 755 2721 Romani,
766 2685 816 2715 vel
827 2686 910 2715 domi
921 2687 984 2717 elo-

232 2726 374 2766 quentia,
391 2726 441 2756 vel
464 2726 580 2757 militiae
603 2728 691 2757 rebus
715 2728 861 2768 przeclare
877 2730 984 2770 gestis,

231 2768 359 2809 gloriam
376 2768 435 2799 sibi
451 2779 487 2800 ac
503 2780 616 2800 nomen
630 2770 800 2801 faciebant.

274 2813 328 2847 1⁹2.
367 2811 616 2844 commendatione
642 2812 832 2854 fumosarum
876 2816 983 2857 imagi-

1454 1110 1608 1165 AEdilis
1639 1126 1684 1154 es
1706 1112 1790 1153 fac-

1057 1278 1376 1333 (magistratus.
1478 1282 1790 1323 econeedebant.

1036 1493 1133 1533 vum]
1182 1493 1276 1523 Suam
1306 1493 1502 1525 nobilitatem
1532 1493 1790 1524 commendabant

1037 1535 1175 1566 Romani
1190 1537 1365 1567 ostensione
1381 1537 1560 1577 imaginum,
1577 1546 1654 1577 quas
1668 1546 1790 1566 suorum

1036 1581 1186 1618 majorum
1202 1581 1399 1610 asservabant
1420 1579 1452 1609 in
1473 1579 1587 1609 aedium
1607 1579 1705 1609 atriis:
1727 1578 1790 1621 fu-

1037 1631 1125 1651 mosas
1146 1621 1219 1651 vero
1246 1622 1399 1663 appellat,
1423 1626 1476 1652 aut
1499 1621 1573 1662 quia
1599 1621 1787 1662 antiquitate

1038 1664 1243 1704 nigredinem,
1259 1671 1313 1695 aut
1327 1665 1400 1706 quia
1422 1664 1544 1705 ignibus
1559 1674 1663 1694 coram
1684 1664 1722 1694 iis
1738 1674 1788 1695 ac-

1037 1707 1139 1738 censis
1148 1706 1320 1746 fuliginem,
1331 1711 1558 1738 contraxerant.
1604 1706 1695 1736 Soliti
1706 1707 1789 1736 enim

1038 1749 1176 1779 Romani
1189 1750 1300 1780 diebus
1313 1750 1398 1780 festis
1411 1754 1483 1779 ante
1497 1760 1549 1779 eas
1561 1750 1631 1780 thus
1643 1754 1675 1779 et
1686 1759 1790 1779 cereos

1039 1793 1221 1828 accendere,
1236 1798 1271 1822 ut
1286 1793 1400 1823 dicitur
1415 1792 1432 1822 ἃ
1449 1792 1515 1823 Cic.
1530 1791 1583 1822 lib.
1595 1793 1626 1823 3.
1642 1791 1733 1822 offic.

1082 1838 1132 1865 14.
1152 1834 1182 1864 Is
1196 1835 1269 1865 mihi
1283 1837 1368 1866 etiam
1380 1834 1583 1876 gloriabitur-J
1629 1833 1703 1864 Piso
1716 1845 1790 1865 con-

1038 1881 1084 1907 tra
1101 1877 1284 1908 Ciceronem
1307 1879 1426 1908 dixerat
1445 1888 1477 1907 se
1501 1887 1607 1907 omnes
1631 1877 1790 1916 magistra.

1039 1925 1086 1949 tus
1103 1921 1252 1960 adeptum
1274 1931 1361 1958 esse,
1385 1920 1438 1950 sed
1461 1919 1507 1949 illi
1529 1918 1652 1960 reponit
1668 1918 1790 1956 Cicero,

1038 1963 1116 1992 hanc
1134 1962 1261 2002 gloriam
1276 1974 1337 1993 non
1354 1963 1420 1998 sua,
1435 1963 1488 1992 sed
1503 1963 1653 2002 majorum
1666 1972 1788 1992 suorum

1039 2005 1132 2036 causa
1146 2005 1203 2038 illi.
1220 2010 1252 2034 at
1265 2006 1325 2035 sibi
1339 2010 1465 2045 propter
1480 2015 1525 2040 se,
1541 2003 1677 2034 delatam
1693 2014 1772 2034 esse.

1082 2050 1134 2078 16.
1158 2047 1248 2083 Mihi,
1274 2049 1383 2078 homini
1409 2046 1506 2087 nova]
1560 2046 1668 2076 Novus
1694 2047 1786 2077 homo

1037 2089 1161 2128 dicitur,
1179 2094 1251 2120 ante
1271 2101 1362 2131 quem
1387 2100 1478 2119 nemo
1499 2090 1532 2119 in
1550 2087 1669 2118 familia
1691 2090 1787 2130 magi·

1037 2137 1164 2162 stratum
1181 2133 1371 2172 obtinuerat,
1386 2133 1440 2163 sed
1457 2132 1512 2173 qui
1534 2131 1589 2162 sua
1600 2131 1712 2162 virtute
1727 2133 1786 2163 sibi

1035 2175 1169 2215 adeptus
1184 2181 1242 2206 est.

1079 2220 1131 2248 17.
1157 2218 1311 2259 Quaestor.]
1366 2218 1554 2254 Quaestores,
1569 2221 1604 2246 ut
1619 2217 1662 2246 ait
1675 2217 1787 2252 Varro,

1034 2260 1053 2290 a
1074 2262 1241 2301 quaerendo
1261 2260 1338 2292 dicti
1363 2266 1444 2295 sunt,
1465 2260 1539 2300 quia
1562 2259 1784 2299 conquirebant

1034 2304 1181 2343 pecunias
1197 2304 1348 2344 publicas.
1377 2303 1517 2344 Regibus
1529 2300 1660 2343 primum
1673 2301 1784 2332 Romae

1033 2346 1258 2386 imperantibus
1282 2346 1412 2377 instituti
1439 2349 1520 2381 sunt,
1541 2350 1572 2374 et
1594 2343 1703 2384 postea
1729 2355 1785 2384 po-

1034 2389 1099 2429 puli
1116 2389 1261 2430 suffragio
1276 2389 1383 2426 creati,
1399 2388 1478 2419 sicut
1492 2387 1602 2427 reliqui
1625 2388 1784 2427 magistra.

1034 2438 1092 2462 tus.

1079 2477 1129 2505 13.
1156 2474 1300 2513 Nomini]
1347 2473 1422 2503 Piso
1437 2476 1503 2502 erat
1524 2482 1561 2502 ex
1582 2469 1784 2501 illustrissima

1034 2515 1152 2546 familia
1168 2517 1289 2547 Pisonis
1304 2515 1407 2556 Frugi,
1422 2514 1510 2555 cujus
1531 2523 1644 2554 magna
1660 2519 1691 2543 et
1705 2524 1783 2554 prae-

1034 2558 1116 2590 clara
1125 2560 1303 2589 exstiterant
1311 2558 1342 2588 in
1353 2557 1573 2597 rempublicam
1581 2555 1693 2588 officia.
1715 2556 1783 2586 Hu-

1029 2600 1081 2640 jus
1106 2602 1243 2632 meminit
1258 2600 1368 2632 Cicero
1391 2601 1423 2630 in
1441 2599 1530 2630 Orat.
1551 2609 1607 2638 pro
1630 2598 1779 2629 Fonteio:

1036 2644 1142 2684 quare,
1153 2645 1192 2674 ad
1207 2648 1416 2683 contemptum
1428 2641 1562 2677 Pisonis,
1571 2647 1678 2672 contra
1688 2651 1780 2681 quem

1036 2687 1112 2726 agit,
1122 2697 1185 2716 non
1199 2692 1262 2716 tam
1276 2685 1321 2715 illi
1333 2685 1425 2726 quam
1441 2685 1559 2715 nomini
1569 2682 1636 2724 ejus
1647 2683 1780 2714 delatam

1034 2729 1129 2760 fuisse
1144 2734 1317 2770 praeturam,
1333 2727 1504 2759 contendit.

1078 2772 1127 2802 Ib.
1165 2771 1273 2801 AEdilis
1304 2781 1331 2801 es
1357 2770 1480 2812 factus.-
1516 2768 1612 2811 Pisa]
1655 2767 1780 2799 AEdiles

1035 2814 1086 2847 alii
1101 2814 1218 2856 plebeii
1229 2814 1363 2853 fuerunt,
1378 2812 1432 2847 alii
1443 2812 1577 2848 curulem
1622 2810 1781 2845 Curulium
