1790 3090
82 152 125 194 vi
630 148 681 180 Μ.
703 146 855 180 TULLn
879 145 1124 179 crcERoms

83 229 228 267 autem
247 225 446 282 princeps
466 223 715 266 Academiae
736 223 864 265 Philo
894 237 993 265 cum
1014 221 1346 264 Atheniensium
1376 219 1669 277 optimatibus,

81 289 255 338 propter
266 283 427 324 bellum
441 281 798 333 Mithridaticum,
811 279 993 321 Romam
1006 279 1282 336 profugisset,
1293 285 1384 320 tum
1401 277 1439 319 ei
1457 291 1503 319 se
1517 277 1670 321 Cicero

81 339 275 392 tradidit,
291 338 532 382 admirabili
552 338 740 395 quodam
759 337 814 379 ad
834 336 1153 393 philosophiam
1174 336 1318 378 studio
1338 334 1556 377 incitatus.

508 457 676 486 ANNUS
712 458 854 485 omns
890 455 1120 484 coNDrrAE
1154 442 1251 483 666.

188 517 303 560 Coss.
327 519 407 561 Cn.
431 519 618 567 Octavio,
650 518 701 558 L.
723 516 918 558 Cornelio
952 516 1111 565 cirins,
1134 521 1236 558 ante
1258 517 1477 558 Christum
1508 513 1575 556 86.

639 575 856 617 Ciceronis
875 574 1119 625 vigesimus.

142 645 251 689 cam
274 646 412 688 Cinna
431 646 693 703 perniciosas
714 647 832 701 leges
853 659 928 702 per
947 644 1034 686 vim
1054 643 1195 696 ferret,
1216 645 1320 686 urbe
1342 644 1368 686 ὲ
1391 644 1470 687 Cn.
1492 643 1674 686 Octavio

84 703 253 760 collega
268 704 434 760 pulsus,
451 703 640 760 corrupit
656 702 890 744 exercitum
907 701 1038 757 Appii
1055 700 1241 752 Claudii,
1259 716 1385 758 quem
1401 702 1445 743 in
1466 716 1587 744 suam
1600 715 1676 758 po-

80 767 284 802 testatem
296 761 475 817 redegit.
511 760 666 801 Redux
683 759 827 801 statim
841 773 893 800 ex
906 757 1056 799 Africa
1069 757 1107 799 ei
1125 757 1290 800 Marius
1308 774 1354 800 se
1367 759 1564 814 adjunxit
1577 772 1676 799 cum

83 832 160 859 sex
175 817 484 859 Hetruscorum
499 817 685 858 millibus
701 832 712 867 ς
734 823 864 872 atque
877 815 939 856 ita
955 815 1039 856 isto
1056 815 1226 871 agmine
1239 815 1388 857 urbem
1404 815 1620 866 obsident,
1634 820 1678 855 et

82 874 311 925 invadunt3
334 889 462 930 quam
476 882 646 930 captam
660 873 850 914 caedibus
861 879 903 914 et
914 872 1072 928 rapinis
1084 873 1318 914 vastavere.
1346 871 1554 914 Octavius
1566 870 1679 912 Con-

81 931 150 972 sul
163 930 304 987 capite
318 937 552 973 truncatur.
585 930 781 982 Catulus,
795 928 1096 980 M.Antonius,
1108 928 1158 972 C.
1171 928 1326 981 Julius,
1341 936 1529 970 oratores
1546 942 1675 985 praes-

82 987 330 1039 tantissimi,
346 988 679 1030 interficiuntur:
707 986 964 1028 M.Antonii
986 993 1116 1042 caput
1139 986 1183 1026 in
1199 985 1304 1042 ipsis
1318 986 1488 1028 Rostris
1501 983 1678 1041 exponi-

81 1051 164 1096 tur,
176 1044 201 1085 ἐι
213 1059 298 1100 quo
309 1045 662 1086 erantmultorum
675 1043 833 1085 civium
847 1043 990 1098 capita
1002 1050 1269 1084 conservata.
1294 1042 1391 1084 Hoc
1400 1057 1512 1083 anno
1524 1042 1677 1082 Cicero

84 1100 253 1142 Moloni
267 1100 440 1143 Rhodio
462 1101 613 1143 Romae
631 1115 802 1157 operam
823 1100 956 1148 dedit,
975 1106 1018 1141 et
1037 1099 1171 1140 actori
1193 1113 1359 1141 summo
1380 1112 1618 1148 causarum,
1636 1103 1680 1138 et

82 1157 304 1213 magistro,
318 1164 367 1199 ut
379 1158 439 1198 ait
454 1157 499 1198 in
514 1157 664 1200 Bruto.
696 1156 806 1198 Cum
822 1156 894 1198 ille
909 1156 1073 1197 videret
1088 1155 1344 1197 Ciceronem
1359 1162 1508 1196 natum
1524 1154 1578 1196 ad
1592 1154 1680 1195 elo-

80 1215 316 1270 quentiam,
336 1214 488 1255 mirum
507 1221 573 1256 est
593 1213 802 1270 quantum
817 1213 880 1255 vir
898 1219 1043 1254 tantus
1064 1213 1157 1269 ejus
1179 1213 1323 1255 studia
1342 1212 1518 1254 acuerit.
1550 1210 1679 1252 Circa

80 1271 167 1312 hoc
176 1271 502 1327 tempusCicero
511 1271 764 1313 adolescens
775 1269 1106 1312 commentarios
1115 1269 1352 1311 rhetoricos
1362 1269 1414 1310 de
1425 1267 1678 1310 Inventione

81 1327 310 1370 inchoatos
330 1335 373 1370 et
393 1328 519 1370 rudes
543 1328 695 1380 edidit,
712 1334 760 1369 ut
780 1327 872 1383 ipse
894 1325 1018 1367 initio
1040 1325 1137 1367 libri
1160 1332 1199 1368 1.
1215 1326 1269 1368 de
1290 1325 1413 1368 Orat.
1429 1324 1661 1382 significat.

507 1430 675 1461 ANNUS
712 1432 859 1460 uanis
895 1432 1129 1460 coNDrrAE
1162 1418 1261 1461 667.

107 1493 224 1536 Coss.
250 1490 300 1534 C.
319 1493 468 1534 lilerio
496 1493 584 1533 VII
586 1523 595 1533 .
635 1492 687 1533 L.
706 1493 903 1535 Cornelio
924 1493 1070 1535 Cinna
1089 1495 1170 1544 IL,
1212 1499 1314 1536 ante
1338 1494 1561 1536 Christum
1581 1491 1650 1534 85.

542 1547 757 1590 Ciceronis
782 1551 1012 1602 vigesimus
1035 1553 1221 1604 primus.

140 1621 291 1664 Romae
315 1621 455 1663 Cinna
475 1627 519 1663 et
539 1620 702 1664 Marius
724 1621 815 1663 sine
847 1624 1031 1665 comitiis
1061 1630 1200 1666 semet
1220 1624 1337 1681 ipsos
1360 1623 1404 1664 in
1425 1628 1676 1679 sequentem

83 1692 242 1720 annum
263 1678 477 1720 Consules
499 1678 792 1734 designarunt.
854 1680 1036 1733 Marius,
1057 1687 1157 1737 post
1176 1681 1310 1722 multa
1329 1680 1560 1722 crudeliter
1579 1686 1678 1722 acta

83 1735 129 1776 in
150 1735 338 1788 civitate,
357 1735 525 1776 decimo
548 1742 670 1777 sexto
693 1735 758 1777 sui
794 1735 1054 1780 Consulatus
1086 1737 1156 1779 die
1186 1744 1378 1779 mortuus
1400 1744 1479 1779 est.
1539 1736 1681 1778 Cinna

83 1791 303 1833 Valerium
332 1791 415 1833 sibi
448 1793 661 1848 collegam
694 1793 932 1846 substituit,
953 1809 1082 1851 quem
1112 1795 1232 1836 misit
1260 1795 1305 1836 in
1330 1794 1495 1845 Asiam,
1516 1799 1565 1835 ut
1599 1808 1676 1850 pro

84 1847 219 1905 Sylla,
234 1849 325 1904 jam
346 1847 470 1890 hoste
501 1848 735 1902 declarato,
756 1851 989 1906 provinciae
1023 1858 1241 1908 praeesset,
1262 1866 1313 1893 ac
1340 1852 1502 1892 bellum
1529 1857 1678 1892 contra

82 1904 382 1947 Mithridatem
404 1913 584 1962 gereret.
643 1906 803 1948 Verum
823 1907 862 1950 ei
885 1909 1032 1950 clausa
1052 1916 1118 1950 est
1138 1908 1258 1962 Asia,
1279 1914 1323 1951 et
1343 1907 1370 1950 a
1392 1906 1579 1950 Fimbria
1598 1921 1675 1948 suo

80 1962 241 2019 legato,
262 1977 374 2006 anno
395 1969 615 2020 sequente,
630 1962 881 2006 interfectus
902 1972 982 2008 est.

519 2066 677 2095 ANNUS
717 2068 858 2096 URBIS
895 2069 1121 2097 CONDITAE
1154 2056 1251 2098 668.

83 2125 198 2169 Coss.
220 2126 274 2168 L.
293 2127 489 2168 Cornelio
505 2128 650 2169 Cimzci
661 2130 770 2179 III„
796 2131 877 2171 Cn.
899 2131 1080 2183 Papirio
1102 2127 1309 2180 Carbone,
1333 2134 1435 2171 avite
1460 2126 1680 2170 Christum

461 2183 530 2224 84.
573 2185 791 2227 Ciceronis
818 2188 1055 2239 vegesimus
1074 2187 1306 2228 secundus.

140 2254 251 2296 Cum
273 2255 414 2297 Cinna
434 2256 585 2298 Romae
608 2272 823 2301 summum
842 2259 1021 2300 haberet
1046 2259 1284 2315 imperium,
1303 2273 1349 2300 se
1368 2257 1542 2300 tertium
1563 2257 1679 2299 Con-

84 2312 220 2376 sulem
255 2312 427 2364 creavit,
458 2320 679 2370 assumpto
715 2315 798 2356 sibi
834 2315 1005 2372 collega
1032 2315 1244 2367 Carbone,
1275 2329 1351 2371 pro
1385 2314 1572 2366 Valerio,
1596 2314 1678 2370 ‚qui

84 2383 255 2411 occisus
278 2376 357 2410 est.
417 2369 606 2411 Fimbria
638 2372 932 2413 crudelissime
965 2372 1104 2413 saeviit
1123 2372 1168 2413 in
1190 2371 1297 2412 Asia
1314 2378 1464 2413 contra
1484 2371 1679 2422 Ilienses,

83 2425 158 2481 qui
178 2425 234 2467 ad
256 2425 420 2482 Syllam
451 2427 735 2484 confugerant
754 2445 764 2469 :
796 2443 895 2470 nam
917 2443 1064 2471 eorum
1084 2429 1231 2470 urbem
1262 2428 1452 2470 eaedibus
1483 2427 1677 2484 replevit.

86 2482 220 2539 Sylla,
257 2482 559 2525 deficientibus
592 2485 719 2526 rebus
758 2486 956 2527 omnibus
993 2485 1047 2527 ad
1080 2486 1256 2537 bellum,
1288 2484 1427 2527 hostis
1463 2483 1491 2526 ὲ
1517 2484 1677 2541 populo

84 2538 281 2581 Romano
291 2540 528 2596 judicatus,
541 2555 693 2597 pacem
709 2557 807 2584 cum
824 2541 1079 2584 Mithridate
1095 2542 1235 2584 facere
1248 2548 1426 2584 coactus
1444 2547 1526 2583 est:
1549 2548 1679 2597 atque

83 2595 144 2637 ita
162 2597 298 2652 primo
318 2597 431 2638 bello
454 2597 751 2641 Mithridatico
771 2600 868 2640 finis
889 2599 1129 2655 impositus,
1146 2599 1190 2640 in
1211 2613 1295 2655 quo
1319 2598 1345 2640 a
1362 2596 1484 2655 Sylla
1503 2603 1677 2639 centum

84 2653 310 2709 sexaginta
343 2653 533 2695 hostium
552 2655 687 2696 millia
720 2656 947 2698 interfecta
977 2663 1091 2697 sunt.
1154 2656 1271 2697 Inita
1298 2655 1384 2696 hac
1414 2669 1536 2711 pace,
1558 2654 1680 2711 Sylla

83 2716 233 2773 contra
254 2710 484 2753 Fimbriam
503 2711 722 2768 profectus
743 2719 823 2765 est,
844 2713 933 2773 qui,
954 2713 1148 2755 desertus
1171 2712 1198 2754 a
1219 2712 1307 2755 suis
1329 2711 1556 2766 militibus,
1576 2711 1678 2754 sibi-

83 2773 174 2810 met
192 2767 403 2811 violentas
425 2783 577 2814 manus
597 2769 642 2813 in
662 2771 821 2827 templo
843 2770 1082 2828 AEsculapii
1101 2770 1264 2827 intulit.
