1858 3095
711 165 801 200 eno
827 165 1032 200 ummo.
1635 160 1719 206 379

86 241 272 294 Tubero,
323 241 397 285 uid
416 241 550 284 valet?
601 241 784 301 Recepti
806 243 850 284 in
872 241 1136 300 provinciam
1157 254 1244 283 non
1264 252 1426 283 sumus.
1457 239 1589 293 Quid,
1610 241 1647 283 si

87 300 264 343 essetis?
333 299 530 342 aesari-ne
550 315 644 342 eam
667 299 863 343 tradituri
882 299 1090 351 fuissetis,
1112 314 1166 341 an
1188 305 1335 341 contra
1355 296 1567 340 Caesarem
1587 313 1648 339 re-
1774 343 1802 352 Η

93 357 277 399 tentari?
309 356 436 409 Vide,
459 356 563 414 quid
588 357 789 410 licentiae,
807 357 966 408 Caesar,
980 357 1104 399 nobis
1126 364 1201 398 tua
1219 355 1454 398 liberalitas
1477 354 1564 406 det,
1585 355 1651 395 vel
1668 347 1769 403 SOU.
1789 340 1825 382 ‘1'

88 413 230 470 potius
262 413 468 455 audaciae.
539 413 585 454 Si
617 414 884 472 responderit
913 414 1098 465 Tubero,
1132 413 1336 464 Africam,
1359 413 1444 469 quo
1475 418 1649 453 senatus

90 483 189 512 eum
221 484 397 527 sorsque
425 469 613 522 miserat,
636 471 715 512 tibi
746 478 909 528 patrem
940 486 1064 512 suum
1094 469 1348 511 traditurum
1379 468 1532 518 suisse3
1564 481 1651 510 non

90 526 299 570 dubitabo
322 527 435 584 apud
457 527 596 589 ipsum
619 536 676 579 te,
695 529 816 583 cujus
838 528 881 569 id
899 542 998 569 eum
1012 527 1149 568 facere
1162 525 1370 576 interfuit,
1388 524 1651 582 gravissimis

89 583 230 625 verbis
251 583 344 640 ejus
366 584 592 625 consilium
614 585 919 641 reprehendere
939 600 948 625 ε
980 599 1066 625 non
1083 583 1212 633 enim,
1229 582 1265 622 si
1287 582 1364 622 tibi
1383 596 1434 622 ea
1450 596 1516 622 res
1533 588 1654 637 grata

90 639 258 692 fuisset,
279 648 394 682 esset
416 640 545 682 etiam
566 643 759 697 probata.
792 641 984 696 Sedjam
1004 640 1089 681 hoc
1111 646 1250 680 totum
1271 637 1439 686 omitto,
1460 652 1546 678 non
1565 645 1654 678 tam
1672 634 1727 675 35

92 703 141 737 ut.
162 711 214 738 ne
236 695 452 739 offendam
473 705 568 739 tuas
590 698 951 754 bpatientissimas
968 710 1105 746 aures,
1120 693 1250 751 quam
1267 709 1319 735 ne
1336 694 1520 744 Tubero,
1537 694 1655 750 quod

91 766 312 810 nunquam
344 754 568 811 cogitavit,
600 755 790 795 facturus
820 753 953 794 fuisse
984 752 1190 793 videatur.
1249 750 1502 792 Veniebatis
1526 750 1656 806 igitur

94 809 138 851 in
170 809 361 851 Africam
391 811 669 867 provinciam,
692 824 818 851 unam
850 823 902 850 ex
934 808 1134 851 omnibus
1156 807 1280 849 chuic
1301 807 1492 849 victoriae
1523 807 1657 848 maxi-

93 866 163 907 me
183 866 408 914 infestam;
443 866 486 907 in
504 866 590 923 quii
605 873 696 908 erat
714 881 788 907 rex
807 865 1149 922 potentissimus,
1168 864 1367 906 inimicus
1386 863 1486 905 huic
1500 878 1656 915 causae,

92 922 232 964 aliena
251 923 465 975 voluntas,
486 930 723 965 conventus
743 923 850 964 firmi
882 930 1010 979 atque
1034 921 1194 977 magni.
1255 921 1428 970 Quaero,
1449 921 1552 976 quid
1571 921 1658 962 fac·
1675 920 1732 960 40

93 979 178 1020 turi
199 979 373 1021 fuistis?
405 979 682 1036 quamquam,
705 980 810 1036 quid
832 979 984 1021 facturi
1009 979 1190 1030 fueritis,
1212 992 1298 1019 nou
1330 977 1538 1028 dubitem,
1561 976 1659 1019 cum

93 1035 263 1078 videam
284 1036 390 1093 quid
411 1037 612 1079 feceritis.
673 1036 886 1078 Prohibiti
908 1037 1012 1078 estis
1037 1036 1080 1076 in
1102 1034 1322 1091 provincia
1342 1034 1483 1076 vestr-22
1504 1034 1660 1091 pedem

93 1106 283 1149 ponere3
315 1100 359 1135 et
393 1093 615 1150 prohibiti,
649 1100 696 1134 ut
725 1093 973 1150 perhibetis,
996 1091 1163 1133 summa
1184 1107 1283 1133 cum
1314 1090 1484 1147 injuria.
1540 1091 1660 1139 Quo-

95 1149 225 1191 modo
246 1150 290 1192 id
313 1150 501 1192 tulistis?
533 1159 725 1206 acceptae
756 1150 919 1206 injuriae
940 1149 1158 1206 querelam
1180 1149 1234 1190 ad
1255 1162 1384 1204 quem
1413 1147 1660 1190 detulistis?

95 1206 250 1263 nempe
269 1207 325 1248 ad
346 1222 459 1258 eum,
481 1208 605 1262 cujus
627 1207 926 1248 auctoritatem
958 1206 1094 1248 secuti
1125 1205 1168 1246 in
1191 1207 1444 1247 societatem
1466 1204 1568 1246 belli
1590 1219 1660 1246 ve·
1679 1203 1735 1243 45

95 1263 269 1305 neratis.
301 1263 433 1311 Quod
451 1263 486 1305 si
504 1263 686 1305 Caesaris
705 1263 833 1304 causa
854 1264 898 1304 in
920 1262 1184 1319 provinciam
1199 1261 1452 1312 veniebatis,
1471 1262 1526 1302 ad
1549 1276 1660 1311 eum,

97 1319 474 1375 profecto,exclusi
488 1319 970 1376 provinciayenissetis.
987 1319 1180 1360 Venistis
1194 1319 1249 1360 ad
1260 1319 1530 1375 Pompeium.
1553 1318 1662 1367 Quae

98 1384 165 1417 est
185 1376 280 1418 haec
314 1376 415 1433 ergo
436 1377 549 1433 apud
573 1377 788 1418 Caesarem
810 1377 995 1433 querela,
1017 1377 1118 1418 oiim
1150 1391 1248 1417 eum
1278 1375 1508 1427 accusetis,
1531 1375 1556 1415 2‘1
1577 1389 1662 1431 quo

97 1433 337 1488 queramini
354 1448 431 1475 vos
452 1433 692 1490 prohibitos
710 1441 862 1475 contra
878 1433 1094 1475 Caesarein
1114 1433 1275 1474 bellum
1292 1432 1466 1489 gerere?
1517 1433 1663 1488 Atque

97 1489 143 1530 in
164 1489 248 1532 hoc
269 1490 459 1547 quidem,
477 1491 545 1532 vel
567 1506 664 1532 cum
685 1490 927 1541 mendacio,
951 1490 986 1532 si
1006 1489 1149 1541 vultis,
1171 1489 1340 1531 aloriari
1361 1503 1436 1545 per
1456 1503 1522 1530 me
1544 1488 1664 1540 licet,
1683 1486 1738 1529 50

97 1560 174 1587 vos
191 1547 455 1602 provinciam
468 1547 601 1589 fuisse
619 1547 777 1589 Caesari
795 1548 1041 1598 tradituros,
1059 1546 1187 1587 etiam
1203 1546 1239 1587 si
1257 1545 1283 1586 a
1299 1545 1414 1587 Varo
1430 1552 1473 1587 et
1489 1545 1667 1602 quibus-

100 1602 201 1644 dam
222 1603 317 1644 aliis
337 1603 539 1660 prohibiti
560 1605 742 1655 essetis3
774 1619 856 1660 ego
875 1612 1017 1646 autem
1031 1603 1285 1654 confitebor,
1305 1603 1474 1658 culpam
1491 1617 1585 1644 esse
1601 1602 1667 1642 Li-
1683 1639 1692 1643 -
1730 1627 1753 1641 ἶ.

101 1658 222 1714 garii,
239 1659 314 1717 qui
330 1675 406 1701 vos
430 1667 560 1701 tantae
581 1660 721 1702 laudis
743 1661 972 1702 occasione
993 1659 1236 1717 privaverit.
1269 1659 1354 1700 Sed
1373 1658 1484 1707 vide,
1504 1673 1666 1714 quaeso,
1703 1629 1784 1699 ih·

101 1716 155 1757 C.
172 1715 332 1766 Caesar,
353 1717 642 1769 constantiam
664 1717 924 1759 ornatissimi
946 1717 1036 1767 viri,
1061 1716 1107 1756 L.
1127 1715 1392 1766 Tuberonis;
1423 1729 1553 1771 quam
1569 1730 1666 1771 ego,

102 1774 298 1829 quamvis
330 1773 421 1829 ipse
452 1774 693 1831 probarem,
730 1781 778 1815 ut
809 1775 959 1829 probo,
991 1780 1137 1814 tamen
1170 1787 1257 1813 non
1292 1786 1667 1813 commemorarem
1685 1773 1740 1812 55

104 1829 188 1870 nisi
225 1828 251 1870 a
287 1836 330 1871 te
366 1831 668 1886 cognovissem
707 1830 912 1887 imprimis
951 1844 1045 1872 eam
1081 1829 1281 1872 virtutem
1320 1829 1455 1871 solere
1491 1829 1670 1870 laudari.

102 1885 211 1934 Quae
246 1886 331 1929 fuit
371 1887 503 1944 igitur
539 1902 729 1944 unquam
769 1888 813 1930 in
862 1887 952 1929 ullo
1001 1886 1175 1929 homine
1225 1892 1345 1928 tanta
1393 1885 1667 1928 constantia?

429 2101 446 2125 ¹³
456 2103 780 2144 attentissimos.
1128 2107 1143 2126 ⁶
1152 2102 1188 2144 C
1189 2103 1358 2143 cesaris.

153 2331 207 2360 ΞΒ.
242 2327 357 2369 Recepti
386 2330 417 2360 iu
444 2331 623 2369 provinciam
655 2340 714 2361 non
744 2327 868 2368 sumus]
917 2329 975 2360 sari
991 2328 1194 2370 provinciam,
1210 2339 1303 2370 quam
1319 2327 1337 2358 εἷ
1353 2333 1461 2359 senatu
1476 2334 1651 2370 acceperat.

109 2371 280 2408 Quereiam
296 2378 432 2413 occupat
449 2373 659 2409 Tuberonum,
675 2373 729 2414 qui
745 2373 763 2403 εἰ
779 2373 873 2413 Liga-
959 2374 1013 2403 39.
1038 2372 1099 2402 Rex
1111 2371 1352 2413 potentissimus]
1390 2371 1410 2402 J
1414 2372 1471 2402 uba
1488 2383 1540 2402 rex
1556 2372 1676 2402 Mauri·

95 2405 157 2460 1¹¹⁰
173 2415 260 2445 aditu
275 2415 307 2445 in
324 2415 462 2445 Africam
478 2415 624 2456 prohibiti
640 2423 722 2446 sunt.
917 2415 1021 2450 taniae,
1045 2416 1170 2446 devicto
1196 2415 1362 2456 Pompeio,
1387 2415 1523 2446 vicissim
1546 2415 1618 2455 ipse
1643 2416 1675 2444 in

98 2466 106 2499 ,ζ
157 2458 210 2488 29.
249 2459 432 2499 caesari-ne]
481 2457 665 2499 Respondet
688 2463 790 2489 autem
807 2457 874 2498 jam
918 2458 1026 2489 Afric-:2
1047 2464 1208 2499 superatus
1231 2464 1289 2489 est.
1335 2457 1368 2487 Is
1389 2463 1493 2488 autem
1509 2457 1678 2488 infensissi-

113 2506 226 2536 orator,
241 2501 355 2542 nempe
370 2501 454 2542 quod
472 2501 555 2531 illam
572 2502 761 2542 provinciam
778 2501 872 2531 Pom·
916 2512 984 2532 mus
1000 2506 1067 2532 erat
1080 2501 1224 2542 dignitati
1240 2500 1381 2532 Caesaris.

115 2544 201 2583 peio,
214 2553 277 2574 non
294 2544 423 2580 Caesari,
437 2544 632 2583 servassent3
655 2543 748 2576 immo
771 2543 873 2585 potius
961 2547 1014 2575 40.
1039 2543 1315 2586 Conventusjii·mi.]
1361 2543 1411 2574 lta
1427 2544 1534 2575 Festus
1547 2543 1586 2573 de
1602 2553 1677 2573 con-

115 2585 191 2616 inde
207 2597 278 2617 eum
291 2587 536 2629 oppugnassent.
918 2593 1034 2618 ventu:
1059 2587 1220 2618 Conventus
1241 2598 1300 2617 uno
1311 2588 1390 2617 modo
1410 2587 1599 2626 intelligitur,
1612 2585 1678 2616 mim

159 2630 214 2659 31.
237 2629 453 2671 Quamnam]
478 2629 516 2660 Id
534 2634 591 2666 est,
606 2629 668 2671 quo
683 2640 721 2660 ex
737 2628 876 2661 senatfis-
920 2631 938 2659 ὰ
967 2631 1184 2670 magistratibus
1205 2631 1317 2671 judicii
1344 2630 1431 2660 causa
1461 2629 1586 2668 populus
1611 2639 1678 2659 cou-

119 2671 272 2713 consulto,
286 2673 446 2704 sortitione
460 2673 556 2709 facta,
570 2673 677 2703 missus
693 2678 770 2703 erat.
919 2679 1072 2714 gregatur.
1119 2673 1162 2704 Hi
1186 2679 1289 2703 autem
1316 2670 1507 2713 potissimum
1531 2672 1562 2702 in
1577 2671 1678 2702 Italiae

163 2715 217 2744 33.
242 2711 334 2754 Cujus
345 2716 377 2746 id
391 2716 483 2757 eum]
542 2715 580 2746 Id
597 2721 655 2752 est,
669 2716 721 2747 cui
735 2715 810 2746 utile
822 2714 879 2745 fuit
921 2716 1122 2757 praefecturis,
1132 2722 1194 2746 tum
1208 2716 1300 2746 etiam
1317 2716 1348 2744 in
1359 2714 1539 2755 provinciis,
1553 2714 1679 2745 fiebant.

120 2755 260 2787 Africani
275 2758 464 2797 provinciam
480 2759 499 2788 ἰι
513 2758 678 2790 Tuberone
695 2759 784 2790 tradi.
964 2761 1017 2789 45.
1042 2758 1150 2798 Nempe*
1171 2759 1209 2788 ad
1234 2757 1326 2798 eum]
1373 2757 1526 2798 Pompeio
1539 2756 1679 2790 Africani

165 2801 218 2832 34.
229 2798 301 2841 LJjus
309 2799 879 2843 consitaamssradendivideliceicae-
922 2803 1044 2835 tradere
1061 2801 1194 2835 voluisse
1209 2801 1389 2834 Tuberones
1404 2805 1535 2833 constat.
