1858 3095
732 359 1072 407 ORATIO

458 485 674 546 PRO
744 486 814 547 C.
867 486 1373 558 RABIRIO,

644 629 1054 658 PERDUELLIONIS
1091 630 1206 658 REO.

625 843 734 890 AD
783 845 1222 899 QUIRITES.

759 1073 1105 1106 ARGUMENTUM.

209 1174 261 1214 L.
297 1173 623 1216 APULEIUS
665 1174 1107 1222 SATURNINUS,
1134 1175 1289 1228 factus
1329 1172 1532 1213 tribunus
1558 1173 1707 1225 plebis,

151 1231 392 1279 Glauciam,
420 1245 551 1271 suum
571 1233 809 1280 satellitem,
830 1236 882 1271 ut
902 1233 1081 1272 Plinius
1103 1231 1234 1285 refert
1265 1232 1313 1270 in
1343 1230 1432 1268 Vitci
1456 1227 1708 1278 Saturnini,

144 1292 371 1340 prcetorem.
389 1305 403 1334 ,·
435 1289 664 1336 consulem,
699 1293 750 1327 ut
783 1293 940 1328 narrat
971 1289 1123 1328 Livius
1153 1288 1225 1327 lib.
1245 1285 1314 1334 69,
1336 1286 1486 1339 facere
1519 1286 1708 1333 colebat,-

153 1344 201 1384 C.
215 1343 448 1383 Memmius
462 1346 556 1395 ejus
572 1345 814 1396 competitor
829 1345 1018 1383 obstabat
1032 1362 1044 1390 ,·
1069 1345 1213 1395 quare,
1219 1344 1398 1394 jubente
1415 1346 1456 1380 et
1471 1343 1712 1393 impellente

150 1400 412 1447 Saturnino,
435 1400 669 1440 ffiIemmius
696 1402 745 1439 in
772 1402 950 1440 comitiis
981 1400 1281 1439 consularibus
1303 1397 1502 1451 fustibus
1531 1403 1711 1438 necatus

149 1460 212 1496 est
228 1472 241 1502 ‚·
275 1460 316 1496 et
327 1457 510 1504 comitia,
524 1470 612 1496 non
613 1456 788 1510 ferente
804 1460 977 1496 tantum⁴
983 1456 1168 1510 facinus
1181 1456 1354 1507 popula,
1370 1454 1577 1493 dissoluta
1593 1459 1711 1494 sunt.

150 1512 378 1560 Postridie,
411 1513 812 1561 senatz‘zs-consulto,
845 1513 993 1552 M'ario
1025 1517 1066 1553 et
1096 1512 1146 1551 L.
1175 1512 1264 1550 Val.
1285 1511 1440 1550 Flacco
1467 1511 1714 1550 consulibus

150 1569 406 1608 mandatum.
425 1574 501 1617 est,
526 1574 575 1609 ut
606 1570 801 1609 vvidere-nt
831 1570 1025 1609 consules
1054 1583 1110 1608 ne
1131 1568 1237 1620 quid
1264 1567 1510 1606 detrimenti
1545 1572 1714 1618 caperet

152 1625 338 1678 Respub.
366 1623 574 1666 Consules
602 1626 711 1673 vero,
742 1627 818 1678 qui
847 1627 1012 1665 salvam
1045 1624 1254 1677 Rempub.
1275 1636 1362 1663 esse
1391 1623 1559 1671 vellent,
1591 1636 1715 1664 arma

151 1695 316 1734 capere,
338 1687 380 1722 et
397 1695 442 1722 se
467 1684 602 1734 sequi,
615 1683 785 1733 jubent.
849 1683 1075 1722 Obsicletur
1099 1681 1375 1733 Capitolium,
1392 1679 1473 1731 quo
1492 1693 1536 1718 se
1556 1679 1715 1720 Satur-

153 1740 304 1788 ninus,
325 1751 421 1778 cum
439 1739 637 1787 Glaucia,
659 1739 856 1792 Saufeio,
873 1739 1069 1790 Equitio,
1086 1742 1128 1778 et
1148 1737 1350 1784 Labieno,
1364 1740 1594 1787 receperat.
1624 1738 1715 1785 Illi,

154 1796 268 1847 aquai
288 1795 455 1849 defecti,
476 1797 525 1835 in
543 1795 602 1835 M
600 1796 685 1835 arii
685 1796 822 1850 fidem
837 1809 880 1835 se
901 1795 1172 1843 dediderunt,
1194 1807 1298 1846 quos
1318 1792 1498 1832 inclusit
1516 1793 1565 1831 in
1577 1794 1714 1841 eurici,

154 1852 241 1899 ubi,
267 1852 452 1906 florente
493 1853 790 1900 multitudine,
839 1852 1121 1892 Saturninus
1166 1849 1382 1902 lapidibus
1420 1848 1600 1889 obrutus
1638 1855 1714 1898 est,

154 1909 354 1949 Glaucice
373 1908 527 1962 fracta
557 1911 713 1957 cervifv,
736 1908 956 1948 Labienus
975 1908 1246 1962 interfectus.
1307 1905 1486 1963 Dicitur
1507 1905 1717 1946 Rabirius

155 1970 289 2018 caput
308 1966 550 2008 Saturnini
569 1967 618 2006 in
634 1965 870 2006 ludibrium
884 1979 965 2018 per
984 1965 1178 2006 convivia
1199 1963 1524 2004 circumtulisse.

810 2089 1068 2118 PERSONAE.

212 2150 556 2205 Accusatorfuit
582 2152 633 2191 T.
656 2151 889 2198 Labienus,
903 2164 1027 2202 quem
1051 2149 1202 2190 Caesar
1222 2148 1488 2197 subornavit,
1506 2153 1558 2189 ut
1572 2148 1718 2189 scribit

159 2208 411 2256 Suetonius,
434 2208 490 2247 acl
517 2208 748 2248 Rabirium
772 2207 1082 2260 perduellionis
1112 2206 1420 2254 accusandum,
1442 2210 1484 2245 et
1512 2206 1585 2245 cui
1608 2209 1718 2246 sorte

156 2264 287 2305 datus
299 2264 518 2315 estjude..z²,
527 2268 567 2305 et
580 2278 607 2304 α
619 2278 702 2317 quo
715 2265 949 2304 damnatus
956 2263 1167 2304 Rabirius
1174 2275 1355 2315 provoca
1362 2263 1420 2302 vit
1428 2262 1485 2301 ad
1493 2263 1715 2314 populum.

215 2322 335 2362 Reus
355 2321 579 2369 Rabirius,
601 2323 677 2373 qui
694 2321 1004 2374 perduellionis
1024 2323 1269 2367 accusatur,
1291 2318 1404 2371 quod
1422 2332 1636 2359 summum
1657 2323 1719 2359 est

157 2380 402 2419 imminutce
420 2379 658 2430 majestatis
677 2379 849 2418 crimen.

216 2435 415 2484 Patroni,
441 2436 487 2483 Q.
510 2435 790 2483 Hortensius,
808 2434 884 2486 qui
903 2433 1136 2481 contendit,
1157 2429 1452 2473 Saturninum
1474 2432 1525 2472 ab
1541 2432 1718 2473 Rabirio

158 2493 340 2532 occisum
359 2505 450 2532 non
469 2505 556 2532 esse
572 2508 587 2538 ,-
623 2491 770 2533 Cicero
789 2491 954 2538 consul,
975 2491 1052 2542 qui
1084 2489 1266 2542 legitime
1294 2493 1469 2542 sumpta
1489 2503 1577 2529 esse
1597 2502 1719 2529 arma

159 2547 185 2588 ὰ
205 2548 396 2597 Rabirio,
418 2548 703 2603 interficiendi
723 2548 964 2590 Saturnini
993 2548 1140 2596 eausa,
1167 2546 1423 2599 disputavit,
1454 2546 1549 2586 cum
1577 2558 1719 2585 omnes

161 2605 257 2646 boni
272 2606 381 2646 cives
396 2605 443 2645 id
451 2605 652 2659 fecerint.

863 2696 1031 2726 Locus.

222 2758 330 2799 Acta
353 2760 454 2814 suit
482 2760 574 2803 haec
601 2773 737 2804 causa
756 2761 806 2802 in
825 2760 1005 2810 comitio,
1027 2759 1079 2803 de
1108 2772 1191 2814 quo
1211 2760 1308 2813 jam
1340 2761 1388 2801 in
1420 2759 1613 2804 oratione
1638 2771 1720 2815 pro

167 2816 277 2869 Lege
297 2812 502 2859 Manilia.
