1759 2997
46 114 131 157 508
553 153 559 158 ,
671 113 734 148 DE
755 112 983 150 AMICn‘rA:

45 191 92 235 in
113 191 323 234 famulatu
344 190 514 241 fuerint,
538 191 637 233 cum
658 192 823 249 cogniti
855 198 969 244 sunt,
991 198 1036 233 et
1055 196 1130 233 aut
1149 191 1326 234 deorum
1356 197 1432 233 aut
1459 204 1607 248 regum

45 248 123 291 filii
138 248 316 300 inventi,
334 248 518 289 retinent
533 254 676 290 tamen
694 250 916 291 caritatem
934 250 978 289 in
994 255 1202 305 pastores,
1217 263 1325 306 quos
1342 255 1484 304 patres
1501 250 1606 290 mul-.

44 312 114 348 tos
135 319 269 347 annos
292 319 384 346 esse
407 305 632 347 duxerunt.
667 306 794 354 Quod
817 307 993 362 quidem
1014 312 1079 347 est
1098 306 1231 347 multo
1254 305 1450 362 profecto
1471 305 1607 360 magis

43 361 88 405 in
108 362 217 403 veris
239 361 430 417 patribus
451 362 665 417 certisque
682 363 949 404 faciendum:
981 363 1143 403 fructus
1161 363 1274 403 enim
1289 362 1451 419 ingenii
1468 369 1511 403 et
1526 363 1609 403 vir-

42 419 164 470 tutis,
187 418 413 474 omnisque
434 419 707 474 praestantiae,
729 426 820 460 tum
848 419 1058 460 maximus
1081 419 1262 476 capitur,
1285 434 1382 461 cum
1402 419 1447 460 in
1466 417 1610 475 proxi-

41 489 159 516 mum
180 489 394 531 quemque
417 475 646 518 confertur.

99 531 200 573 XX.
224 531 284 573 Ut
304 531 432 588 igitur
451 531 497 584 ii,
517 532 590 587 qui
612 538 711 574 sunt
741 533 785 574 in
814 531 1014 574 amicitiae
1035 533 1438 589 conjunctionisque
1458 546 1609 574 neces-

42 588 229 630 situdine
246 588 501 644 superiores,
522 603 745 645 exaequare
767 604 812 631 se
834 604 933 631 cum
952 589 1225 631 inferioribus
1247 591 1427 644 debent;
1458 589 1522 631 sic
1542 588 1607 630 in-

43 645 215 687 feriores
245 659 332 686 non
362 646 504 687 dolere
536 660 581 687 se
613 648 637 686 a
668 646 756 687 suis
788 653 862 687 aut
891 647 1082 703 ingenio,
1105 653 1180 688 aut
1201 647 1390 698 fortuna,
1411 653 1485 688 aut
1514 645 1607 700 dig,

42 702 192 754 nitate,
213 702 425 758 superari3
458 716 634 758 quorum
668 703 858 759 plerique
880 712 955 744 aut
976 711 1208 759 queruntur
1239 718 1404 759 semper
1427 702 1606 758 aliquid,

43 766 118 800 aut
133 760 262 800 etiam
283 760 564 814 exprobrant3
597 774 732 816 eoque
755 761 906 815 magis,
929 760 964 800 si
983 761 1141 802 habere
1159 776 1204 802 se
1223 767 1389 817 putant,
1407 759 1524 815 quod
1545 758 1606 800 of-

42 815 193 862 ficiose
215 822 260 856 et
279 814 431 865 amice,
453 822 527 856 aut
547 831 646 856 cum
666 817 810 857 labore
832 817 976 872 aliquo
994 832 1086 868 suo,
1100 817 1259 858 factum
1276 826 1436 873 queant
1448 815 1606 857 dicere.

44 871 256 917 Odiosum
286 871 388 913 sane
410 885 545 926 genus
576 872 797 913 hominum
828 873 971 914 officia
1002 875 1374 929 exprobrantium3
1406 888 1500 929 quae
1521 887 1608 913 me-

41 927 219 975 minisse
250 927 380 969 debet
410 928 460 978 is,
487 928 531 968 in
559 943 686 984 quem
717 930 872 970 collata
903 936 1016 979 sunt,
1045 944 1132 970 non
1156 944 1503 978 commemorare,
1531 928 1606 985 qui

42 985 238 1027 contulit.
259 984 564 1036 Quamobrem,
582 992 630 1026 ut
649 985 691 1036 ii,
710 985 783 1042 qui
802 985 1040 1041 superiores
1058 993 1172 1037 sunt,
1191 986 1442 1027 submittere
1464 1001 1510 1026 se
1532 987 1606 1026 de-

41 1041 146 1083 bent
158 1041 201 1082 in
217 1040 427 1092 amicitia3
450 1042 514 1082 sic
530 1042 719 1097 quodam
732 1043 862 1083 modo
878 1041 1098 1084 inferiores
1116 1043 1331 1085 extollere.
1365 1042 1475 1083 Sunt
1491 1041 1605 1082 enim

41 1098 231 1153 quidam,
253 1098 326 1153 qui
346 1099 549 1139 molestas
572 1099 782 1140 amicitias
804 1099 982 1150 faciunt,
1001 1099 1097 1140 cum
1118 1099 1202 1155 ipsi
1224 1114 1269 1141 se
1291 1098 1507 1141 contemni
1529 1113 1604 1154 pu-

39 1162 153 1207 tant3
185 1155 302 1211 quod
333 1169 419 1196 non
441 1154 528 1196 fere
552 1156 782 1212 contingit,
803 1156 884 1197 nisi
915 1156 967 1197 iis
998 1156 1074 1212 qui
1106 1157 1236 1197 etiam
1266 1155 1606 1198 contemnendos

40 1226 86 1254 se
117 1212 395 1264 arbitrantur3
426 1212 500 1268 qui
535 1212 622 1253 hac
655 1213 871 1269 opinione,
907 1227 994 1254 non
1027 1212 1157 1254 modo
1185 1213 1341 1264 verbis,
1370 1213 1447 1254 sed
1477 1212 1606 1253 etiam

40 1282 183 1325 opere,
205 1268 377 1310 levandi
398 1277 507 1310 sunt.
550 1269 735 1310 Tantum
755 1277 899 1311 autem
920 1269 1076 1325 cuique
1098 1270 1386 1320 tribuendum,
1406 1268 1605 1325 primum,

38 1333 246 1382 quantum
276 1325 368 1382 ipse
391 1326 558 1368 efficere
588 1328 750 1382 possis,
783 1326 941 1368 deinde
963 1329 1105 1378 etiam,
1128 1334 1336 1383 quantum
1365 1327 1453 1377 ille,
1476 1339 1605 1382 quem

37 1383 189 1439 diligas
212 1389 342 1439 atque
363 1383 553 1439 adjuves,
575 1383 799 1425 sustinere.
830 1383 928 1425 Non
949 1384 1063 1424 enim
1084 1392 1131 1424 tu
1152 1384 1308 1439 possis,
1330 1383 1603 1439 quantumvis

36 1439 142 1481 licet
163 1441 363 1490 excellas,
387 1455 534 1481 omnes
554 1447 652 1482 tuos
674 1441 728 1481 ad
749 1441 934 1482 honores
956 1440 1246 1496 amplissimos
1266 1441 1524 1493 producere:
1556 1448 1606 1480 ut

38 1496 187 1552 Scipio
211 1496 259 1537 P.
283 1496 496 1538 Rutilium
516 1497 657 1552 potuit
677 1498 900 1539 consulem
921 1498 1103 1548 efficere,
1120 1497 1292 1539 fratrem
1310 1498 1402 1553 ejus
1425 1496 1604 1537 Lucium

36 1567 122 1595 non
142 1553 292 1609 potuit.
355 1553 486 1601 Quod
509 1554 544 1595 si
566 1553 694 1595 etiam
715 1555 855 1610 possis
876 1554 1046 1610 quidvis
1067 1554 1230 1596 deferre
1252 1554 1306 1595 ad
1327 1554 1520 1604 alterum,
1541 1552 1604 1593 vi·-

37 1610 227 1652 dendum
248 1616 312 1652 est
332 1617 490 1663 tamen,
513 1611 617 1666 quid
637 1611 708 1653 ille
732 1611 871 1666 possit
892 1611 1117 1653 sustinere.
1179 1610 1366 1652 Omnino
1388 1609 1604 1660 amicitiae,

37 1667 319 1709 corroboratis
330 1668 421 1724 jam
439 1668 788 1723 confirmatisque
806 1676 848 1710 et
868 1668 1052 1724 ingeniis
1070 1675 1114 1709 et
1130 1668 1345 1719 aetatibus,
1356 1667 1604 1723 judicandae

37 1731 162 1775 sunt3
194 1739 289 1775 nec,
311 1725 423 1780 siqui
454 1724 627 1766 ineunte
650 1732 776 1766 aetate
797 1725 981 1767 venandi
1003 1732 1076 1766 aut
1106 1725 1205 1781 pilae
1226 1724 1408 1766 studiosi
1429 1723 1601 1774 fuerint,

37 1795 112 1822 eos
132 1781 288 1822 habere
309 1782 574 1822 necessarios
596 1788 777 1836 oportet,
800 1797 907 1838 quos
928 1789 1019 1822 tum
1040 1783 1193 1823 eodem
1226 1781 1368 1822 studio
1399 1779 1603 1836 praeditos

37 1837 300 1880 dilexerunt:
333 1838 416 1879 isto
435 1837 548 1879 enim
568 1839 697 1878 modo
718 1840 908 1879 nutrices
926 1845 968 1879 et
986 1837 1229 1894 paedagogi,
1245 1839 1342 1893 jure
1358 1837 1601 1887 vetustatis,

34 1894 264 1950 plurimum
285 1894 596 1936 benevolentiae
616 1895 922 1950 postulabunt3
954 1895 1028 1950 qui
1048 1894 1299 1950 negligendi
1318 1894 1494 1950 quidem
1514 1907 1601 1934 non

36 1957 149 2001 sunt,
172 1951 249 1992 sed
268 1951 352 1992 alio
370 1952 557 2008 quodam
578 1952 708 1992 modo
727 1951 896 1992 colendi
914 1968 923 1992 :
956 1951 1078 1992 aliter
1098 1951 1298 1992 amicitiae
1315 1950 1493 1992 stabiles
1510 1964 1602 2007 per..

34 2022 204 2049 manere
225 2022 312 2049 non
333 2015 535 2064 possunt:
559 2008 752 2064 dispares
769 2008 884 2050 enim
905 2023 1045 2049 mores
1060 2008 1247 2063 disparia
1259 2007 1402 2049 studia
1415 2022 1600 2064 sequun-

33 2072 305 2120 tur,quorum
319 2065 626 2106 dissimilitudo
640 2065 848 2106 dissociat
860 2065 1085 2106 amicitias.
1108 2065 1202 2106 Nec
1215 2065 1269 2106 ob
1283 2064 1411 2105 aliam
1424 2079 1600 2106 causam

33 2122 165 2162 ullam
185 2121 286 2162 boni
307 2122 529 2178 improbis,
550 2122 733 2178 improbi
763 2122 903 2174 bonis,
925 2122 1051 2163 amici
1074 2137 1169 2163 esse
1190 2137 1278 2163 non
1298 2128 1495 2178 possunt,
1515 2121 1599 2163 nisi

33 2177 150 2234 quod
172 2184 292 2219 tanta
308 2186 375 2220 est
393 2179 503 2220 inter
519 2194 607 2230 eos,
625 2185 787 2234 quanta
802 2179 988 2220 maxima
1004 2185 1150 2235 potest
1163 2194 1271 2230 esse,
1288 2193 1453 2220 morum
1465 2178 1599 2220 studi-

35 2249 239 2291 orumque
261 2235 479 2278 distantia.
500 2234 638 2277 Recte
657 2235 785 2277 etiam
805 2236 976 2292 praecipi
997 2243 1142 2292 potest
1160 2236 1204 2276 in
1226 2235 1440 2287 amicitiis,
1461 2251 1514 2277 ne
1534 2235 1599 2277 in-

33 2298 269 2348 temperata
289 2293 486 2349 quaedam
503 2293 803 2335 benevolentia
818 2294 952 2349 (quod
969 2308 1159 2349 persaepe
1173 2294 1239 2345 fit)
1252 2293 1462 2348 impediat
1479 2307 1598 2349 mag-

33 2363 111 2391 nas
132 2348 339 2390 utilitates
362 2350 610 2392 amicorum.
672 2347 766 2392 Nec
789 2350 902 2391 enim
922 2354 989 2402 (ut
1020 2350 1074 2391 ad
1095 2350 1262 2391 fabulas
1283 2350 1473 2402 redeam)
1494 2349 1598 2390 Tr'o-

27 2406 119 2461 jam
149 2405 459 2461 Neoptolemus
492 2422 644 2463 capere
675 2408 902 2462 potuisset,
925 2407 960 2448 si
994 2407 1295 2463 Lycomedem,
1328 2407 1441 2463 apud
1468 2420 1596 2462 quem

33 2468 124 2504 erat
139 2462 361 2514 educatus,
375 2464 520 2505 multis
538 2479 635 2505 cum
657 2463 857 2520 lacrymis
874 2464 954 2505 iter
971 2479 1095 2505 suum
1112 2464 1431 2520 impedientem,
1448 2463 1594 2504 audire

31 2519 255 2561 voluisset.
314 2519 372 2561 Et
392 2535 505 2576 saepe
527 2520 725 2562 incidunt
753 2535 919 2577 magnae
949 2535 1033 2571 res,
1052 2528 1100 2562 ut
1121 2521 1432 2562 discedendum
1451 2519 1508 2561 sit
1538 2520 1593 2561 ab

32 2576 207 2618 amicis:
259 2592 366 2632 quas
404 2578 479 2634 qui
518 2577 725 2633 impedire
753 2578 860 2629 vult,
890 2578 1006 2634 quod
1045 2578 1305 2619 desiderium
1342 2591 1429 2618 non
1465 2575 1595 2618 facile

30 2632 154 2682 ferat,
166 2633 202 2675 is
215 2639 259 2675 et
274 2635 467 2675 infirmus
484 2641 550 2676 est
569 2635 797 2690 mollisque
818 2634 987 2686 natura,
1001 2639 1058 2685 et,
1069 2635 1124 2676 ob
1139 2649 1232 2676 eam
1247 2634 1387 2689 ipsam
1400 2648 1592 2684 causam,

28 2688 74 2733 in
93 2690 285 2732 amicitie
304 2691 454 2748 parum
468 2692 628 2748 justus.
685 2692 830 2748 Atque
860 2692 902 2733 in
926 2691 1041 2732 omni
1062 2706 1106 2733 re
1127 2690 1487 2734 considerandum
1506 2697 1591 2744 est,

29 2753 74 2791 et
92 2747 198 2806 quid
213 2749 412 2807 postules
430 2749 486 2793 ab
506 2748 662 2802 amico,
682 2755 727 2793 et
743 2748 850 2807 quid
869 2748 1034 2807 patiare
1055 2747 1083 2791 a
1100 2754 1144 2792 te
1164 2748 1402 2807 impetrari.
