1790 3090
18 162 104 206 362

690 156 780 189 PRO
807 154 1068 189 MARCELLO.

100 238 204 291 sint,
224 242 268 280 et
287 236 395 279 tanti
415 246 626 283 recessuS,
646 246 877 291 augeamus
899 232 1002 276 sane
1033 231 1326 290 suspicionem
1355 236 1500 282 tuam;
1531 230 1663 273 simu}

103 296 218 338 enim
231 293 484 351 augebimus
498 298 541 333 et
557 290 840 346 diligentiam.
871 292 984 333 Nam
998 290 1094 346 quis
1108 297 1173 331 est
1188 289 1376 332 omnium
1390 295 1478 330 tam
1491 288 1662 345 ignarus

101 368 257 405 rerum,
275 359 363 393 tam
379 349 495 391 rudis
513 349 557 389 in
577 347 812 404 republica,
827 355 913 388 tam
931 348 1034 389 nihil
1049 362 1237 403 unquam
1255 362 1334 388 nec
1350 346 1403 387 de
1421 345 1501 387 sua
1517 359 1596 387 nec
1609 343 1663 385 de

104 408 323 452 communi
344 408 480 448 salute
501 405 715 461 cogitans,
737 404 809 460 qui
834 420 921 446 non
951 404 1178 461 intelligat,
1199 403 1275 445 tua
1297 403 1433 445 salute
1455 399 1668 444 contineri

29 464 86 506 20
106 466 256 509 suam?
289 472 332 506 et
362 479 414 506 ex
445 463 570 504 unius
602 461 677 503 tua
701 462 833 503 vitam
862 462 1048 518 pendere
1070 461 1285 503 omnium?
1316 460 1532 516 Equidem
1550 458 1603 500 de
1624 463 1667 508 te

107 524 198 565 dies
228 529 465 577 noctesque
487 523 552 576 <ut
572 519 730 568 debeo)
753 518 965 574 cogitans,
997 533 1122 560 casus
1154 519 1362 559 duntaxat
1381 518 1604 564 humanos,
1626 520 1671 574 et

108 580 299 622 incertos
331 584 508 620 eventus
536 575 809 627 valetudinis,
844 583 887 617 et
916 582 1077 616 naturae
1107 574 1348 616 communis
1379 573 1666 630 fragilitatem,

106 637 364 688 extimesco3
384 635 610 690 doleoque,
633 632 730 675 cum
746 632 988 695 res-publica
1008 632 1260 674 immortalis
1277 646 1370 672 esse
1389 632 1558 683 debeat,
1575 643 1670 670 eam

107 695 154 736 in
174 695 300 735 unius
323 692 515 734 mortalis
537 690 679 732 anim&
700 697 949 732 cons1stere.

33 753 90 794 25
110 751 383 806 incertosque
402 755 578 790 eventus
596 746 1051 798 valetudinis‚sceleris
1068 748 1196 789 etiam
1213 744 1674 788 accedatinsidiarum-

1010 689 1057 730 Si
1077 688 1190 741 vero,
1209 689 1263 730 ad
1290 689 1499 729 humanos
1527 701 1668 738 casus,

110 824 194 865 que
216 807 469 857 consensi03
502 820 629 861 quem
651 805 793 855 deum,
818 804 946 845 etiam
977 803 1012 845 si
1045 804 1206 859 cupiat,
1227 802 1426 860 opitulari
1448 816 1576 859 posse
1596 799 1674 841 rei-

109 865 296 922 publicae
346 861 652 916 credamus&
669 861 826 901 Omnia
872 867 972 902 sunt
1016 860 1246 902 excitanda
1286 860 1382 912 tibi,
1421 859 1470 901 C.
1514 857 1673 908 Caesar,

109 922 201 972 uni,
217 936 312 977 quae
329 921 473 976 jacere
496 917 645 968 sentis,
661 917 763 958 belli
783 917 920 972 ipsius
936 917 1101 973 impetu
1118 917 1253 973 (quod
1275 931 1453 958 necesse
1470 916 1565 970 fuit)
1581 929 1673 971 per-

112 979 235 1020 culsa
273 984 400 1032 atque
440 982 673 1031 prostrata:
720 973 1023 1014 constituenda
1055 974 1237 1030 judicia,
1276 973 1518 1015 revocanda
1551 972 1675 1022 fides,

38 1036 93 1076 30
113 1033 447 1091 comprimendae
482 1031 1035 1093 blibicline&propaganda
1065 1030 1260 1071 soboles:
1293 1030 1450 1079 omnia,
1483 1044 1578 1086 quae
1611 1028 1676 1084 di’.

111 1093 231 1148 lapsa
246 1092 338 1147 jam
359 1091 588 1139 fluxerunt,
610 1102 765 1129 severis
784 1086 955 1142 legibus
971 1086 1214 1128 cvincienda
1235 1094 1350 1128 sunt.
1393 1086 1495 1127 Non
1513 1086 1597 1127 fuit
1615 1100 1677 1127 re-

115 1149 369 1198 cusandum,
390 1147 434 1187 in
456 1152 577 1186 tanto
599 1145 709 1186 bello
733 1144 864 1195 civili,
885 1150 1095 1200 tantoque
1120 1144 1360 1185 animorum
1379 1144 1529 1185 ardore
1551 1150 1594 1184 et
1612 1157 1677 1183 ar-

111 1204 404 1261 morum‚quin
423 1209 624 1259 quassata
643 1201 899 1258 respublica,
914 1201 1174 1257 quicumque
1195 1201 1294 1243 belli
1315 1208 1491 1243 eventus
1509 1200 1676 1250 fuisset,

113 1264 250 1304 multa

279 1261 475 1318 perderet
505 1267 548 1301 et
578 1265 828 1300 ornamenta
858 1258 1098 1314 dignitatis,
1131 1265 1174 1300 et
1203 1257 1400 1315 praesidia
1431 1255 1678 1299 stabilitatis

39 1320 95 1361 35
117 1335 227 1369 suae3
259 1319 479 1373 multaque
512 1324 688 1373 uterque
720 1317 808 1357 dux
840 1315 999 1356 faceret
1030 1323 1230 1367 armatus,
1252 1330 1348 1371 quae
1370 1315 1484 1356 idem
1505 1320 1677 1371 togatus

116 1377 205 1418 fieri
228 1376 539 1432 prohibuisset:
572 1388 666 1429 quae
687 1373 863 1429 quidem
889 1388 1004 1414 nunc
1024 1372 1103 1414 tibi
1125 1373 1269 1414 omnia
1290 1373 1391 1414 belli
1413 1372 1585 1413 vulnera
1607 1385 1679 1412 cu-

116 1434 250 1475 randa
271 1442 384 1483 sunt,
406 1431 576 1487 quibus,
598 1439 749 1486 praeter
767 1437 824 1481 te,
846 1429 1006 1471 mederi
1028 1445 1153 1472 nemo
1175 1436 1333 1486 potest.
1393 1430 1544 1485 Itaque
1565 1428 1681 1468 illam

116 1498 235 1531 tuam
265 1488 632 1545 praeclarissimam
673 1494 715 1528 et
755 1486 1116 1542 sapientissimam
1136 1502 1290 1528 vocem
1328 1487 1487 1528 invitus
1520 1483 1680 1536 audivi,

119 1548 222 1588 satis
256 1553 298 1587 te
332 1546 405 1587 diu
425 1546 490 1586 vel
521 1552 683 1585 naturae
705 1543 877 1595 vixisse,
898 1545 965 1585 vel
996 1545 1168 1600 gloriae:
1201 1545 1319 1596 satis,
1352 1544 1389 1585 si
1419 1543 1480 1584 ita
1509 1542 1588 1594 vis,
1609 1556 1681 1592 na-

43 1605 99 1646 40
117 1610 222 1646 turae
253 1601 462 1653 fortasse3
494 1602 606 1643 addo
649 1601 793 1652 etiam,
825 1602 861 1642 si
902 1602 1059 1657 placet,
1101 1601 1273 1657 gloriae3
1306 1608 1350 1642 at
1381 1599 1518 1657 (quod
1547 1598 1681 1662 niaxi-

118 1676 235 1703 mum
267 1664 350 1712 est)
381 1659 529 1716 patriae
576 1658 689 1700 certe
735 1657 897 1714 parum.

977 1658 1120 1706 Quare
1167 1658 1330 1710 omitte,
1362 1672 1525 1715 quaeso,
1555 1664 1684 1697 lstam

118 1719 344 1759 doctorum
381 1716 602 1758 hominum
646 1715 689 1756 in
736 1715 1051 1757 contemnenda
1091 1723 1226 1756 morte
1268 1714 1563 1771 prudentiam:
1594 1712 1683 1755 noli

116 1782 266 1816 nostro
288 1773 477 1830 periculo
500 1774 670 1829 sapiens
694 1787 813 1824 esse;
846 1771 959 1828 saepe
980 1772 1094 1814 enim
1115 1772 1234 1814 venit
1263 1773 1317 1813 ad
1347 1787 1469 1814 aures
1535 1785 1621 1819 eas,
1641 1777 1684 1811 te

119 1831 237 1873 idem
267 1831 384 1872 istud
414 1831 541 1872 nimis
573 1829 722 1871 crebro
755 1829 911 1882 dicere,
948 1830 1052 1872 satis
1084 1837 1125 1871 te
1157 1829 1237 1870 tibi
1267 1827 1480 1895 vixissem}
1514 1827 1680 1870 Credo:

471 1945 488 1969 b
497 1948 510 1987 ἱ
515 1960 550 1986 m
554 1946 671 1999 probi
676 1951 718 1987 {a
725 1951 794 1987 tes.

166 2118 217 2150 27.
256 2118 360 2149 Omnia
388 2125 456 2149 sunt
493 2118 644 2149 miranda
682 2118 761 2158 tibi]
822 2117 884 2148 Hic

125 2162 235 2194 Cicero
251 2162 389 2192 hortatur
406 2162 572 2198 Caesarmn,
586 2168 618 2192 ut
631 2161 808 2202 reipublicm
823 2162 883 2191 for-

123 2216 206 2236 mam
233 2211 265 2235 et
291 2205 476 2245 dignitatern
515 2205 669 2242 restituat,
696 2215 767 2246 qua:
796 2204 883 2235 bellis

123 2249 265 2280 civilibus
281 2248 507 2288 tota-jacuerat.

169 2295 222 2322 29.
234 2291 345 2332 Fides]
354 2291 392 2321 Id
404 2297 460 2328 est,
471 2291 595 2322 creditae
607 2291 748 2332 pecuniae
760 2291 885 2321 solutio.

166 2336 221 2365 30.
235 2334 435 2375 Propaganda
443 2335 570 2375 soboles]
579 2334 751 2365 Translatio
763 2341 886 2375 sumpta

125 2377 144 2407 ὲ
161 2378 285 2418 plantis.
322 2377 722 2418 Curabantdiligentissime
738 2377 886 2414 Romani,

124 2426 160 2450 ut
184 2420 304 2450 soboles
329 2426 501 2461 augeretur,
523 2427 557 2451 ut
578 2421 690 2451 civium
715 2421 886 2452 multitudi-

124 2473 195 2493 nem
212 2465 372 2493 haberent.

169 2509 222 2538 33.
248 2507 425 2546 Quicumque
436 2505 768 2548 belliereneussuisset.]
815 2506 887 2537 Sive

127 2549 298 2591 Pompeius
315 2551 450 2584 vicisset,
467 2550 531 2579 sive
549 2549 662 2580 Caesar.

171 2595 225 2624 35.
250 2592 404 2634 Tugulus]
428 2592 514 2632 Toga
532 2593 650 2631 insigne
668 2592 726 2622 fuit
738 2593 834 2633 paciS.

172 2639 226 2667 36.
252 2635 486 2675 Bellivulnera]
511 2635 665 2675 Intelligit
678 2635 887 2675 incommoda,

130 2690 199 2720 quae
225 2680 376 2710 bellorum
402 2679 539 2710 civilium
555 2683 694 2720 tempore
716 2690 806 2720 passa
831 2680 890 2710 fuit

127 2721 273 2763 Respub.

172 2767 224 2796 37.
249 2765 352 2806 Itaque
365 2765 447 2796 illam
463 2764 570 2805 tuam]
608 2764 706 2796 Venit
722 2765 761 2795 ad
779 2776 888 2797 secun-

127 2808 200 2840 dam
228 2809 313 2840 illam
339 2816 459 2851 partem
488 2808 634 2843 orationis
658 2819 751 2850 quani
780 2809 889 2841 habuit

1087 1952 1104 2001 ξ
1126 1945 1337 1986 mnamla.

930 2118 1034 2148 Caesar
1056 2117 1087 2148 in
1103 2123 1225 2155 senatu,
1242 2117 1306 2153 ubi,
1321 2121 1487 2158 postquam
1503 2121 1691 2158 conquestus

930 2167 977 2191 est
993 2162 1031 2191 de
1048 2161 1192 2192 Marcelli
1216 2161 1395 2197 acerbitate,
1411 2165 1443 2190 et
1458 2160 1498 2190 (le
1513 2160 1690 2201 suspicione

929 2204 1120 2240 insidiarum,
1148 2205 1225 2235 dixit
1252 2203 1378 2234 demum
1402 2203 1512 2235 vixisse
1541 2213 1575 2234 se
1604 2203 1688 2234 satis.

929 2247 1021 2278 Hanc
1035 2247 1105 2279 vero
1116 2248 1358 2290 propositionem
1368 2246 1478 2278 Cicero
1488 2246 1690 2277 refellendam

929 2291 1066 2331 suscipit.

973 2336 1025 2365 39.
1054 2334 1105 2365 Vel
1132 2341 1244 2366 natum
1271 2333 1397 2375 vixisse]
1442 2333 1514 2365 Jam
1539 2333 1691 2375 quinqua-

930 2378 1081 2418 gesimum
1112 2384 1255 2419 quartum
1291 2378 1391 2409 aetatis
1427 2387 1542 2408 annum
1578 2377 1692 2417 agebat

931 2421 1046 2451 Caesar.
1586 2452 1589 2454 .

975 2467 1028 2494 41.
1051 2463 1139 2494 Istam
1163 2466 1307 2495 doctorum
1329 2462 1503 2504 hominumn]
1548 2462 1623 2493 Non
1647 2470 1695 2494 est

932 2507 1060 2537 dubium
1077 2508 1152 2547 quin
1168 2507 1218 2538 hic
1235 2509 1274 2537 de
1291 2507 1406 2537 Stoi'cis
1431 2506 1622 2547 philosophis
1645 2506 1693 2535 lo-

932 2554 1053 2590 quatur,
1072 2551 1124 2590 qui
1149 2551 1189 2581 de
1213 2549 1441 2581 contemnenda
1464 2554 1559 2579 morte
1583 2549 1695 2580 acriter

930 2593 1099 2633 disputant.

975 2639 1028 2668 44.
1054 2635 1091 2666 Te
1113 2637 1164 2666 tibi
1186 2636 1311 2677 vixisse-J
1358 2635 1535 2671 Suetonius,
1552 2646 1623 2677 cap.
1638 2638 1692 2672 86,

932 2679 964 2710 in
987 2679 1083 2715 Juli0,
1099 2680 1201 2716 refert,
1218 2680 1372 2710 Caesarem
1395 2679 1602 2720 suspicionem
1626 2679 1697 2720 qui-

933 2723 1061 2753 busdam
1090 2733 1213 2753 suorum
1239 2723 1411 2764 reliquisse,
1433 2732 1537 2763 neque
1559 2721 1693 2753 voluisse

933 2776 966 2796 se
991 2764 1106 2796 diutius
1122 2766 1238 2802 vivere,
1260 2776 1363 2807 neque
1384 2765 1519 2802 curasse,
1539 2764 1624 2808 quod
1639 2775 1693 2796 va-

933 2809 1071 2840 letudine
1087 2809 1187 2841 minus
1203 2809 1352 2853 prosperii
1366 2814 1515 2843 uteretur.
