1790 3090
71 166 158 219 384
788 175 881 209 PRo
912 175 1120 209 LIGARIO.

149 261 292 306 neque
311 247 438 291 nobis
459 245 712 291 necessariis
729 246 834 301 suis,
866 249 942 291 sed
961 248 1091 290 etiam
1112 246 1373 305 reipublicae,
1394 246 1721 291 condonaveris.

150 304 239 347 Fac
258 306 402 363 igitur,
419 306 535 362 quod
551 306 605 347 de
626 305 800 347 homine
816 305 1086 348 nobilissimo
1108 312 1152 347 et
1171 306 1408 348 clarissimo
1430 305 1495 346 M.
1512 305 1720 348 Marcello

148 363 348 404 restituto
378 362 523 404 fecisti
550 377 685 419 nuper
714 362 759 403 in
787 363 920 414 curia,
952 377 1066 403 nunc
1095 362 1211 404 idem
1240 363 1286 404 in
1315 363 1409 404 foro
1441 363 1494 404 de
1528 362 1719 418 optimis,

73 426 129 468 60
149 425 194 460 et
208 418 310 462 huic
330 419 446 460 omni
463 419 713 476 frequentiae
732 419 1047 476 probatissimis
1070 419 1285 462 fratribus.
1323 419 1385 460 Ut
1400 419 1655 461 concessisti
1671 419 1721 460 il-

147 477 237 517 lum
265 476 448 528 senatui,
480 476 544 518 sic
572 477 627 518 da
649 476 764 518 hunc
799 477 974 532 populo,
1009 477 1131 532 cujus
1165 477 1428 518 voluntatem
1457 475 1720 522 carissimam

147 547 316 597 semper
331 532 539 575 habuisti:
560 540 615 583 et,
635 533 671 574 si
687 533 759 575 ille
776 533 867 575 dies
883 533 961 575 tibi
975 532 1326 590 gloriosissimus,
1347 533 1506 590 populo
1521 532 1718 574 Romano

148 589 416 645 gratissimus
438 590 540 642 fuit3
575 590 682 642 noli,
714 590 910 642 obsecro,
943 589 1154 641 dubitare,
1176 590 1255 631 Cai
1273 590 1431 641 Caesar,
1453 589 1634 631 similem
1653 589 1718 631 illi

143 646 293 703 gloriae
313 647 483 688 laudem
506 646 635 703 quam
667 646 907 703 saepissime
927 661 1126 704 quaerere.
1174 646 1295 688 Nihil
1316 654 1382 688 est
1402 646 1514 687 enim
1535 652 1624 688 tam
1643 661 1718 703 po-

68 711 126 753 65
142 704 290 760 pulare
312 702 440 760 quam
460 704 657 756 bonitas3
694 704 810 745 nulla
841 704 895 746 de
922 704 1151 746 virtutibus
1182 703 1267 745 tuis
1298 703 1491 760 plurimis
1522 718 1604 745 nec
1624 718 1716 760 gra-

141 759 240 811 tior,
261 775 343 802 nec
363 760 666 812 admirabilior,
699 761 990 803 misericordia
1018 767 1096 802 est.
1159 761 1368 802 Homines
1390 760 1504 802 enim
1531 760 1585 801 ad
1607 761 1714 802 deos

139 817 262 859 nulla
280 832 324 858 re
345 817 520 873 propius
539 818 767 869 accedunt,
786 817 916 874 quam
936 819 1120 859 salutem
1134 817 1381 860 hominibus
1402 817 1561 859 dando.
1592 816 1715 858 Nihil

139 873 274 915 habet
308 888 390 915 nec
427 874 600 915 fortuna
627 880 701 915 tua
734 876 871 930 majus
902 875 1034 931 quam
1068 881 1116 916 ut
1150 875 1307 932 possiS,
1345 889 1426 917 nec
1453 880 1605 915 natura
1636 881 1710 916 tua

139 929 294 971 melius
330 928 461 986 quam
501 937 550 971 ut
578 931 701 982 velis,
738 945 987 973 conservare
1018 946 1147 987 quam
1177 932 1396 988 plurimos.
1457 931 1713 988 Longiorem

66 996 123 1038 '70
142 986 379 1028 orationem
411 1001 544 1028 causa
573 987 750 1028 forsitan
781 988 988 1044 postulat,
1018 993 1094 1029 tua
1124 989 1240 1030 certe
1275 995 1427 1030 natura
1460 988 1711 1030 breviorem.

140 1042 300 1095 Quare,
316 1042 415 1085 cum
431 1043 578 1085 utilius
596 1059 690 1086 esse
704 1045 880 1086 arbitrer
892 1051 935 1086 te
951 1044 1109 1101 ipsum,
1123 1044 1255 1101 quam
1267 1059 1350 1096 me,
1365 1051 1438 1085 aut
1450 1059 1711 1101 quemquam

137 1099 259 1157 loqui
290 1109 450 1153 tecum,
477 1101 607 1144 finem
628 1102 720 1157 jam
754 1102 931 1143 faciam:
964 1101 1131 1143 tantum
1157 1108 1200 1143 te
1221 1101 1361 1158 ipsum
1382 1101 1637 1152 admonebo,
1669 1101 1707 1143 si

137 1157 201 1200 illi
221 1157 390 1201 absenti
412 1157 595 1203 salutem
615 1158 801 1213 dederis,
822 1158 1108 1216 praesentibus
1128 1159 1196 1202 his
1217 1158 1416 1202 omnibus
1437 1163 1480 1200 te
1497 1158 1710 1201 daturum.

180 1343 234 1373 58.
257 1340 305 1372 Μ.
330 1340 497 1385 Marcella]
522 1341 671 1383 Pepercit
682 1341 732 1375 M.
745 1340 900 1373 Marcello
985 1343 1040 1373 59.
1068 1342 1209 1385 Inform]
1266 1342 1306 1376 In
1329 1342 1396 1376 soro
1412 1342 1562 1384 agebatur
1576 1341 1642 1378 haec
1654 1341 1708 1376 Li*-

137 1386 254 1423 caesar,
266 1384 339 1416 licet
349 1385 554 1417 infensissimo
565 1385 625 1416 sibi
637 1396 646 1423 3
667 1386 706 1416 de
720 1385 807 1426 cujus
815 1396 900 1417 acer·
943 1385 1020 1428 gatii
1034 1396 1140 1420 causa·

136 1430 233 1462 bitate
248 1428 352 1473 palam
367 1430 400 1463 in
414 1435 524 1463 senatu
538 1434 728 1473 conquestus
742 1430 855 1463 suerat.
