1759 2997
66 161 152 204 530
773 158 922 192 NOTAE.

68 238 230 278 Eodem
246 236 486 279 Munatius
505 233 700 274 Plancus
722 233 871 287 frater
894 233 943 273 L.
963 231 1123 272 Planci
1155 233 1350 282 oratoris,
1385 238 1425 274 et
1447 234 1495 282 Q.
1513 232 1638 276 Pom-

60 296 190 347 peius
203 295 355 349 Rufus
372 292 515 333 Sullae
528 291 747 331 dictatoris
761 290 918 345 eoefilici
931 303 1076 342 nepos,
1098 289 1264 330 tribuni
1275 290 1426 343 plebis,
1442 305 1636 332 accurre-

66 357 176 392 runt
189 368 201 392 :
224 353 366 402 eisque
379 348 664 396 hortantibus,
678 348 839 399 vulgus
851 348 1099 399 imperitum
1112 360 1268 399 corpus
1284 347 1469 396 nudum,
1479 349 1638 389 calcea-

65 412 172 457 tum,
182 409 296 447 sicut
311 409 358 446 in
372 407 475 445 lecto
490 408 584 444 erat
594 405 799 456 positum,
818 408 869 443 ut
886 404 1068 443 vulnera
1081 404 1216 442 videri
1226 408 1414 455 possent,
1432 405 1480 444 in
1483 406 1638 459 forum

63 465 231 512 detulit,
247 468 286 503 et
304 464 350 502 in
360 462 530 502 Rostris
541 462 700 512 posuit.
734 460 803 500 Ibi
814 474 895 512 pro
911 461 1111 499 concione
1124 459 1319 499 Plancus
1332 464 1372 500 et
1387 458 1636 514 Pompeia-3,

60 522 136 572 qui
166 518 508 573 competitoribus
530 517 583 557 M
589 518 715 557 ilonis
734 517 980 564 studebant,
1002 516 1210 555 invidiam
1233 516 1395 556 Miloni
1404 517 1635 571 fecerunt:

55 578 263 630 populus,
285 578 391 616 duce
415 573 532 614 Sept.
557 574 702 614 Cloelio
722 569 872 621 scribci,
895 586 1048 624 corpus
1071 570 1127 611 P.
1146 572 1281 612 Clodii
1302 571 1351 612 in
1370 576 1540 614 curiam
1564 577 1635 615 in-

59 635 177 681 tulit,
194 634 479 684 cremacitquc
494 632 719 678 subselliis,
738 635 779 670 et
794 629 1097 677 tribunalibus,
1116 634 1157 669 et
1171 630 1342 678 mensis,
1361 634 1402 670 et
1421 631 1634 672 codicibus

60 690 336 730 librariorum
350 706 363 729 .·
395 702 477 741 quo
493 689 596 739 igne
616 692 657 726 et
671 688 767 738 ipsa
787 700 954 739 quoque
973 687 1097 725 curia
1101 687 1256 739 flagra
1264 688 1335 734 vit,
1357 691 1398 726 et
1411 688 1511 728 item
1529 687 1636 729 Por-

59 747 126 786 cia
149 747 338 794 basilica,
361 758 462 797 quse
485 746 522 784 ei
549 748 643 784 erat
664 745 841 795 juncta,
865 744 1059 782 ambusta
1082 747 1166 788 est‚·
1197 742 1367 782 domum
1383 757 1548 796 quoque
1564 745 1631 785 M.

59 802 213 855 Lepidi
233 803 463 853 interregis
494 803 548 850 (is
575 802 686 840 enim
709 802 993 851 magistratus
1024 800 1193 838 curulis
1226 804 1321 839 erat
1353 802 1561 851 creatus),
1590 805 1633 842 et

57 859 244 899 absentis
263 859 460 906 ffisilonis,
481 858 626 897 eadem
645 858 722 896 illa
748 855 961 896 Clodiana
982 855 1218 895 multitudo
1239 858 1536 908 oppugnavit:
1564 858 1633 898 de-

56 916 156 954 inde
176 916 348 966 sagittis
367 915 542 966 repulsa
559 917 643 959 est;
676 917 770 952 tum
779 913 940 965 fasces,
962 925 1013 952 ea:
1033 913 1134 951 lecto
1149 911 1357 952 Libitince
1381 918 1543 965 raptos,
1566 918 1632 955 at-

57 973 160 1012 tulit
181 973 238 1011 ad
254 972 425 1011 domum
448 969 662 1022 Scipionis
693 974 734 1009 et
755 970 808 1009 H
805 971 957 1022 ypscei,
991 968 1143 1007 deinde
1168 969 1226 1007 ad
1244 969 1386 1008 hortos
1405 969 1486 1012 Cn.
1503 970 1629 1011 Pom-

49 1030 155 1081 peii,
178 1030 406 1068 clamitans
423 1041 519 1068 eum
539 1027 658 1066 modo
677 1028 907 1074 consulem,
928 1025 1046 1065 modo
1066 1025 1329 1064 dictatorem.

110 1086 369 1125 Incendium
397 1085 534 1124 carice
569 1083 769 1134 majorem
802 1084 1028 1135 aliquanto
1062 1081 1409 1132 indignationem
1437 1083 1629 1124 civitatis

54 1147 256 1190 moverat,
279 1141 405 1194 quani
428 1140 667 1193 interfectio
690 1140 843 1180 Clodii.

111 1199 266 1250 Itaque
283 1199 408 1246 Milo,
425 1211 548 1250 quenz
569 1198 713 1249 opinio
719 1197 879 1250 fuerat
894 1196 1019 1237 ivisse
1034 1196 1083 1236 in
1099 1195 1397 1236 voluntarium
1410 1196 1624 1246 eoesilium,

52 1251 219 1296 invidic‘i
239 1256 583 1295 adversario-rum
608 1257 841 1301 recreatus,
869 1258 991 1293 nocte
1017 1250 1065 1292 eci
1092 1252 1280 1292 redierat
1312 1253 1507 1301 Romam,
1538 1252 1627 1305 qulz'

48 1314 227 1352 incensa
248 1317 342 1351 erat
361 1313 511 1357 curia,·
530 1311 783 1363 petebatque
802 1308 937 1349 nihilo
954 1307 1139 1350 deterius
1155 1310 1430 1350 consulatum
1443 1326 1456 1350 .·
1479 1307 1626 1363 apert&

48 1383 216 1421 quoque
232 1369 423 1409 tributim
446 1371 494 1409 in
514 1368 709 1419 singulos
729 1368 867 1407 millia
889 1368 1050 1406 assium
1073 1366 1259 1406 dederat.

107 1427 363 1466 Concioneni
390 1428 518 1466 etiam
540 1426 577 1464 ci
604 1428 698 1476 post
717 1425 880 1475 aliquot
900 1424 989 1463 dies
1016 1423 1132 1463 dedit
1151 1423 1209 1462 M
1209 1453 1216 1460 .
1237 1423 1399 1463 Coelius
1419 1423 1623 1464 tribunus

42 1483 191 1534 plebis,
211 1487 251 1522 et
265 1483 322 1522 M
321 1485 486 1523 anilius
501 1482 733 1521 Canianus
748 1481 842 1531 ejus
858 1481 1038 1532 collega,·
1063 1481 1286 1532 ipsiusque
1301 1493 1474 1519 causam
1493 1482 1624 1521 etiam

49 1539 107 1577 ad
122 1541 335 1592 populum
355 1540 616 1593 probabant:
649 1538 845 1577 dicebant
865 1539 1053 1589 utrique,
1076 1537 1239 1576 Miloni
1264 1535 1289 1576 ἀ
1314 1537 1460 1577 Clodio
1470 1538 1621 1592 factas

49 1609 137 1635 esse
158 1597 353 1636 iusidias.

105 1653 148 1692 F
149 1653 290 1692 iebant
310 1647 472 1692 interea
495 1653 572 1692 alii
593 1666 644 1692 ev
665 1653 765 1692 aliis
786 1653 1035 1703 interreges,
1063 1651 1139 1702 qui
1160 1652 1330 1691 comitia
1351 1651 1617 1701 consularia,

40 1713 219 1761 propter
238 1723 383 1749 eorum
405 1709 736 1749 candidatorum
757 1709 973 1748 tumultus
994 1711 1034 1747 ct
1054 1708 1221 1747 easdem
1236 1721 1396 1747 manus
1410 1712 1617 1758 armatas,

46 1766 198 1805 babere
217 1780 306 1805 non
335 1768 563 1818 poterant:
596 1767 743 1818 itaque
758 1764 1083 1817 primofactuni
1105 1769 1199 1804 erat
1220 1765 1268 1805 S.
1288 1764 1331 1803 C.
1356 1769 1408 1803 ut
1426 1766 1620 1805 interrex

47 1827 88 1862 et
109 1823 274 1862 tribuni
292 1823 439 1875 plebis,
462 1826 502 1860 et
524 1821 600 1861 Cn.
617 1823 863 1873 Pompeius,
881 1822 956 1871 qui
968 1833 1049 1872 pro
1068 1821 1241 1860 consule
1259 1821 1316 1859 ad
1334 1821 1486 1860 Urbem
1507 1825 1615 1870 erat,

43 1879 238 1918 'viderent
257 1893 312 1919 ne
336 1877 442 1929 quid
473 1879 716 1918 detrimenti
737 1879 865 1930 Resp.
889 1881 1080 1928 caperet,-
1115 1877 1300 1916 delectus
1321 1881 1466 1916 autem
1490 1875 1617 1917 Pom-

39 1936 168 1987 peius
203 1934 290 1975 totci
324 1931 459 1975 Italia
490 1936 680 1974 liaberet.-
712 1936 788 1986 qui
817 1934 910 1973 caim
929 1930 1096 1972 summa
1115 1934 1330 1972 celeritate
1355 1934 1618 1984 praesidium

44 1993 342 2043 comparcisset,
374 1993 710 2043 postulaverunt
741 1991 862 2043 apud
899 2003 996 2029 eum
1025 1989 1246 2042 familiam
1287 1989 1485 2036 Milonis,
1517 1991 1617 2031 item

46 2048 232 2088 Faustse
263 2050 413 2088 uoeoris
440 2048 547 2098 ejus,
583 2048 876 2094 eoebibendam,
911 2047 995 2085 duo
1022 2046 1341 2094 adolescentuli,
1373 2047 1449 2098 qui
1480 2045 1618 2099 Appii

48 2104 223 2144 Claudii
244 2106 361 2144 ambo
384 2105 733 2157 appellabantur,
757 2105 833 2156 qui
854 2107 980 2143 erant
1005 2101 1046 2141 C.
1068 2102 1359 2156 Claudiifllii,
1381 2103 1617 2156 quifrater

32 2162 192 2216 fuerat
213 2160 373 2208 Clodii,-
390 2165 444 2210 et,
458 2162 504 2200 ob
521 2162 579 2209 id,
596 2162 663 2201 illi
678 2161 833 2213 patrui
850 2161 920 2199 sui
936 2163 1124 2207 mortem,
1142 2160 1260 2198 velut
1275 2163 1448 2199 auctore
1449 2160 1614 2213 fratre,

36 2220 406 2270 persequebantur
415 2234 428 2258 .·
450 2219 616 2257 easdem
625 2218 668 2257 F
667 2221 811 2257 cticstce
825 2221 866 2256 et
879 2216 1269 2268 AWilonisfamilias
1278 2217 1616 2268 postulaverunt

40 2275 125 2314 dieo
150 2276 318 2322 Valerii,
341 2275 487 2326 Nepos
504 2279 544 2314 et
561 2275 659 2322 Leo,
680 2279 721 2314 et
734 2274 782 2313 L.
799 2274 1058 2313 Herennius
1074 2272 1252 2311 Balbus.
1285 2273 1336 2312 P.
1354 2271 1492 2312 Clodii
1513 2287 1614 2325 quo-

39 2332 368 2384 quefamiliam,
391 2336 432 2370 ct
447 2333 647 2371 comitum
663 2332 771 2382 ejus,
794 2331 1036 2383 postulavit
1055 2329 1194 2368 eodem
1215 2333 1400 2381 tempore
1423 2329 1610 2371 Coelius:

29 2387 253 2441 samiliam
269 2389 470 2440 Hypscei,
493 2392 534 2428 ct
550 2390 596 2435 Q.
607 2388 789 2435 Metelli,
807 2387 1030 2426 Manilius
1047 2385 1280 2426 Canianus
1296 2386 1391 2437 ejus
1410 2387 1580 2437 collega.

96 2444 335 2500 Afficerunt
369 2445 426 2484 Μ
426 2446 530 2484 iloni
565 2446 612 2491 Q.
646 2444 925 2489 Hortensius,
959 2443 1024 2482 M.
1063 2442 1222 2490 Cicero,
1254 2442 1320 2482 M.
1354 2442 1609 2493 Marcellus,

41 2501 106 2541 M.
133 2501 345 2549 Calidius,
371 2501 436 2540 sps.
460 2502 581 2549 Cato,
605 2501 804 2540 Faustus
828 2497 966 2538 Sulla.
1033 2499 1161 2538 Verba
1178 2512 1325 2550 pauca
1347 2499 1394 2544 Q.
1418 2498 1609 2538 Horten-

40 2560 133 2598 sius
153 2559 284 2598 dioeit:
306 2570 407 2610 qucc
420 2562 539 2605 sunt,
557 2558 705 2596 liberos
717 2570 804 2596 esse
817 2570 898 2605 eos,
916 2556 990 2607 qui
1005 2569 1087 2607 pro
1102 2557 1234 2595 servis
1250 2555 1607 2607 postularentur:

40 2628 158 2662 nam,
175 2619 273 2667 post
293 2618 501 2654 recentem
521 2614 693 2663 caedem,
719 2614 1032 2653 manumiserat
1051 2625 1118 2652 eos
1138 2611 1249 2651 Milo
1269 2611 1347 2650 sub
1367 2611 1442 2651 hoc
1463 2613 1605 2661 titulo,

40 2672 151 2723 qudcl
171 2676 303 2723 caput
322 2685 450 2711 suum
471 2671 555 2710 ulti
575 2674 724 2710 essent.

97 2728 151 2767 H
150 2740 213 2767 ccc
234 2728 475 2780 agebantur
494 2740 635 2767 mense
648 2727 913 2767 intercalari.
961 2724 1068 2765 Post
1087 2725 1194 2764 diem
1217 2724 1483 2776 trigesimum
1492 2721 1604 2779 fere,

40 2782 166 2836 quam
186 2789 279 2827 erat
304 2783 481 2826 Clodius
493 2785 669 2834 occisus,
694 2786 740 2832 Q.
757 2783 963 2826 Metellus
975 2782 1121 2835 Scipio
1137 2783 1187 2823 in
1197 2785 1355 2823 senatu
1374 2786 1524 2823 contra
1536 2782 1603 2823 M.
