1790 3090
111 171 197 213 270

827 175 878 207 1N
903 173 1127 209 PISONEM.

185 244 270 286 nisi
299 247 347 286 ut
376 240 502 288 urbes
532 244 874 308 depopularetur,
907 262 1033 304 agros
1066 252 1267 299 vastaret,
1300 247 1543 292 exhauriret
1571 251 1748 304 d0m0s3

184 373 260 414 per
279 359 422 421 literas
443 359 673 414 postulare.

110 303 167 343 50
183 316 312 343 ausus
334 310 401 343 est
420 302 544 358 (quid
565 317 679 344 enim
704 304 775 344 ille
798 319 884 345 non
904 306 1081 346 auderet
1093 304 1128 355 2²)
1166 303 1192 345 ὀ,
1213 312 1365 347 senatu
1386 307 1751 362 supplicationem

736 359 774 401 O
797 360 855 401 dii
879 360 1159 403 immortales!
1193 372 1314 404 tu—ne
1337 362 1480 415 etiam,
1502 371 1629 420 atque
1643 365 1751 406 adeo

184 430 275 465 vos,
313 429 495 470 geminae
526 416 750 471 voragines
788 418 1036 473 scopulique
1064 417 1326 472 reipublicae,
1356 434 1430 461 vos
1463 435 1601 462 meam
1621 420 1755 461 fortu—

183 486 281 511 nam
301 471 564 526 deprimitis?
601 480 785 514 vestram
817 474 1050 514 extollitis?
1081 474 1179 514 cum
1213 475 1266 516 de
1293 490 1361 516 me
1384 490 1434 517 ea
1457 477 1757 518 senatus-con-

182 528 295 567 sulta
315 527 492 568 absente
514 528 628 569 facta
648 529 747 580 sint,
769 544 830 570 eae
847 529 1078 571 conciones
1100 529 1271 579 habitae,
1297 531 1333 572 is
1354 539 1495 574 motus
1515 532 1644 574 fuerit
1662 547 1753 573 mu-

109 584 165 623 55
184 583 435 638 nicipiorum
463 591 506 625 et
527 585 809 626 colomarium
841 586 1046 636 omnium,
1068 601 1117 627 ea
1138 587 1309 628 decreta
1329 589 1672 643 publicanorum,
1703 603 1755 630 ea

183 639 478 695 collegiorum,
511 656 561 681 ea
589 641 772 697 denique
793 656 996 697 generum
1018 643 1299 699 ordinumque
1321 645 1524 694 omnium,
1557 660 1652 702 quae
1671 658 1752 701 ego

183 710 269 736 non
291 695 419 737 inodo
442 704 587 752 optare
618 712 836 753 nunquam
864 699 1079 749 auderem,
1111 700 1187 740 sed
1219 699 1407 755 cogitare
1440 716 1527 742 non
1555 716 1754 757 possem;

182 766 259 792 vos
290 759 432 793 autem
465 753 742 809 sempiternas
773 755 1021 795 foedissimae
1051 756 1328 811 turpitudinis
1357 763 1482 798 notas
1521 757 1754 799 subieritis,

183 809 252 848 An
271 823 366 864 ego,
399 809 435 850 si
457 815 498 850 te
521 817 564 850 et
585 810 818 852 Gabinium
834 811 950 852 cruci
972 812 1147 853 suffixos
1171 813 1369 862 viderem,
1388 814 1548 869 majore
1565 814 1755 855 afficerer

110 863 165 905 60
182 863 334 905 laetitia
366 880 418 905 ex
449 866 639 920 corporis
674 867 804 907 vestri
837 867 1112 920 laceratione,
1154 868 1286 923 quam
1318 869 1481 911 afficior
1515 884 1568 911 ex
1598 869 1752 911 famae?

184 920 358 960 Nullum
380 928 446 961 est
466 922 724 977 supplicium
745 924 996 977 putandum,
1014 939 1099 980 quo
1117 925 1229 966 affici
1248 940 1350 966 casu
1368 926 1510 982 aliquo
1531 926 1660 967 etiam
1678 927 1756 967 bo-

182 976 227 1016 ni
251 976 323 1016 viri
345 976 564 1031 fortesque
586 987 793 1032 possunt:
831 986 959 1034 atque
982 980 1064 1022 hoc
1085 981 1257 1035 quidem
1281 982 1409 1023 etiam
1430 982 1501 1023 isti
1523 983 1586 1023 tui
1607 983 1756 1024 dicunt

182 1032 408 1087 voluptarii
437 1033 604 1084 Graeci3
645 1048 754 1089 quos
790 1035 954 1075 utinam
983 1036 1043 1076 ita
1073 1036 1256 1085 audires,
1287 1045 1336 1078 ut
1376 1046 1497 1079 erant
1530 1038 1753 1080 audiendi!

183 1103 402 1144 nunquam
423 1096 465 1130 te
486 1089 530 1129 in
550 1096 615 1130 tot
633 1089 797 1145 flagitia
816 1090 1140 1147 ingurgitfisseS.

111 1150 164 1189 65
183 1145 324 1201 pibus,
360 1146 481 1185 audis
516 1146 559 1185 in
590 1147 761 1201 stupris,
799 1147 920 1187 audis
951 1148 994 1188 in
1022 1148 1121 1189 cibo
1150 1155 1194 1189 et
1223 1149 1349 1200 vino3
1378 1150 1454 1190 sed
1485 1149 1637 1191 dicunt
1656 1151 1753 1206 ipsi,

1212 1092 1371 1134 Verum
1391 1094 1514 1134 audis
1535 1094 1579 1134 in
1599 1109 1754 1149 praese-

183 1200 256 1257 qui
291 1202 402 1241 mala
435 1202 595 1253 dolore,
633 1203 747 1242 bona
772 1203 992 1259 voluptate
1021 1205 1243 1257 definiunt,
1274 1205 1528 1261 sapientem,
1557 1206 1687 1247 etiam
1719 1207 1756 1248 si

180 1258 223 1298 in
247 1257 488 1299 Phalaridis
510 1265 631 1299 tauro
650 1258 843 1300 inclusus
865 1261 1084 1302 succensis
1105 1261 1277 1316 ignibus
1298 1269 1522 1314 torreatur,
1543 1262 1756 1304 dicturum

181 1321 325 1355 tamen
348 1329 476 1356 suave
497 1314 603 1355 illud
625 1330 733 1366 esse,
766 1330 947 1372 seseque
967 1331 1020 1358 ne
1042 1317 1252 1359 tantulum
1273 1318 1448 1373 quidem
1468 1319 1753 1361 commoveri:

181 1377 343 1411 tantam
365 1370 534 1412 virtutis
557 1386 651 1412 esse
671 1372 756 1412 vim
773 1372 1012 1424 voluerunt,
1046 1381 1093 1415 ut
1113 1389 1200 1415 non
1217 1382 1366 1430 posset
1381 1389 1569 1430 unquam
1585 1389 1678 1416 esse
1693 1375 1758 1416 vir

108 1433 165 1474 ¹70
182 1426 321 1468 bonus
341 1441 427 1468 non
451 1428 617 1469 beatus.
678 1429 786 1476 Quae
803 1436 871 1469 est
896 1429 1206 1493 igitur-poena?
1239 1431 1356 1486 quod
1377 1431 1663 1487 supplicium?
1694 1432 1755 1483 id,

179 1483 279 1524 mea
300 1484 531 1535 sententia,
562 1485 679 1540 quod
708 1484 904 1526 accidere
934 1500 1094 1526 nemini
1125 1493 1285 1541 potest,
1313 1487 1397 1527 nisi
1428 1488 1621 1539 nocenti;
1662 1503 1757 1529 sus-

183 1547 311 1596 cepta
345 1540 475 1592 fraus,
516 1540 723 1596 impedita
763 1548 805 1583 et
835 1556 1041 1597 oppressa
1071 1557 1193 1584 meus
1228 1542 1509 1593 conscientia,
1545 1544 1756 1585 bonorum

184 1597 347 1647 odium,
388 1605 492 1638 nota
530 1597 674 1638 inusta
714 1596 740 1638 a
780 1604 946 1649 senatu,

987 1598 1160 1640 amissio
1203 1598 1441 1654 dignitatis.
1521 1599 1617 1640 Nec
1649 1599 1755 1641 mihi

183 1652 253 1694 ille
288 1653 352 1694 Μ.
383 1653 591 1710 Regulus,
623 1668 750 1721 qpem
780 1654 1176 1710 Carthaginienses,
1207 1655 1382 1696 resectis
1413 1656 1642 1711 palpebris,
1673 1656 1756 1696 illi-

184 1765 401 1817 affectus3
461 1781 542 1808 nec
602 1767 652 1808 C.
696 1766 876 1819 Manus,

226 2031 278 2060 50.
303 2029 574 2071 Supplicaez'mzem]
627 2031 666 2061 Id
683 2038 740 2067 est,
766 2042 873 2072 preces
889 2042 946 2072 pu-

183 2071 292 2108 blicas,
317 2084 386 2113 quae
410 2074 441 2103 in
463 2074 530 2114 ejus
546 2074 675 2114 gratiani
692 2075 750 2104 diis
767 2075 947 2105 immortali-

184 2115 240 2145 bus
257 2117 377 2154 fierent,
402 2117 490 2157 quasi
506 2127 569 2146 reni
588 2118 665 2148 bene
683 2117 837 2157 gessisset.

228 2160 279 2188 54.
305 2159 561 2200 Minzicipiorunn]
623 2160 798 2199 Municipia
828 2170 866 2190 ea
891 2161 948 2190 lio-

184 2200 301 2231 minum
325 2212 439 2242 genera
462 2202 614 2237 dicuntur,
637 2203 701 2243 qui,
725 2202 795 2233 cum
812 2202 947 2233 Romam

183 2245 352 2282 venissent,
376 2255 479 2285 neque
495 2245 579 2275 cives
592 2244 729 2275 Romani
744 2251 858 2281 essent,
875 2256 946 2286 par-

185 2287 294 2328 ticipes
322 2292 425 2317 tamen
452 2288 577 2317 fuerunt
602 2289 738 2318 oninium
769 2299 869 2318 rerum
905 2289 945 2318 ad

185 2340 295 2360 munus
313 2330 505 2370 fungendum
521 2330 582 2360 unzi
603 2341 672 2360 cuin
699 2330 794 2362 Rom.
820 2336 947 2372 praeter-

185 2372 276 2412 quani
300 2372 340 2403 de
364 2373 510 2413 suffragio
532 2374 672 2409 ferendo,
697 2379 750 2403 aut
768 2375 947 2414 magistratu

184 2415 352 2455 capiendo.

228 2458 280 2488 63.
307 2456 469 2496 l'oluptarii
493 2457 613 2497 Graeci.]
670 2456 825 2497 Intelligit
849 2458 950 2498 philo-

185 2501 298 2540 sophos
312 2500 391 2535 illos,
409 2505 462 2529 aut
477 2500 559 2530 certe
582 2499 763 2540 Epicureos,
787 2500 841 2540 qui
862 2511 945 2530 suni-

185 2553 268 2572 nium
285 2544 398 2573 bonum
415 2543 444 2572 in
459 2542 617 2583 voluptate
635 2544 803 2580 ponebant.

230 2588 282 2616 64.
305 2585 344 2616 In
363 2585 558 2625 praesepibus]
614 2584 675 2614 Per
703 2584 866 2626 praesepia,
895 2585 946 2616 hic

185 2628 332 2669 intelligit
345 2628 506 2668 lupanaria
522 2635 553 2657 et
569 2627 720 2667 popinas,
747 2629 812 2664 ubi,
837 2638 949 2667 porco-

185 2681 251 2700 rum
266 2672 369 2707 instar,
392 2670 568 2711 voluptuosi
587 2670 727 2701 homines
748 2670 900 2701 obscoenis
914 2680 948 2699 se

185 2713 267 2743 vitiis
282 2715 481 2754 immergunt.

231 2759 282 2786 67.
308 2757 477 2786 Phalaridis
502 2755 615 2796 taum]
676 2755 827 2793 Phalaris,
854 2754 947 2795 Agri-

187 2799 379 2840 geminorum
396 2805 556 2842 tyrannuS,
583 2799 616 2830 in
631 2803 716 2830 tauro
733 2810 830 2834 aeueo,
855 2808 946 2839 quein

109 1717 164 1758 75
184 1716 331 1765 gatum
376 1710 420 1750 in
470 1710 673 1751 machina
723 1710 938 1766 vigilando
986 1718 1259 1763 necaverunt,
1319 1712 1535 1768 supplicio
1588 1711 1759 1754 videtur

798 1767 805 1773 ’
936 1782 1065 1824 quem
1126 1768 1263 1821 ltalia,

1324 1774 1492 1811 servata
1549 1768 1605 1810 ab
1664 1769 1754 1818 illo,

990 2031 1019 2060 ei
1037 2029 1169 2060 Perillus
1191 2029 1320 2071 qnidam
1342 2030 1560 2066 aedificaverat,
1582 2040 1665 2061 novo
1680 2041 1755 2071 sup-

989 2073 1076 2115 plicii
1091 2083 1204 2113 genere
1218 2078 1322 2103 sontes
1335 2072 1564 2103 concremabat.

1035 2117 1088 2147 71.
1111 2114 1376 2156 Susceptajiuus]
1423 2114 1587 2155 Suscipere
1601 2114 1763 2150 fraudem..

992 2164 1040 2188 est
1063 2159 1163 2189 scelus
1192 2159 1295 2190 animo
1319 2157 1497 2199 concipere,
1517 2158 1602 2199 quod
1627 2157 1763 2197 dignum.

992 2201 1085 2243 poena
1101 2202 1150 2231 sit.

1033 2246 1087 2275 73.
1113 2243 1192 2274 Nota
1214 2242 1343 2284 inusta]
1398 2242 1508 2273 Inusta
1536 2248 1612 2273 nota
1631 2241 1764 2278 dicitur,.

990 2297 1060 2327 quae
1075 2286 1232 2316 infamiam
1247 2291 1348 2316 notat.

1034 2331 1087 2359 74.
1112 2329 1158 2359 M.
1174 2329 1331 2370 Regulus]
1377 2328 1425 2358 M.
1442 2327 1596 2368 Regulus,
1610 2331 1720 2365 captus
1735 2325 1763 2355 aa

992 2371 1108 2407 Poenis,
1124 2373 1244 2413 legatus
1261 2373 1301 2401 de
1317 2371 1529 2412 permutandis
1543 2369 1673 2410 captivis
1686 2368 1757 2398 Ro-

993 2425 1074 2444 mam
1085 2415 1203 2450 missus,
1213 2414 1286 2444 data
1299 2415 1372 2450 fide,
1386 2419 1431 2449 ut,
1443 2413 1468 2443 si
1479 2423 1540 2443 non
1548 2411 1762 2452 impetrasset„

993 2458 1119 2493 rediret,
1143 2457 1402 2498 permutationem
1418 2456 1501 2485 illam
1515 2455 1546 2484 in
1561 2460 1670 2485 senatu
1690 2454 1756 2483 dis-

988 2501 1096 2534 suasit,
1110 2506 1152 2535 et,
1174 2500 1278 2530 invitis
1288 2499 1390 2530 liberis
1406 2503 1437 2528 et
1452 2507 1557 2532 uxore,
1573 2506 1720 2537 reversus,
1736 2497 1754 2526 a

989 2542 1295 2582 Carthaginiensibus
1310 2542 1341 2571 in
1364 2540 1538 2571 machinam
1559 2539 1675 2570 aculeis
1698 2549 1757 2568 un·

989 2585 1157 2625 dequaque
1188 2585 1336 2614 munitam
1364 2582 1526 2624 conjectus
1553 2589 1611 2613 est.
1669 2582 1759 2613 Vide

992 2627 1061 2657 Cic.
1074 2627 1247 2657 Paradoxa.

1032 2670 1086 2699 76.
1110 2669 1143 2699 C.
1160 2668 1306 2708 Marius]
1352 2667 1475 2709 Septies
1490 2666 1598 2698 consul
1609 2666 1667 2696 fuit
1678 2666 1758 2696 Ma-

988 2711 1066 2748 rius3
1103 2712 1222 2752 magnis
1249 2711 1383 2741 motibus
1412 2710 1494 2751 saepe
1531 2708 1756 2749 rempublicam

981 2754 1149 2792 ,liberaviu
1181 2764 1217 2784 ac
1233 2753 1372 2790 demum,
1394 2760 1430 2783 ut
1443 2752 1538 2794 Syllae
1556 2751 1681 2782 victoris
1694 2761 1752 2781 sae-

991 2797 1096 2830 vitiam
1109 2797 1253 2836 evitaret,
1275 2801 1403 2829 mortem
1418 2796 1476 2828 sibi
1490 2793 1677 2838 properavit.
