1858 3095
707 133 796 168 pao
821 133 1032 168 numu,
1654 131 1734 176 179

104 212 179 255 illo
196 213 392 270 gravior?
421 212 685 270 sapientior?
745 213 931 256 Possum
958 213 1011 255 de
1046 212 1089 255 L.
1113 212 1330 271 Philippo,
1361 211 1414 254 de
1438 211 1488 254 C.
1510 211 1654 264 Gallo,

105 269 247 312 dicere
269 271 362 313 haec
378 271 545 312 eadem:
579 271 654 311 sed
684 278 725 312 te
750 271 925 312 domum
950 270 1041 326 jam
1064 271 1274 313 deducam
1305 277 1436 311 tuam.
1496 268 1653 317 Quem-
1672 265 1728 308 70

103 340 303 382 quam-ne
325 327 542 369 existimas
561 326 727 368 Catone
752 341 909 383 proavo
932 333 1004 368 tuo
1027 328 1375 378 commodiorem,
1407 325 1653 376 comiorem,

104 385 431 426 moderatiorem
452 383 583 426 fuisse
611 385 664 424 ad
697 398 867 425 omnem
889 383 1097 425 rationem
1119 383 1420 425 humanitatis?
1453 383 1506 424 de
1529 382 1653 423 cu'us

103 440 321 495 praestanti
336 440 490 481 virtute
513 440 611 481 cum
631 439 727 482 vere
743 441 1010 497 graviterque
1028 440 1207 491 diceres,
1221 441 1505 482 domesticum
1519 445 1560 479 te
1609 452 1653 478 a·

102 496 202 538 bere
223 496 369 537 dixisti
391 498 635 552 exemplum
666 497 718 538 ad
756 497 1024 538 imitandum.
1086 496 1166 538 Est
1186 497 1291 537 illud
1313 496 1488 559 quidem
1508 509 1653 536 exem-

101 552 218 610 plum
238 552 316 593 tibi
338 554 604 609 propositum
621 553 735 594 domi
756 570 764 594 :
787 554 863 595 sed
880 561 1024 594 tamen
1039 560 1199 594 naturae
1213 552 1448 594 similitudo
1470 551 1583 592 illius
1597 550 1654 592 ad
1670 549 1726 590 75

103 617 146 651 te
173 607 324 664 magis,
342 610 415 665 qui
445 611 498 651 ab
521 610 591 650 illo
615 617 732 651 ortus
751 625 811 661 es,
844 609 975 666 quam
998 610 1051 649 ad
1074 623 1422 666 unumquemque
1443 608 1652 658 nostrum,

101 666 318 722 pervenire
336 666 500 721 potuit3
531 667 585 708 ad
608 667 861 708 imitandum
881 665 981 706 vero
1001 671 1087 706 tam
1110 665 1213 705 mihi
1233 666 1498 721 propositum
1511 678 1654 705 exem·

101 721 195 778 plar
214 721 319 763 illud
337 729 417 775 est,
450 722 580 779 quam
602 723 695 764 tibi.
756 721 857 773 Sed,
879 722 915 763 si
934 722 1048 763 illius
1071 722 1319 763 comitatem
1337 729 1381 764 et
1399 721 1655 763 facilitatem

99 785 185 819 tuae
205 779 404 835 gravitati
425 779 726 835 severitatique
740 778 1014 836 adsperseris,
1035 792 1120 819 non
1141 778 1225 820 ista
1241 778 1414 835 quidem
1432 784 1556 820 erunt
1568 791 1655 819 me-

95 833 217 886 liora,
280 850 344 876 uae
363 850 477 876 nunc
498 842 598 877 sunt
617 836 791 892 optima,
824 836 900 877 sed
917 837 1032 877 certe
1053 835 1228 876 condita
1236 834 1482 891 jucundius.
1672 833 1729 875 80

157 890 222 932 XI
271 923 281 932 .
311 891 469 944 Quare,
513 900 562 934 ut
590 892 644 933 ad
693 893 737 934 id
768 892 885 948 quod
915 891 1083 933 institui
1114 900 1311 944 revertar,
1341 892 1445 934 tolle
1494 890 1597 932 mihi
1629 889 1654 932 ὲ

101 947 234 990 causa
264 955 454 990 anomen
486 948 690 990 Catonis:
723 964 907 1000 remove,
950 963 1001 990 ac
1032 948 1305 1005 praetermitte
1340 947 1654 999 auctoritatem,

101 1019 199 1061 quae
230 1005 275 1046 in
297 1005 475 1062 judiciis
504 1012 578 1047 aut
609 1005 712 1047 nihil
734 1006 887 1057 valere,
918 1012 994 1047 aut
1029 1006 1083 1047 ad
1116 1006 1298 1048 salutern
1333 1006 1463 1047 debet
1492 1005 1653 1046 valere:

102 1061 362 1118 congredere
382 1077 551 1104 mecum
572 1063 823 1104 criminibus
844 1062 966 1118 ipsis.
1025 1061 1140 1110 Quid
1161 1076 1355 1114 accusas,
1378 1062 1488 1103 Cato
1501 1061 1518 1102 ’ζ
1549 1059 1655 1117 quid

104 1117 230 1160 affers
260 1118 304 1159 in
327 1119 569 1174 judicium?
602 1119 705 1175 quid
736 1134 780 1160 ar
814 1119 907 1160 uis?
967 1119 1191 1160 Ambitum
1223 1119 1430 1161 accusas?
1461 1132 1547 1159 non
1580 1117 1656 1159 de-
1702 1117 1730 1158 5

104 1175 249 1217 fendo.
309 1175 385 1217 Me
402 1176 692 1232 reprehendis,
724 1176 841 1233 quod
870 1175 984 1217 idem
1005 1176 1248 1227 defendam,
1282 1176 1398 1232 quod
1418 1176 1513 1231 lege
1535 1173 1658 1230 puni-

104 1231 267 1272 verim‘?
296 1232 443 1288 punivi
483 1232 706 1284 ambitum,
738 1247 823 1274 non
854 1232 1166 1273 innocentiam:
1212 1232 1420 1274 ambitum
1454 1230 1554 1273 vero
1593 1229 1657 1287 ip-

107 1302 201 1329 sum
222 1288 287 1328 vel
319 1296 462 1330 tecum
482 1290 710 1339 accusabo,
747 1290 781 1330 si
801 1289 932 1331 voles.
992 1288 1169 1339 Dixisti,
1201 1287 1658 1337 senatus-consultum,

108 1359 176 1385 me
198 1344 419 1396 referente,
432 1360 526 1386 esse
540 1346 722 1386 factum:
754 1349 782 1368 “
798 1345 842 1387 Si
858 1345 1054 1386 mercede
1069 1345 1254 1400 corrupti
1269 1344 1439 1386 obviam
1457 1343 1659 1386 candida-

107 1400 164 1442 tis
185 1400 334 1452 issent,
367 1401 403 1442 si
433 1402 638 1443 conducti
659 1408 939 1452 sectarentur,
971 1401 1006 1441 si
1029 1401 1356 1457 gladiatoribus,
1387 1400 1516 1456 vulgo
1536 1401 1659 1441 locus
1682 1398 1734 1440 10

108 1457 316 1508 tributim,
348 1465 392 1499 et
432 1458 535 1500 item
566 1458 744 1514 prandia
775 1458 810 1499 si
847 1457 977 1514 vulgo
1005 1464 1151 1500 essent
1184 1458 1309 1509 data3
1341 1467 1492 1499 contra
1519 1457 1662 1512 legem

110 1513 384 1570 Calpurniam
397 1514 559 1556 factum
572 1515 749 1556 videri.”
780 1513 898 1570 Ergo
918 1515 978 1555 ita
991 1521 1164 1556 senatus
1179 1515 1350 1570 judicat
1361 1521 1510 1555 contra
1520 1514 1663 1569 legem

110 1570 226 1611 facta
264 1569 358 1612 haec
378 1571 528 1622 videri,
560 1571 596 1612 si
636 1571 752 1612 facta
772 1571 878 1612 sint:
912 1571 1117 1622 decernit,
1148 1571 1266 1627 quod
1300 1570 1405 1611 nihil
1433 1585 1542 1626 opus
1582 1575 1662 1619 est,

110 1627 212 1668 dum
233 1627 476 1669 candidatis
498 1642 658 1669 morem
678 1628 807 1686 gerit3
838 1642 953 1680 nam,
984 1628 1146 1669 factum
1163 1628 1234 1679 sit,
1254 1642 1422 1677 nec-ne,
1439 1627 1664 1668 vehemen-

111 1690 174 1725 ter
194 1683 421 1742 quaeritur:
454 1684 491 1726 si
519 1684 681 1726 factum
709 1684 781 1737 sit,
811 1684 915 1741 quin
946 1691 1094 1726 contra
1115 1685 1255 1743 legem
1277 1684 1348 1736 sit,
1379 1682 1572 1726 dubitare
1592 1696 1665 1724 ne·
1686 1682 1738 1725 15

706 1862 723 1879 a
737 1857 1051 1897 auctoritatem.

153 2035 206 2064 69.
230 2033 266 2063 L.
285 2033 445 2076 Philippa]
491 2034 656 2076 Philippus
682 2033 735 2065 ille
752 2033 870 2065 Graecis
914 2038 945 2064 ta
960 2033 1108 2075 quaelibet
1123 2033 1270 2074 explicat.

110 2076 206 2107 literis
220 2076 375 2113 excelluit,
398 2083 433 2107 ut
447 2077 524 2108 dicit
538 2077 604 2108 Cic.
617 2078 648 2107 in
664 2077 775 2107 Bruto.
956 2079 1007 2106 10.
1033 2077 1178 2106 eonducta·
1193 2076 1399 2117 meramnum]
1444 2074 1596 2106 Homines
1611 2085 1669 2117 pe.

156 2119 204 2149 Ib.
219 2119 266 2150 De
282 2120 315 2150 C.
328 2120 442 2160 Galla]
461 2119 510 2150 De
522 2119 615 2151 Gallo
631 2119 870 2160 loquitureliam
913 2119 1006 2150 cunia
1029 2119 1176 2159 corrupti,
1199 2120 1322 2149 honoris
1345 2117 1450 2154 causa,
1473 2118 1670 2155 candidatos,

111 2162 144 2192 in
155 2162 262 2193 Bruto.
279 2162 485 2193 Astronomiae
498 2162 701 2203 peritissimus
714 2163 783 2193 fuit.
807 2161 870 2193 Hic
913 2161 982 2192 esim
998 2162 1030 2192 in
1043 2162 1196 2202 Campum
1207 2162 1355 2192 Martium
1365 2161 1546 2198 veniebant,
1557 2171 1671 2202 seque-

112 2205 153 2236 de
169 2205 333 2246 Liguribus
347 2206 558 2245 triumphavit.
910 2205 1035 2242 bantur,
1059 2210 1093 2234 ut
1121 2204 1195 2235 inde
1223 2209 1389 2246 appareret
1418 2203 1548 2245 populo,
1575 2204 1670 2246 quam

156 2251 208 2279 80.
234 2247 387 2289 Condita-J
433 2248 583 2284 Condita,
599 2247 616 2277 εἶ
629 2247 816 2279 condiendo.
911 2246 998 2287 digni
1020 2251 1124 2277 essent
1134 2247 1324 2287 magistratu.

158 2293 189 2321 1.
227 2291 338 2327 Quare,
351 2298 386 2322 ut
399 2292 478 2321 adid
493 2292 567 2331 quod
582 2292 726 2332 institui]
769 2290 869 2321 Redit
955 2289 1003 2320 Ib.
1027 2290 1273 2330 Gladiatoribus]
1321 2289 1460 2320 Vetabat
1478 2288 1533 2320 illa
1557 2288 1606 2319 lex
1628 2299 1670 2320 ne

114 2334 154 2364 ad
171 2344 246 2370 rem,
263 2335 416 2375 petitque,
431 2339 476 2370 ut,
492 2335 530 2364 ab
544 2334 602 2364 hac
617 2333 720 2368 causa,
739 2333 868 2365 Catonis
912 2333 980 2374 quis
999 2343 1106 2363 munus
1130 2332 1347 2372 gladiatorium
1376 2332 1501 2362 biennio
1518 2342 1580 2374 quo
1605 2342 1671 2362 rna·

113 2384 309 2408 removeatur
323 2377 499 2412 auctoritas,
522 2387 591 2417 quae
620 2375 690 2417 plus
713 2377 866 2411 Murenae,
911 2377 1070 2417 gistratum
1081 2376 1224 2416 petierat,
1246 2375 1435 2417 petiturusve
1450 2381 1527 2412 erat,
1551 2375 1672 2412 ederet,

115 2420 206 2460 quam
223 2421 349 2461 objecta
364 2421 423 2461 ipsi
439 2419 578 2456 crimina,
601 2430 670 2461 quae
685 2419 769 2450 nulla
785 2424 867 2455 sunt,
911 2419 969 2450 nisi
984 2429 1021 2449 ex
1037 2424 1222 2449 testamento
1240 2418 1412 2459 praestituta
1427 2418 1490 2450 die.

117 2472 229 2494 nocere
246 2469 359 2504 potest.
956 2464 1008 2491 11.
1046 2461 1149 2502 Legem
1167 2461 1383 2501 Calpurniam]
1432 2460 1485 2492 De
1512 2459 1570 2491 hirc
1599 2460 1670 2502 lege

160 2507 191 2536 3.
216 2506 288 2541 Qua
301 2505 488 2545 injudiciis]
514 2503 688 2545 Injudiciis
702 2504 872 2535 nondebct
908 2504 974 2546 jam
993 2504 1108 2535 dictum
1125 2510 1182 2535 est.

117 2550 239 2579 attendi
255 2550 441 2580 accusatoris
457 2549 634 2584 auctoritas,
650 2553 684 2578 ut
699 2547 768 2589 quis
785 2547 871 2577 dam·
960 2549 1011 2579 12.
1048 2551 1157 2579 Οοηίνα
1172 2548 1260 2588 legem
1272 2546 1392 2587 viden]
1431 2546 1466 2577 Si
1479 2547 1547 2576 haec
1568 2545 1672 2576 omnia

119 2595 221 2627 netur,
244 2593 298 2622 sed
315 2591 418 2633 potius
434 2591 619 2622 absolvatur.
917 2589 1083 2620 aMurena
1106 2591 1270 2620 commissa
1295 2595 1377 2625 sunt,
1400 2600 1469 2630 quae
1500 2593 1586 2618 vetat
1611 2587 1674 2624 lex,

163 2635 196 2662 7.
218 2635 331 2666 Punivi
345 2635 511 2674 ambitum]
553 2633 705 2665 Cicerone
720 2634 873 2664 referente
917 2644 979 2663 non
996 2639 1043 2663 est
1064 2633 1192 2663 dubium
1216 2633 1290 2674 quin
1314 2637 1421 2662 contra
1445 2632 1546 2671 legem
1563 2640 1674 2671 pecca-

121 2676 161 2706 ad
183 2683 335 2716 senatum,
358 2676 673 2708 serratas-consultum
698 2677 811 2706 factum
828 2680 876 2706 cst
920 2676 1018 2713 verit3
1043 2681 1085 2711 at,
1109 2676 1174 2707 liaec
1209 2681 1261 2706 aut
1293 2685 1400 2705 eorum
1424 2673 1527 2716 aliqua
1549 2673 1675 2710 secisse,

123 2719 164 2749 de
195 2719 326 2758 ambitu,
347 2726 454 2751 contra
482 2730 576 2762 quem
598 2719 700 2760 legem
731 2719 801 2750 tulit
823 2717 875 2749 ci·
919 2719 1049 2762 probare
1064 2719 1182 2750 debent
1197 2716 1377 2749 adversarii.

123 2771 206 2799 cero,
215 2761 304 2804 cujus
315 2763 514 2804 sequentibus
523 2762 659 2805 proxime
669 2762 769 2794 verbis
779 2771 877 2804 punc-

1202 2816 1228 2844 P
