1858 3095
648 156 739 189 PRO
763 155 879 188 LEGE
903 155 1114 189 MANILIA.

778 268 966 298 PARTES

149 348 266 400 Ejus
305 348 495 401 quinque
529 351 649 395 sunt,
691 347 949 396 Eoeordizcm,
982 348 1211 397 Narratio,
1253 346 1508 399 P1·0posztz0‚
1544 342 1655 384 Con·

82 406 290 462 firmatio,
321 405 558 446 Peroratio.

757 473 993 502 EVENTL'S.

503 549 671 591 Missus
687 555 748 591 est
764 551 997 606 Pompeius
1017 554 1263 606 imperator.

745 740 1011 773 EXORDIUM.

159 803 194 845 Ι.
225 803 587 852 QUAMQUAM
602 804 706 846 mihi
729 819 897 860 semper
909 804 1110 861 frequens
1125 810 1384 862 conspectus
1405 808 1544 845 vester
1555 804 1665 845 mul-

101 861 525 917 tojucundissimus3
556 861 627 903 hic
648 869 790 903 autem
810 862 932 902 locus
952 863 1032 903 aad
1046 862 1263 918 agendum
1276 861 1578 917 amplissimus,
1610 860 1665 901 ad

101 917 335 960 dicendum
356 917 654 960 ornatissimus
675 926 744 960 est
763 918 894 970 visus,
916 918 1130 970 Quirites3
1151 919 1322 960 btamen
1341 918 1425 959 hoc
1442 918 1562 959 aditu
1575 919 1665 958 lau-

101 974 184 1027 dis,
205 974 280 1032 qui
301 989 469 1032 semper
489 975 654 1032 optimo
672 975 828 1032 cuique
850 975 1034 1018 maxime
1051 975 1202 1033 patuit,
1223 990 1311 1017 non
1327 990 1422 1016 mea
1437 990 1502 1016 me
1515 974 1667 1016 volun-

665 1103 1101 1132 INTERPRETATIO.

159 1173 175 1190 ⁸
194 1165 567 1210 commodissimus
587 1171 644 1210 ad
664 1171 895 1211 tractanda
928 1173 1114 1223 negotia,
1142 1170 1464 1223 pulcherrimus
1498 1169 1556 1208 ad
1594 1169 1670 1208 ha-

101 1225 261 1265 bendas
278 1228 506 1266 orationes.

161 1280 178 1304 b
201 1281 367 1322 Tamen
387 1296 476 1322 mm
496 1297 588 1323 mea
609 1285 824 1331 voluntas,
855 1285 928 1324 secl
958 1298 1097 1324 oneum.
1118 1285 1370 1323 institutum
1399 1283 1569 1322 vivendi
1603 1283 1669 1321 in-

101 1343 268 1392 ceptum
293 1338 344 1376 ab
366 1339 662 1388 adolescentia,
695 1341 917 1392 impedivit
954 1354 1031 1389 me,
1063 1341 1289 1392 quomimis
1327 1339 1594 1391 adspirat-em
1616 1338 1672 1377 ad

103 1396 217 1435 hane
228 1395 413 1447 gloriam
429 1395 598 1435 dicendi
614 1397 734 1449 apud
753 1409 838 1436 vos.

817 1508 970 1540 NOTAE.

153 1597 184 1628 2.
208 1594 270 1625 Hic
292 1599 390 1624 autem
417 1595 519 1636 locus]
569 1595 684 1627 Rostra
713 1595 871 1637 intelligit,

110 1649 192 1679 quae,
209 1638 244 1669 L.
262 1637 353 1668 Furio
376 1636 510 1668 Camillo
525 1642 558 1667 et
581 1639 618 1669 C.
634 1639 756 1669 Maenio
783 1640 871 1671 Coss.

111 1692 149 1711 ex
160 1681 261 1712 rostris
271 1679 576 1714 navinmAntiatium
590 1683 717 1712 condita
727 1682 852 1713 fuerunt
865 1695 871 1712 ι

110 1725 150 1754 de
172 1724 285 1764 quibus
312 1725 428 1763 Livius,
444 1724 498 1754 lib.
515 1726 545 1753 8.
593 1724 688 1755 Nares
706 1726 874 1756 Antiatium

106 1770 217 1807 partim
242 1769 273 1797 in
297 1771 418 1800 navalia
442 1768 540 1798 Romae
560 1768 729 1805 subductae;
761 1771 872 1808 partim

113 1812 244 1847 incensa,
260 1813 415 1853 ‘rostrisque
443 1820 543 1842 earam
570 1817 737 1852 suggestum
760 1814 792 1842 in
800 1812 873 1853 foro

110 1859 286 1884 exstructum
319 1856 460 1885 adm-nari
489 1855 604 1893 placuit
611 1865 621 1891 ;
655 1853 818 1895 Rostraque
844 1856 875 1885 id

113 1897 250 1936 templum
265 1898 456 1937 appellatum.
504 1896 541 1927 In
558 1896 681 1928 Rostris
693 1899 872 1928 ferebantur

114 1939 214 1979 leges,
229 1942 401 1980 agebantur
415 1951 528 1976 causae,
544 1945 576 1970 et
587 1941 753 1972 conciones
767 1941 873 1971 rhabe-

115 1982 227 2012 bantur
241 1984 282 2013 ad
299 1984 461 2025 populum.

159 2024 210 2056 Ib.
232 2026 458 2068 Amplissimus]
500 2026 539 2057 In
558 2025 692 2065 Rostris,
708 2026 800 2057 nullis
814 2027 875 2057 nisi

118 2068 190 2098 viris
217 2069 426 2109 amplissimis,
451 2075 484 2100 et
506 2070 718 2109 magistratum
743 2070 878 2109 gerenti-

116 2110 185 2149 bus,
194 2120 286 2151 agere
297 2121 368 2142 cum
380 2112 497 2152 populo
507 2112 633 2142 licebat.
656 2111 783 2153 Legitur
793 2111 876 2152 quod

119 2153 277 2184 Antonius
300 2154 393 2185 occisi
417 2154 576 2185 Ciceronis
599 2160 696 2193 caput
718 2155 878 2194 praecisum

119 2197 152 2226 iu
169 2196 290 2227 Rostris
302 2197 375 2237 poni
386 2197 551 2233 curaverit,
563 2197 615 2227 ubi
629 2197 682 2227 ille
695 2197 815 2232 consul,
826 2197 878 2227 ubi

121 2249 205 2281 saepe
220 2239 399 2276 consularis,
414 2241 538 2270 auditus
553 2245 631 2272 erat.

163 2285 195 2313 3.
219 2282 427 2313 ornatissimus
452 2285 492 2314 ad
517 2282 698 2323 dicendum]
742 2281 781 2312 In
797 2282 881 2312 Ros-

121 2325 176 2356 tris
191 2325 310 2356 tantum
322 2327 470 2366 agebatur
481 2327 565 2367 apud
578 2326 739 2366 populum.
765 2325 880 2365 Neque

121 2374 226 2399 aulem
239 2369 349 2399 eadem
363 2375 410 2399 est
419 2369 545 2400 dicendi
557 2369 642 2410 apud
658 2379 739 2403 eum,
751 2373 783 2397 et
795 2368 880 2408 apud

117 2411 252 2451 judices,
279 2412 378 2442 ratio:
410 2411 481 2442 cuin
507 2411 645 2453 populus
676 2410 826 2441 delectari
851 2414 883 2441 et

122 2455 227 2485 doceri
252 2453 358 2491 vellet,
381 2455 516 2485 ornatior
538 2461 571 2485 et
592 2453 764 2494 elegantior
785 2453 883 2484 oratio

123 2507 191 2528 esse
207 2497 366 2536 debebat3
388 2497 458 2528 csnn
479 2496 606 2538 judices
631 2496 735 2527 doceri
750 2495 882 2532 tantum,

124 2541 294 2581 simplicior
311 2545 344 2571 et
369 2540 513 2571 severior.
560 2539 750 2570 Observabis
778 2545 882 2570 autem

125 2582 208 2623 quod
232 2583 355 2614 diversa
376 2588 448 2614 sunt
467 2593 556 2624 agere
579 2589 610 2613 et
633 2583 736 2612 dicere.
782 2582 886 2612 Dicere

125 2625 207 2656 euim
236 2632 284 2657 est
308 2626 490 2667 simpliciter
511 2626 682 2657 orationem
701 2625 816 2655 habere
844 2625 882 2654 ad

125 2668 288 2709 populum.
334 2669 386 2700 Sic
397 2670 480 2710 apud
495 2669 679 2700 Suetonium
691 2667 795 2699 Caesar
806 2667 883 2698 dici·

126 2717 176 2740 tur
190 2712 292 2742 adhuc
308 2711 414 2752 junior
427 2712 607 2743 defunctam
622 2721 747 2741 uxorem
766 2709 884 2741 Corne-

127 2753 200 2784 liam
216 2754 369 2791 laudfisse,
379 2756 420 2786 de
432 2765 528 2791 more,
541 2765 596 2796 pro
612 2753 746 2784 Rostris.
789 2754 884 2794 Agere

129 2802 246 2835 autem,
256 2807 294 2828 ex
307 2796 423 2836 Gellio,
436 2798 458 2829 l.
476 2799 524 2831 13.
541 2808 569 2832 c.
581 2799 633 2830 15.
649 2802 697 2830 est
708 2807 815 2839 rogare
828 2796 883 2828 ali-

916 1596 991 1637 quid
1008 1597 1158 1636 pnpulum,
1174 1596 1257 1636 quod
1269 1595 1420 1638 suffragiis
1441 1597 1500 1626 suis
1512 1594 1677 1634 autjubeat

917 1646 969 1670 aut
992 1646 1074 1670 vetet.
1120 1639 1167 1669 Ex
1181 1639 1285 1675 Festo,
1301 1640 1405 1679 Agere
1425 1646 1464 1670 est
1483 1640 1622 1679 populum
1637 1640 1678 1669 ad

917 1684 1070 1713 concilium
1095 1688 1149 1712 ant
1169 1684 1285 1712 comitia
1310 1693 1416 1712 vocare.
1464 1682 1569 1718 Quare
1593 1691 1679 1722 agere

919 1725 1133 1755 auctoritatem
1156 1726 1306 1759 continet,
1322 1732 1353 1755 et
1370 1724 1563 1765 publicorum
1580 1735 1678 1764 nego-

917 1769 1027 1798 tiorum
1051 1768 1278 1803 tractationem,
1301 1778 1371 1808 quae
1396 1778 1459 1797 non
1482 1774 1586 1808 potest
1608 1768 1678 1797 abs-

918 1822 980 1852 que
1009 1811 1191 1841 auctoritate
1220 1811 1348 1848 haberi3
1379 1816 1484 1840 tamen
1509 1810 1677 1849 aliquando

918 1860 1083 1896 utrumque
1105 1854 1316 1894 conjungitur,
1342 1858 1373 1884 et
1399 1853 1481 1893 saepe
1508 1854 1589 1882 actio
1616 1853 1678 1892 sig-

917 1898 1023 1928 nificat
1047 1897 1229 1933 orationem,
1247 1902 1281 1926 ut
1301 1896 1453 1926 Actiones
1478 1896 1510 1925 in
1527 1896 1676 1932 Verre1n3

918 1951 1001 1981 saepe
1017 1950 1109 1980 agere
1124 1940 1276 1980 significat
1291 1940 1384 1969 etiam
1394 1940 1496 1973 dicem,
1509 1939 1679 1979 praesertim

919 1984 942 2013 si
960 1994 1029 2013 cum
1047 1983 1229 2013 auctoritate
1257 1982 1388 2017 dicatur,
1410 1988 1445 2011 ut
1459 1992 1530 2010 mox
1546 1981 1636 2016 infra,
1651 1987 1678 2011 et

920 2027 958 2056 ad
973 2025 1288 2067 agendumsucultatis
1303 2032 1431 2059 tantum,
1446 2027 1663 2063 qnantum,&c.

965 2068 1014 2100 lb.
1031 2068 1185 2108 Quirites]
1204 2068 1341 2104 Quirites
1353 2067 1462 2107 populi
1477 2066 1610 2096 Romani
1623 2077 1679 2106 ap-

921 2111 1049 2151 pellatio
1060 2116 1107 2141 est
1119 2111 1137 2140 a
1150 2111 1295 2145 Curibus,
1311 2109 1432 2139 Sabinis
1454 2109 1597 2149 populis:
1625 2109 1679 2149 qui

921 2153 1004 2189 cum,
1019 2164 1057 2184 ex
1081 2154 1200 2183 soedere
1222 2152 1391 2182 Romulum
1407 2151 1484 2182 inter
1500 2161 1536 2182 ac
1554 2150 1678 2181 'l'atium

921 2206 1026 2226 eornm
1059 2206 1165 2235 regem
1196 2195 1377 2230 constituto,
1406 2199 1478 2235 post
1513 2194 1680 2235 asperrima

922 2239 1042 2279 proelia,
1074 2238 1209 2268 Romam
1238 2238 1497 2278 commigrareut;
1529 2237 1572 2266 ita
1600 2247 1681 2267 rem-

926 2282 1080 2325 publicam
1098 2281 1317 2322 temperarunt,
1332 2286 1365 2310 ut
1379 2290 1542 2310 commune
1551 2290 1680 2319 regnum

923 2332 1006 2355 esset
1028 2324 1164 2354 Romulo
1189 2335 1225 2355 ac
1245 2324 1349 2358 Tatio,
1369 2328 1399 2352 et
1426 2323 1495 2352 urbs
1510 2323 1529 2352 ιῑ
1544 2322 1681 2352 Romulo

925 2367 1029 2397 Roma
1043 2372 1220 2402 vocaretur;
1242 2366 1334 2401 cives,
1352 2365 1370 2395 a
1383 2365 1526 2401 Curibus,
1543 2365 1682 2399 Quirites.

928 2409 1023 2441 Porro
1047 2410 1144 2440 Cures
1165 2410 1223 2450 ipsi
1252 2419 1366 2439 nomen
1392 2408 1465 2438 inde
1495 2408 1681 2446 habuerunt,

927 2452 1009 2494 quod
1022 2453 1103 2483 bello
1115 2458 1150 2482 ut
1165 2451 1328 2492 plurimum
1340 2451 1452 2482 hastati
1465 2456 1582 2481 essent:
1595 2452 1682 2481 hasta

927 2501 1030 2526 autem
1047 2496 1180 2531 Sabinis,
1197 2495 1289 2525 Festo
1312 2500 1402 2530 teste,
1418 2494 1503 2524 (licta
1517 2500 1564 2524 est
1581 2493 1681 2528 Curis,

927 2539 992 2569 sive
1024 2538 1140 2575 Quiris.
1198 2538 1281 2568 Hinc
1305 2543 1337 2568 et
1359 2536 1512 2567 Romulus
1541 2537 1683 2570 Quirinus

929 2582 1062 2618 dicitur;
1089 2582 1135 2612 vel
1157 2581 1230 2621 quia
1255 2580 1366 2620 pariter
1384 2579 1471 2609 hasta
1486 2589 1539 2609 seu
1555 2578 1619 2608 curi
1635 2588 1682 2608 ar-

928 2631 1028 2654 matus
1045 2630 1122 2660 erat,
1139 2624 1187 2654 vel
1204 2624 1276 2664 quia
1294 2623 1392 2654 Cures
1407 2623 1465 2651 sibi
1482 2620 1681 2660 adjunxerat3

928 2667 978 2697 vel
993 2667 1066 2707 quia
1089 2668 1252 2702 Quiritum,
1267 2666 1299 2696 id
1316 2672 1374 2700 est,
1390 2664 1614 2699 Romanorum,
1629 2673 1681 2693 rex

927 2714 1011 2740 erat:
1035 2720 1104 2751 quae
1126 2710 1235 2750 triplex
1259 2708 1410 2739 sententia
1436 2706 1619 2748 proponitur
1642 2707 1681 2737 ab

928 2752 1055 2788 ovidio,
1072 2753 1156 2783 Fast.
1173 2756 1201 2784 2.
1219 2754 1292 2782 477.

970 2799 1003 2828 4.
1040 2795 1154 2836 (haimo
1185 2793 1314 2836 cuique]
1374 2791 1400 2824 F
1401 2803 1433 2824 as
1470 2797 1537 2825 erat
1564 2791 1683 2825 unicui-

1668 155 1723 195 27
