1790 3090
60 183 116 227 48

681 180 774 214 PRO
797 176 917 213 LEGE
937 177 1156 214 MANILIA.

134 259 216 307 tur,
238 253 319 297 Cn.
341 251 577 310 Pompeius
596 251 788 293 extrema
805 249 946 292 hieme
965 248 1225 306 0apparavit‚
1244 247 1419 292 ineunte
1437 261 1534 292 vere
1554 263 1698 292 susce-

131 311 211 368 pit,
233 311 376 353 media
390 315 539 352 aestate
560 308 763 351 confecit.
801 306 884 350 Est
902 307 997 349 haec
1018 307 1164 349 divina
1183 314 1313 364 atque
1334 306 1599 349 incredibilis
1616 306 1700 348 vir-

132 375 204 410 tus
234 366 515 424 imperatoris.

576 365 692 414 Quid
724 371 905 416 caeterae,
936 379 1043 421 quas
1073 365 1203 422 paulo
1234 363 1336 406 ante
1367 378 1699 406 commemorare

58 427 116 470 80
135 439 364 482 coeperam,
386 429 558 480 quantae
588 430 717 478 atque
737 421 868 477 quam
888 422 1034 462 multae
1054 422 1177 462 sunt!
1208 436 1293 463 non
1315 421 1430 463 enim
1449 421 1586 462 solum
1611 420 1700 462 bel-

132 482 250 525 landi
281 482 413 522 virtus
444 480 489 521 in
517 493 685 520 summo
705 485 834 533 atque
855 478 1046 533 perfecto
1066 477 1319 533 imperatore
1347 477 1579 535 quaerenda
1604 483 1698 520 est:

133 539 212 580 sed
232 539 379 580 multae
399 543 500 578 sunt
519 543 536 567 Ρ
550 542 662 577 artes
684 533 868 584 eximiae,
903 534 1030 589 hujus
1051 533 1314 575 administrae
1332 535 1599 591 comitesque
1619 533 1701 575 vir-

133 595 256 637 tutis.
315 597 383 636 Ac
405 592 586 650 primum
617 590 779 649 quanta
810 588 1060 631 innocentia
1083 590 1244 631 debent
1272 605 1367 632 esse
1398 590 1698 647 imperatores!

133 651 295 708 quanta
309 651 464 693 deinde
481 649 681 691 omnibus
696 648 741 689 in
757 647 883 695 rebus
905 645 1214 703 temperantia?
1244 646 1406 702 quanta
1424 648 1510 689 fide
1525 647 1533 688 Ξ
1567 661 1701 704 quan-

58 714 115 756 85
134 708 180 750 ta
197 708 426 750 facilitate!
471 714 632 763 quanto
654 704 854 762 ingenio!
896 703 1056 760 quanta
1085 703 1376 746 humanitate!
1436 705 1544 753 Quae
1562 703 1702 745 brevi-

134 774 198 807 ter
217 765 359 821 qualia
388 764 476 805 sint
494 764 538 804 in
560 762 641 804 Cn.
663 760 890 817 Pompei0‚
909 761 1228 802 consideremus
1248 776 1259 811 3
1290 775 1457 802 summa
1478 759 1592 801 enim
1612 775 1700 801 om-

132 822 206 863 nia
225 829 340 873 sunt,
362 820 550 870 Quirites
570 836 578 859 :
627 819 705 860 sed
726 832 778 860 ea
797 819 935 874 magis
956 832 1010 858 ex
1031 816 1213 859 aliorum
1231 817 1550 869 qcontentione,
1569 816 1702 873 quam

132 878 228 935 ipsa
262 893 336 935 per
366 893 475 929 sese,
507 875 715 933 cognosci
760 881 890 938 atque
920 874 1105 931 intelligi
1134 880 1331 931 possunt.

131 949 358 991 possumus
400 935 699 990 imperatorem
746 932 892 987 aliquo

1405 874 1547 923 Quem
1587 873 1702 916 enim

937 931 1004 972 rin
1054 946 1231 973 numero
1280 937 1446 988 putare,
1491 932 1615 987 cujus
1656 929 1701 971 in

58 999 115 1040 90
134 991 327 1033 exercitu
349 997 553 1032 Sveneant
589 988 853 1032 centuriatus
884 994 1013 1045 atque
1043 987 1282 1030 venierint?
1329 988 1433 1045 quid
1469 988 1586 1029 hunc
1624 987 1701 1029 ho-

132 1048 293 1090 minem
328 1062 532 1103 magnum
571 1054 647 1088 aut
675 1047 864 1102 amplum
909 1045 961 1086 de
1002 1045 1225 1101 republica
1266 1053 1474 1102 cogitare,
1514 1044 1589 1101 qui
1629 1058 1700 1100 pe-

132 1105 318 1156 cuniam,
340 1119 391 1146 ex
413 1104 558 1145 aerario
579 1104 877 1160 depromptam
898 1102 953 1143 ad
969 1102 1132 1143 bellum
1153 1101 1580 1152 ‘administrandunn
1610 1107 1701 1153 aut,

131 1169 305 1221 propter
326 1161 607 1217 cupiditatem
627 1159 873 1216 provinciae,
893 1157 1220 1213 magistratibus
1236 1156 1443 1210 diviserit,
1465 1164 1553 1209 aut,
1573 1161 1700 1213 prop'-

131 1225 197 1260 ter
215 1217 451 1266 avaritiam,
474 1216 626 1258 Romae
646 1215 690 1256 in
710 1222 878 1272 quaestu
898 1214 1148 1270 reliquerit?
1191 1214 1349 1256 Vestra
1366 1214 1699 1256 admurmuratio

57 1282 113 1323 95
133 1275 251 1328 facit,
275 1274 482 1326 Quirites,
510 1280 558 1315 ut
577 1287 811 1330 agnoscere
838 1270 1086 1325 videamini,
1119 1270 1193 1328 qui
1226 1271 1320 1313 haec
1349 1270 1544 1314 fecerint.
1604 1270 1701 1326 Ego

130 1419 147 1440 ⁰
155 1418 442 1471 praeparavit.
529 1415 736 1455 vva-tutes
756 1426 857 1466 quc&
877 1417 984 1454 sunt
998 1413 1193 1468 famulae
1212 1418 1254 1454 et
1273 1415 1442 1455 comites
1462 1412 1598 1466 liujus
1616 1413 1702 1452 vir-

132 1476 241 1514 tutis
260 1475 479 1514 militaris.
585 1472 940 1524 qeomparatione.
1047 1475 1297 1512 ‘numerare
1316 1473 1365 1512 in
1386 1472 1531 1523 aliquo
1552 1470 1701 1510 ordine

131 1531 293 1585 impera
299 1535 435 1571 torum
444 1561 452 1570 .
511 1535 523 1551 ⁵
532 1529 789 1569 vendantur.
850 1528 1118 1579 tgerendmn.

130 1679 219 1699 suum
248 1667 384 1699 Metello
408 1665 505 1705 misit,
530 1671 564 1696 ut
587 1665 627 1696 ab
650 1665 814 1696 obsidione
829 1675 896 1695 ces·

131 1718 231 1743 saret:
270 1711 403 1752 ipseque
432 1710 552 1751 legatus
581 1709 761 1749 praesidium
788 1713 896 1738 contra

130 1754 300 1785 Metellum
315 1753 514 1785 Cretensibus
530 1752 611 1792 tulit,
629 1762 707 1793 quos
729 1757 834 1782 tamen
855 1751 895 1781 ad

132 1797 328 1828 deditionem
353 1796 504 1837 compulit
522 1795 685 1831 Metellus,
708 1799 831 1835 sumpto
855 1795 896 1825 de

131 1841 169 1872 iis
183 1840 338 1882 supplicio
351 1851 358 1869 ε
382 1839 465 1881 quod
480 1839 538 1869 etsi
553 1843 644 1879 turpe
653 1838 712 1868 fuit
727 1837 894 1878 Pompeio,

132 1889 240 1914 tamen
257 1883 323 1924 ejus
339 1883 425 1913 laudi
441 1882 551 1912 Cicero
566 1881 667 1913 vertit.

175 1929 229 1957 77.
275 1926 400 1956 Ineunte
413 1925 503 1965 vera]
550 1924 678 1954 Docent
697 1924 756 1954 boc
777 1923 894 1954 bellum

132 1969 213 2000 intra
251 1975 384 2010 quatuor
418 1977 540 1998 menses
570 1972 756 2008 apparatum
788 1967 895 2002 fuisse,

133 2018 325 2054 susceptum,
350 2016 382 2042 et
403 2011 600 2042 confectum:
626 2010 745 2047 Livius,
773 2010 828 2041 lib.
844 2011 896 2040 99.

132 2056 298 2096 praedones
322 2055 404 2087 intra
424 2053 695 2095 quadragesimum
722 2053 806 2083 diem
831 2058 896 2083 toto

134 2098 211 2128 mari
237 2099 342 2139 pulsos
368 2097 483 2127 fuisse:
516 2096 700 2126 Plutarchus
728 2096 807 2126 intra
836 2100 897 2126 tres

133 2151 268 2173 menses.
313 2140 478 2182 Appianus
501 2139 581 2169 intra
604 2139 805 2180 septuaginta
828 2138 897 2169 dies

133 2195 240 2215 omnes
263 2184 430 2224 piratarum
460 2192 567 2218 naves,
593 2183 626 2212 id
657 2187 717 2217 est,
739 2186 893 2212 trecentas

135 2233 168 2257 et
183 2227 325 2268 amplius,
341 2227 373 2256 in
389 2225 533 2266 Pompeii
547 2229 735 2265 potestatem
751 2224 893 2255 venisse:

134 2276 258 2300 centum
289 2275 393 2300 autem
425 2275 456 2299 et
486 2268 596 2308 viginti
625 2268 736 2298 diebus
767 2274 894 2299 cunctas

133 2313 254 2343 illorum
277 2314 381 2349 urbes,
406 2322 504 2348 arces,
525 2310 682 2352 perfugia,
705 2315 737 2341 et
756 2311 895 2347 castella,

135 2366 212 2396 pop.
226 2356 320 2386 Rom.
344 2355 432 2386 caesis
454 2355 592 2395 ipsorum
615 2355 726 2385 decem
749 2353 896 2390 millibus,

135 2398 276 2438 subjecta
292 2398 399 2428 fuisse.

178 2444 232 2473 79.
257 2441 337 2476 Quid
351 2440 483 2481 caeterae.]
527 2439 657 2470 Illustris
683 2439 895 2479 amplificatio,

134 2494 192 2525 per
202 2494 295 2525 quam
308 2484 429 2514 extollit
439 2483 597 2524 egregiam
607 2488 640 2513 et
652 2482 789 2512 divinam
801 2480 896 2512 Pom-

135 2527 199 2567 peii
235 2527 377 2557 virtutem
405 2526 579 2562 militarem,
602 2525 788 2556 enumeratis
812 2525 894 2565 aliis,

135 2570 248 2612 quibus
264 2571 329 2600 haec
344 2569 442 2610 prima
459 2569 589 2599 maxime
603 2568 779 2599 illustratur.

181 2615 234 2644 82.
262 2613 347 2643 Artes
360 2613 497 2653 eximiae]

133 2656 258 2697 telligit,
288 2666 377 2696 quas,
399 2655 452 2686 lib.
477 2657 508 2685 9.
532 2655 572 2685 de
596 2655 733 2695 Finibus,
756 2655 893 2684 maximas

134 2705 211 2729 artes
225 2698 376 2740 appellat.

177 2744 231 2773 85.
277 2741 458 2782 Facilitate]
518 2739 593 2771 Non
611 2740 772 2782 felicitate,
807 2740 892 2770 utin

131 2785 272 2826 pluribus
283 2785 443 2815 codicibus
462 2783 586 2824 legitur,
606 2794 678 2814 nam
695 2783 804 2824 postea
819 2788 892 2824 aget

132 2829 172 2859 de
187 2830 254 2868 ejus
269 2828 439 2865 felicitate3
477 2827 560 2858 adde
576 2826 660 2868 quod
676 2827 743 2857 haec
757 2826 891 2858 facilitas

541 2612 676 2643 Bellicas
701 2611 829 2641 virtutes
850 2610 900 2640 in-

940 1663 1072 1695 maxime
1097 1664 1136 1695 ad
1161 1662 1355 1706 imperatoris
1382 1663 1609 1696 humanitatem
1631 1674 1704 1706 per-

940 1707 1051 1738 tineat.

986 1754 1039 1783 90.
1067 1750 1286 1791 centuriatus]
1324 1750 1523 1782 centuriatus
1535 1761 1646 1781 munus
1656 1755 1705 1782 est

939 1794 1141 1830 centurionis,
1168 1794 1221 1836 qui
1248 1798 1373 1825 centum
1398 1798 1510 1834 praeest
1535 1793 1702 1832 militibus;

938 1838 1038 1879 carpit
1062 1843 1167 1868 autem
1203 1835 1254 1869 hic
1277 1836 1500 1877 imperatorum
1527 1835 1702 1874 avaritiam,

937 1880 991 1921 qui
1009 1880 1111 1911 officia
1127 1880 1270 1910 militaria
1290 1880 1482 1920 vendebant,
1502 1891 1573 1922 quae
1595 1879 1703 1911 virtuti

937 1922 1071 1953 militum
1085 1923 1219 1954 concedi
1234 1923 1364 1953 debent.

982 1968 1034 1997 92.
1061 1965 1106 1996 Ex
1130 1967 1235 1998 aerario
1257 1965 1482 2007 depromptam]
1524 1965 1700 2007 Imperato-

940 2007 1034 2045 ribus,
1058 2009 1112 2049 qui
1149 2009 1360 2045 mittebantur,
1397 2009 1630 2040 concedebatur
1662 2019 1702 2040 ex

939 2051 1045 2082 aerario
1059 2051 1184 2092 publico
1199 2052 1346 2092 pecunia,
1363 2062 1433 2092 quae
1445 2051 1539 2093 vulg6
1554 2052 1702 2083 attributa

941 2095 1114 2130 dicebatur,
1127 2100 1161 2125 ut
1175 2095 1275 2126 Varro
1291 2095 1413 2135 probat.

984 2139 1036 2168 93.
1082 2137 1206 2177 Propter
1218 2139 1407 2177 cupiditatem
1418 2137 1600 2179 provincia]
1644 2138 1700 2169 Se-

937 2179 1115 2221 ligebantur
1137 2181 1305 2222 provinciae
1331 2180 1353 2210 ἐ
1382 2186 1504 2216 senatu,
1531 2191 1602 2222 quae
1625 2192 1701 2212 con-

935 2223 1066 2260 sulibus,
1103 2234 1173 2265 quae
1214 2224 1396 2264 praetoribus
1432 2224 1591 2261 darentur,
1621 2235 1699 2265 quas

936 2267 1048 2308 postea
1065 2267 1113 2298 vel
1137 2266 1298 2307 sortitione
1322 2267 1516 2306 obtinebant,
1533 2267 1585 2297 vel
1609 2267 1628 2298 ὲ
1650 2278 1701 2298 se-

937 2315 1025 2346 natu,
1042 2309 1091 2341 vel
1106 2310 1276 2352 aliquando
1299 2309 1317 2340 a
1340 2309 1473 2341 tribunis
1495 2309 1608 2351 plebis,
1621 2321 1700 2352 quas

938 2352 983 2383 illi
998 2363 1054 2394 per
1068 2353 1130 2383 vim
1158 2352 1292 2394 pecunia
1314 2353 1452 2394 corrupti
1470 2354 1700 2391 concedebant.

939 2401 974 2426 ut
990 2396 1129 2426 avaritiae
1143 2396 1193 2427 vel
1214 2396 1376 2427 consulum
1397 2396 1447 2433 vel
1471 2401 1635 2438 praetorum
1650 2407 1701 2427 sa·

938 2439 1129 2469 tisfacerent.

982 2484 1034 2512 94.
1079 2481 1351 2523 Admurmuratio]
1397 2481 1609 2519 Praemunitio,
1635 2481 1700 2523 qua

936 2530 1074 2555 removet
1099 2526 1117 2555 a
1133 2536 1167 2556 se
1188 2525 1351 2556 calumniae
1372 2523 1589 2565 suspicionem,
1602 2536 1698 2566 quarn

936 2567 1097 2608 ingeniose
1112 2569 1289 2610 detorquet,
1313 2573 1368 2598 aut
1381 2568 1412 2598 in
1427 2568 1512 2609 ipsos
1528 2568 1697 2605 auditores,

937 2611 992 2651 qui
1008 2610 1171 2641 Lucullum
1187 2617 1307 2647 notare,
1323 2615 1377 2641 aut
1395 2611 1426 2641 in
1454 2621 1507 2641 eos
1530 2610 1627 2651 ipsos,
1642 2611 1699 2653 qui

936 2653 1027 2684 irasci
1042 2659 1196 2694 poterant.
1242 2654 1446 2685 Consuetudo
1469 2658 1573 2684 autem
1589 2654 1698 2696 populi

938 2704 1014 2733 erat,
1028 2703 1073 2732 ut,
1086 2695 1170 2733 cum,
1180 2698 1264 2738 quod
1279 2697 1337 2727 sibi
1351 2696 1489 2738 placeret
1502 2697 1535 2727 in
1544 2697 1696 2734 concione

937 2740 1118 2776 audivisset,
1139 2739 1292 2770 submissa
1320 2751 1409 2777 voce,
1436 2739 1514 2770 alius
1541 2739 1594 2771 alii
1613 2734 1696 2778 bene

936 2783 1054 2814 dictum
1076 2782 1301 2822 insusurraret3
1340 2784 1424 2825 quod
1452 2781 1695 2816 admurmuratio

933 2826 1107 2858 dicebatur.
1419 2827 1422 2830 ⁴
1498 2828 1502 2829 ⁷
