1838 3017
675 165 936 200 PHILIPPICA
962 167 1011 200 11.
1607 164 1689 208 451

1652 220 1654 223 .
1798 222 1838 252 as·

61 250 170 288 tam:
202 244 295 288 baec
311 245 432 287 vivus
445 243 613 301 eripuit,
630 244 818 287 reddidit
832 251 1042 287 mortuus:
1074 248 1117 285 at
1139 242 1294 300 quibus
1306 241 1472 284 verbis?
1489 240 1619 282 modo
1636 251 1679 275 1²¹
1784 252 1798 272 s

61 307 90 327 “
105 304 303 366 aequum''
325 302 407 344 sibi
424 302 572 353 videri,
586 302 714 343 modo
732 306 855 343 “non
870 302 1105 358 iniquum.’'
1122 301 1257 341 ¹·Mira
1269 299 1491 341 verborum
1506 312 1621 339 com-

61 361 221 416 plexio!
240 361 300 401 At
315 359 401 400 iille
415 374 635 415 nunquam
645 364 830 416 (semper
842 358 956 400 enim
970 358 1137 400 absenti
1152 357 1254 409 affui
1265 356 1487 406 Deiotaro)
1501 354 1620 411 quid·
1637 394 1640 398 ,

62 431 192 472 quam
213 416 311 467 sibi,
343 416 456 472 quod
479 430 557 457 nos
580 430 655 470 pro
678 416 751 457 illo
774 416 1102 471 postularemus,
1125 429 1292 470 aequum
1315 413 1426 453 dixit
1446 411 1590 453 videri.

120 472 243 513 XVI.
273 472 528 528 Syngrapha
563 473 655 529 IJS.
688 473 849 527 centies
878 487 953 528 per
987 473 1168 527 legatos,
1205 470 1315 511 viros
1352 470 1504 519 bonos,
1545 467 1622 509 sed
1656 486 1685 523 ,τι

62 529 236 570 timidos
259 535 302 570 et
322 529 555 584 imperitos,
587 525 680 569 sinc¹
701 528 862 578 nostrii,
895 527 986 569 sinc
1018 528 1276 583 reliquorum
1308 525 1528 581 hospitum
1559 539 1623 565 re-

62 586 127 642 gis
148 585 379 636 sententia,
412 586 526 627 facta
556 586 599 626 in
633 601 863 642 gynaeceo3
895 600 979 641 quo
1016 585 1059 625 in
1087 585 1184 625 loco
1212 582 1402 639 plurimae
1432 596 1498 622 res
1530 588 1623 621 ave-

61 642 232 683 nierunt
247 649 292 684 et
306 650 506 684 veneunt.
567 642 667 690 Qua
684 657 735 684 ex
754 641 998 698 syngrath
1014 640 1117 696 quid
1137 640 1195 681 sis
1212 646 1398 687 acturus,
1417 637 1622 679 meditere

63 713 235 741 censeo.
285 699 381 740 Rex
402 699 516 740 enim
536 699 629 755 ipse
653 699 732 740 susi
753 690 920 753 spdnte,
943 697 1070 737 nullis
1089 694 1410 737 commentariis
1425 693 1623 744 Caesaris,
1670 694 1698 734 5

61 755 189 797 simul
210 763 339 812 atque
361 756 525 797 audivit
545 757 636 811 ejus
659 755 892 805 interitum,
923 753 1028 794 bsuo
1059 751 1200 793 Marte
1229 767 1295 793 res
1327 765 1426 792 suas
1449 765 1626 806 recupe-

62 812 181 853 ravit.
244 812 421 853 Sciebat
441 812 570 852 horno
592 810 778 866 sapiens,
793 811 866 866 jus
889 824 1055 865 semper
1075 809 1159 851 hoc
1180 808 1329 859 fuisse,
1359 814 1420 859 ut,
1441 822 1538 864 quae
1559 814 1627 862 ty-

64 867 183 909 ranni
207 867 478 924 eripuissent,
500 882 562 918 ea,
585 867 777 925 tyrapnis
795 866 1046 917 interfectis,
1069 866 1114 916 ii,
1131 865 1286 922 quibus
1303 871 1449 920 erepta
1466 869 1623 914 essent,
1660 879 1677 904 s*
1746 915 1753 920 .
1790 896 1831 924 Ἡ,

63 932 376 981 recuperarent.
436 925 575 966 Nemo
596 924 726 980 igitur
754 924 1095 980 jureconsultus,
1127 938 1181 964 ne
1217 922 1297 963 iste
1328 921 1515 977 quidem,
1550 918 1739 976 quieta:

64 981 144 1022 tibi
161 981 233 1022 uni
255 982 669 1038 estjureconsultus,
703 995 777 1037 per
797 973 1040 1037 queniffiaec
1060 979 1169 1036 agis,
1199 993 1251 1020 ex
1273 978 1358 1020 ista
1379 975 1626 1034 syngrapha
1647 977 1701 1019 10

63 1038 210 1079 deberi
240 1038 348 1079 dicit
378 1053 452 1094 pro
484 1038 537 1078 iis
570 1038 710 1088 rebus,
744 1053 839 1094 quae
871 1043 988 1078 eraut
1020 1044 1118 1078 ante
1141 1035 1429 1093 syngrapham
1451 1049 1627 1089 recupe-

62 1102 176 1136 ratae.
237 1095 337 1136 Non
357 1094 471 1136 enim
494 1094 519 1136 -Σι
541 1101 582 1136 te
605 1094 729 1145 emit;
761 1095 837 1135 sed
865 1093 995 1150 prim,
1027 1108 1155 1149 quam
1186 1099 1233 1133 tu
1262 1107 1387 1133 suum
1415 1090 1496 1132 sibi
1526 1105 1626 1131 ven-

63 1151 201 1202 deres,
222 1151 313 1208 ipse
333 1152 541 1207 possedit.
603 1151 679 1192 llle
697 1151 760 1191 vir
777 1151 879 1192 fuit:
911 1165 990 1191 nos
1013 1150 1188 1205 quidem
1209 1146 1529 1199 contemnendi,
1550 1145 1627 1203 qui
1660 1186 1663 1197 ,
1681 1186 1708 1202 »—
1825 1197 1828 1202 ι

64 1215 282 1250 auctorem
303 1209 490 1259 odimus,
517 1215 614 1249 acta
633 1207 917 1248 defendimus.
969 1206 1086 1255 Quid
1108 1220 1208 1262 ergo
1231 1206 1284 1246 de
1307 1203 1626 1246 commentariis
1650 1199 1714 1253 >g
1729 1206 1774 1253 gg
1807 1247 1812 1259 Ι

66 1264 260 1315 infinitis,
293 1265 398 1320 quid
419 1265 472 1305 de
501 1264 880 1305 innumerabilibus
911 1263 1208 1319 chirographis
1237 1261 1416 1317 loquar?
1447 1275 1628 1317 quorum
1648 1261 1701 1303 15

64 1320 195 1363 etiam
228 1320 467 1362 imitatores
499 1328 613 1372 sunt,
652 1320 725 1377 qui
761 1335 824 1370 ea,
861 1327 1081 1375 tamquam
1119 1318 1406 1375 gladiatorum
1442 1318 1628 1369 libellos,

65 1377 210 1434 palum
245 1377 480 1419 venditent.
554 1378 703 1433 ltaque
734 1377 842 1418 tanti
874 1375 1014 1417 acervi
1045 1389 1315 1417 nummorum
1346 1375 1461 1431 apud
1498 1374 1630 1415 istum

68 1441 386 1485 construuntur,
416 1442 464 1475 ut
492 1435 584 1490 jam
613 1434 949 1490 cappendantur,
980 1447 1067 1473 non
1098 1438 1387 1483 numerentur,
1417 1430 1631 1488 pecuniae.

66 1491 127 1532 At
142 1490 274 1547 quam
295 1505 411 1532 oaeca
430 1490 609 1532 avaritia
629 1492 717 1532 est!
749 1505 884 1546 nuper
911 1490 998 1530 fixa
1025 1489 1173 1530 tabula
1200 1495 1281 1539 est,
1312 1488 1400 1544 qua
1433 1488 1628 1529 civitates

64 1547 416 1603 locupletissimae
439 1547 709 1589 Cretensium
729 1546 1012 1602 vectigalibus
1033 1546 1289 1587 liberantur:
1328 1545 1627 1600 statuiturque,
1647 1544 1704 1586 20

64 1619 134 1656 ne,
174 1614 275 1660 post
313 1604 379 1645 M.
413 1603 594 1645 Brutum
633 1605 952 1663 proconsulem,
993 1602 1051 1643 sit
1085 1602 1216 1644 Creta
1253 1601 1489 1657 provincia.
1565 1601 1631 1642 Tu

63 1660 220 1705 mentis
241 1675 286 1703 es
314 1661 522 1718 compos?
551 1667 597 1702 tu
628 1675 715 1702 non
743 1659 1132 1716 constringendus?
1163 1673 1219 1701 an
1240 1658 1424 1701 Caesaris
1455 1658 1629 1700 decreto

727 1730 762 1759 -0'
790 1716 832 1768 iia!
877 1716 1019 1770 istas(

733 1770 759 1789 ,Α
790 1770 797 1778 .
864 1771 874 1779 „.

901 1832 1114 1873 &venditae
1140 1835 1261 1881 sunt,
1292 1836 1334 1873 et
1362 1830 1628 1873 venduntur.

830 1889 1161 1943 ‘'ponderentur.

621 1832 629 1855 ἰ
640 1834 808 1875 Caesar.

63 1833 272 1891 ''corzficsa
293 1834 555 1914 dispositiab

557 1904 637 1946 per
657 1905 712 1932 se.

114 2091 145 2118 1.
169 2086 370 2129 Syngropha]
417 2086 604 2129 Syngrapha
626 2092 674 2118 est
694 2085 826 2117 formula

75 2131 284 2172 obligationis,
308 2130 370 2172 qua
390 2141 446 2161 nos
456 2130 573 2172 aliquid
597 2131 636 2160 ab
653 2129 714 2160 alio
730 2139 823 2160 acce-

68 2174 151 2215 pisse
166 2173 308 2209 fatemur,
330 2178 362 2204 et
376 2174 507 2204 reddere
524 2173 740 2214 promittimus.

112 2216 162 2246 ΙΙ).
186 2216 248 2247 HS.
263 2217 392 2257 centies]
438 2216 585 2247 Ducenta
601 2215 827 2257 quinquaginta

70 2258 168 2290 millia
183 2264 370 2290 scutatorum
386 2258 587 2291 Gallicorum.

113 2304 145 2334 3.
169 2301 335 2343 Gynaeceo]
360 2301 556 2344 Gynaeceum
571 2303 657 2334 locus
675 2307 722 2332 est
734 2301 830 2332 desti-

73 2350 164 2376 natus
179 2345 250 2375 solis
266 2345 456 2375 mulieribus.

113 2390 145 2419 9.
167 2386 213 2418 Ne
238 2389 292 2418 iste
318 2388 460 2429 quidem]
517 2387 669 2428 Intelligit
705 2387 831 2418 Sextum

71 2429 218 2461 Clodium
233 2431 397 2468 rhetorem,
414 2436 446 2462 et
461 2431 666 2462 consultorem
678 2429 808 2461 Antonii
821 2441 830 2469 ς

72 2483 166 2514 quem
182 2474 222 2504 ab
237 2474 345 2504 exsilio
357 2474 521 2505 revocavit.

117 2518 170 2548 13.
195 2515 252 2547 Ine
265 2517 337 2558 vir.]
376 2516 555 2553 Deiotarus,
568 2516 622 2557 qui
636 2515 754 2547 fortiter
767 2515 832 2556 egit

72 2559 288 2600 recuperando
303 2570 359 2591 sua
374 2559 466 2597 bona,
489 2570 558 2601 quae
574 2560 678 2591 Caesar
696 2559 832 2590 abstule-

72 2607 130 2632 rat.

118 2645 171 2676 14.
192 2644 371 2687 Auctorem]
395 2645 561 2681 Caesarem,
577 2646 632 2688 qui
647 2649 753 2676 auctor
764 2643 832 2675 fuit.

115 2686 166 2717 Ib.
211 2687 426 2720 Commentariis
464 2690 494 2719 in
491 2689 619 2732 finitis]
662 2688 715 2719 De
766 2686 832 2717 istis

74 2730 302 2761 commentariis
316 2731 435 2762 dictum
449 2737 498 2762 est
511 2734 668 2774 superiore
683 2730 834 2765 oratione,

74 2772 256 2821 quiinfiniti
270 2772 290 2802 ὲ
308 2772 458 2807 Cicerone
481 2775 638 2813 dicuntur,
661 2774 735 2816 qula
758 2771 834 2804 nihil

72 2825 105 2847 m
122 2825 166 2848 eis
181 2820 310 2848 certum.

912 2087 965 2117 16.
991 2083 1184 2126 Imitatores]
1223 2083 1286 2116 Hic
1301 2082 1470 2114 imitatores
1486 2093 1540 2114 eos
1556 2082 1633 2114 dicit

869 2129 924 2170 qui
940 2128 1070 2160 aliorum
1085 2139 1193 2159 manus
1209 2127 1322 2159 imitari
1336 2131 1492 2168 poterant.

913 2171 963 2204 Ib.
998 2171 1204 2202 Gladiatorum
1230 2170 1363 2210 libellos]
1419 2168 1567 2211 Respicit
1591 2169 1632 2199 ad

870 2225 986 2245 rnorem
1003 2214 1227 2255 gladiatorum:
1251 2224 1323 2244 uam
1345 2212 1399 2254 qui
1415 2223 1551 2254 pugnam
1564 2211 1634 2242 edi-

871 2263 957 2289 turus
981 2262 1058 2293 erat,
1081 2257 1200 2287 solebat
1231 2265 1406 2297 proponere
1437 2255 1570 2290 libellos,
1599 2254 1633 2285 in

873 2301 984 2342 quibus
1000 2300 1066 2331 dies
1079 2300 1172 2331 futuri
1194 2299 1328 2330 muneris
1351 2297 1577 2339 designaretur,
1599 2297 1634 2327 iri

874 2344 986 2385 quibus
1015 2343 1091 2372 item
1113 2343 1242 2374 nomina
1262 2347 1295 2372 et
1316 2341 1405 2382 paria
1427 2340 1634 2381 gladiatorum

875 2390 1113 2427 exponerentur.
1158 2386 1244 2417 Vide
1266 2384 1418 2426 Lspsium,
1442 2383 1542 2414 Satur.
1564 2382 1586 2413 l.
1601 2385 1635 2414 4.

874 2440 903 2461 c.
919 2431 972 2460 18.

918 2476 971 2505 21.
1002 2472 1072 2502 Post
1102 2471 1147 2504 M.
1179 2470 1337 2511 Brutum-J
1396 2469 1474 2500 Post
1504 2473 1632 2499 mortem

876 2515 1020 2552 Caesaris,
1037 2515 1131 2546 Creta
1147 2514 1307 2556 provincia
1320 2513 1419 2543 Bruto
1435 2513 1562 2543 decreta
1575 2515 1634 2547 est,

875 2569 968 2600 quam
985 2568 1040 2599 per
1056 2559 1215 2588 decretum
1230 2557 1376 2587 liberavit
1390 2556 1428 2585 ab
1451 2564 1544 2585 onere
1564 2564 1635 2594 pro-

874 2602 995 2637 vinciae,
1017 2599 1089 2632 cum
1105 2601 1222 2631 abierat
1237 2600 1254 2631 ὲ
1270 2599 1346 2629 vivis
1369 2598 1505 2634 Brutus3
1528 2606 1634 2637 neque

877 2645 958 2674 enim
975 2654 1067 2674 ausus
1079 2645 1110 2674 id
1125 2643 1196 2674 ante
1212 2643 1324 2677 fuerat.
1338 2651 1377 2671 ne
1394 2640 1524 2670 Brutum
1540 2639 1636 2669 laedc-

875 2692 942 2717 ret:
965 2687 1010 2717 ait
1028 2691 1143 2722 autern,
1167 2687 1258 2716 fixam
1281 2684 1375 2714 fuisse
1389 2681 1538 2718 tabulam,
1560 2681 1635 2723 quia

875 2730 908 2760 in
924 2729 1031 2760 tabula
1044 2730 1171 2760 decreta
1187 2734 1219 2759 et
1233 2727 1319 2767 leges
1334 2724 1598 2756 describebantur.

921 2774 975 2803 22.
1000 2771 1068 2802 Non
1081 2768 1348 2811 cmistringendus]
1394 2767 1530 2799 Insaniae
1545 2776 1637 2798 accu-

879 2820 928 2846 sat
941 2814 1125 2849 Antonium.
1202 2855 1231 2897 2
