1838 3017
603 363 667 407 M.
695 360 888 405 TULLII
922 358 1250 404 CICERONIS

461 504 826 568 CATO
929 499 1413 569 MAJOR,

863 654 934 679 snv
947 653 987 689 112,

301 763 411 816 DF.
473 760 1000 815 SENECTUTE
1070 750 1554 811 DIALOGUS.

404 1104 467 1134 AD
502 1106 545 1133 Τ.
578 1102 879 1132 ΡΟΜΡΟΝΪῙῙΜ
918 1102 1140 1130 ATTICUM
1175 1097 1453 1129 PRAEFATIO.

296 1199 329 1241 Ῑ.
384 1202 419 1241 Ο
446 1201 567 1241 Tite!
599 1201 635 1239 si
655 1200 760 1251 quid
779 1213 852 1249 ego
874 1199 1065 1250 culjuero,
1084 1209 1284 1237 (alrami-e
1305 1197 1479 1242 levasso,

387 1259 498 1304 ane
518 1270 638 1296 num·
659 1261 698 1296 te
718 1257 873 1307 coquit,
896 1260 935 1295 et
960 1259 1113 1303 versat,
1135 1255 1180 1294 2¹11
1199 1254 1490 1307 pensioreflra,

384 1315 557 1366 Ecquid
576 1315 658 1353 erit
673 1314 837 1365 pretiis-²

147 1380 266 1422 Licet
292 1380 406 1422 enim
432 1379 624 1421 versibus
657 1378 810 1419 iisdem
841 1377 945 1420 mihi
978 1377 1094 1419 affari
1117 1384 1174 1429 te,
1198 1374 1357 1425 Attice,
1381 1373 1536 1431 quibus
1559 1370 1719 1420 astitum

147 1437 435 1479 Flamininum

387 1505 469 1545 Ille
488 1507 570 1553 vir,
592 1505 712 1544 haud
731 1506 891 1556 magnei
911 1517 1008 1543 cum
1028 1517 1088 1551 re,
1106 1502 1179 1543 secl
1193 1499 1483 1556 plenu’ficlei:

147 1570 410 1627 quamquam
431 1569 548 1612 certo
570 1569 678 1621 scio,
701 1585 801 1620 non,
824 1577 873 1610 ut
893 1568 1196 1619 Flamininum,

391 1647 629 1687 Sollicitari
650 1649 704 1693 te,
732 1645 845 1693 Tite,
866 1647 927 1685 sie
945 1648 1170 1695 noctesque
1189 1642 1372 1693 diesque.

149 1711 263 1753 Novi
296 1712 410 1754 enim
440 1711 780 1753 moderationem
811 1711 878 1751 ani
928 1711 939 1750 i
973 1710 1035 1751 tui
1069 1717 1112 1750 et
1149 1709 1419 1764 aequitat'em3
1462 1715 1597 1766 teque
1634 1718 1721 1751 non

149 1782 391 1824 cognomen
419 1767 559 1809 solum
590 1767 772 1808 Athenis
804 1768 885 1823 dep
939 1767 1071 1817 tasse,
1097 1766 1172 1807 sed
1209 1764 1524 1807 humanitatem
1553 1774 1596 1807 et
1623 1780 1722 1823 pru-

150 1824 356 1874 dentiam,
378 1825 589 1880 intelligo.
621 1823 678 1864 Et
698 1830 840 1864 tamen
861 1831 902 1864 te
923 1823 1118 1879 suspicor
1138 1821 1292 1862 iisdem
1312 1822 1456 1871 rebus,
1473 1823 1632 1878 quibus
1653 1838 1721 1864 me

149 1880 306 1936 ipsum,
326 1881 540 1923 interdum
563 1879 733 1937 gravius
756 1880 1013 1921 commoveri
1032 1896 1041 1921 ε
1073 1893 1252 1935 quarum
1277 1878 1521 1920 consolatio
1557 1888 1602 1922 et
1636 1895 1723 1920 ma-

143 1937 214 1992 jor
235 1945 314 1988 est,
335 1945 378 1980 et
406 1938 449 1978 in
483 1937 600 1978 aliud
621 1944 788 1992 tempus
817 1935 1067 1978 differenda.
1130 1935 1257 1975 Nunc
1284 1942 1429 1975 autem
1450 1936 1557 1976 mihi
1579 1936 1720 1977 visum

151 2000 218 2034 est
238 1993 291 2034 (le
312 2001 533 2034 senectute
555 1992 717 2048 aliquid
733 1993 788 2033 ad
806 2001 847 2033 te
867 1992 1159 2033 conscribere:
1194 1992 1279 2031 hoc
1299 1990 1414 2031 enim
1438 2007 1582 2043 onere,
1605 1993 1724 2048 quod

152 2049 258 2089 mihi
295 2063 520 2090 commune
551 2057 695 2090 tecum
727 2056 806 2098 est,
838 2055 912 2088 aut
935 2049 1027 2103 jam
1062 2047 1265 2102 urgentis,
1299 2053 1373 2087 aut
1414 2048 1532 2089 certe
1565 2049 1724 2090 adven-

153 2106 285 2146 tantis
307 2106 556 2155 senectutis,
578 2113 621 2145 et
642 2112 682 2145 te
706 2112 748 2145 et
770 2118 836 2144 me
857 2104 999 2159 ipsum
1019 2103 1149 2143 levari
1170 2103 1283 2143 volo:
1317 2102 1398 2143 etsi
1421 2110 1464 2145 te
1482 2104 1657 2160 quidem
1678 2105 1724 2147 id

153 2161 324 2203 modice
369 2177 420 2203 ac
466 2162 694 2218 sapienter,
739 2160 850 2201 sicut
892 2159 1049 2210 omnia,
1089 2167 1132 2200 et
1178 2159 1285 2199 ferre
1327 2166 1371 2199 et
1410 2159 1596 2202 laturum
1628 2176 1723 2203 esse

155 2217 272 2259 certo
293 2219 395 2260 scio.
456 2218 540 2259 Sed
574 2217 693 2268 mihi,
714 2217 810 2258 cuni
831 2217 883 2257 de
906 2222 1128 2257 senectute
1150 2215 1313 2270 aliquid
1334 2216 1487 2258 vellem
1519 2218 1724 2271 scribere,

155 2283 202 2315 tu
233 2276 485 2316 occurrebas
507 2275 661 2329 dignus
693 2288 743 2314 eo
774 2287 962 2324 munere,
984 2287 1069 2328 quo
1096 2279 1274 2327 uterque
1305 2274 1500 2314 nostrum
1532 2289 1724 2316 commu-

155 2331 266 2371 niter
296 2339 496 2373 uteretur.
559 2331 670 2371 Mihi
702 2329 874 2386 quidem
905 2330 965 2370 ita
997 2329 1190 2384 jucunda
1220 2328 1344 2384 hujus
1375 2329 1472 2370 libri
1505 2331 1722 2373 confectio

156 2387 251 2438 fuit,
277 2395 324 2428 ut
343 2403 428 2430 non
452 2388 578 2428 modo
601 2401 746 2428 omnes
769 2385 1017 2427 absterserit
1037 2385 1273 2426 senectutis
1301 2386 1540 2435 molestias,
1564 2388 1639 2429 sed
1664 2389 1725 2429 ef-

155 2444 306 2485 fecerit
327 2445 501 2485 mollem
522 2444 648 2485 etiam
670 2451 714 2484 et
736 2443 972 2497 jucundam
992 2449 1270 2483 senectutem.
1332 2442 1564 2498 Nunquam
1592 2444 1724 2500 igitur

157 2502 260 2541 satis
283 2501 445 2542 laudari
466 2499 596 2556 digne
617 2501 772 2555 poterit
793 2498 1080 2556 philosophia,
1102 2498 1169 2540 cui
1192 2499 1263 2554 qui
1285 2506 1447 2554 pareat,
1470 2513 1598 2541 omne
1616 2508 1722 2541 tem-

158 2571 239 2612 pus
271 2558 410 2598 aetatis
442 2557 534 2598 sine
565 2555 763 2598 molestia
794 2555 932 2612 possit
951 2556 1121 2611 degere.
1182 2554 1268 2595 Sed
1291 2556 1344 2596 de
1366 2556 1531 2596 caeteris
1553 2563 1596 2596 et
1612 2555 1723 2597 dixi-

160 2627 254 2654 mus
286 2614 434 2663 multa,
465 2621 508 2655 et
538 2627 650 2670 saepe
682 2613 894 2654 dicemus:
930 2612 1044 2652 hunc
1069 2612 1224 2653 librum
1255 2612 1308 2652 de
1341 2618 1562 2652 senectute
1593 2612 1649 2653 ad
1680 2619 1722 2654 te

162 2669 370 2711 misimus.
430 2670 614 2712 Omnem
635 2677 778 2711 autem
802 2682 1040 2710 sermonem
1071 2669 1309 2719 tribuimus,
1341 2682 1427 2708 non
1447 2667 1651 2720 Tithono,
1675 2676 1724 2710 ut

164 2726 309 2766 Aristo
331 2725 480 2778 Chius,
502 2731 668 2782 (parum
700 2726 813 2767 enim
845 2731 958 2765 esset
988 2724 1256 2766 auctoritatis
1288 2724 1331 2763 in
1361 2723 1523 2776 fabula)
1549 2725 1625 2766 sed
1658 2725 1723 2766 M.

165 2782 321 2823 Catoni
352 2784 460 2835 seni,
490 2798 577 2840 quo
610 2784 815 2838 majorem
857 2781 1155 2823 auctoritatem
1197 2780 1376 2821 haberet
1416 2780 1578 2822 oratiot
1607 2782 1733 2838 apud

164 2853 307 2896 quem,
341 2838 513 2883 Laelium
543 2846 585 2880 et
617 2839 867 2894 Scipionem
896 2837 1078 2880 facimus
1113 2836 1388 2889 admirantes,
1420 2836 1539 2892 quod
1566 2838 1605 2880 is·
1637 2845 1731 2879 tam
