1790 3090
57 140 143 183 304

774 141 868 175 PRO
897 142 1092 176 MILONE.

70 218 123 260 10
140 216 206 259 bis
227 221 276 259 ut
297 217 574 274 relinquatur,
606 217 659 259 ab
680 217 950 262 inimieorum
971 217 1157 262 audacia
1186 218 1369 277 telisque
1397 219 1529 263 vitam
1554 227 1603 264 ut
1626 221 1704 264 im<-

138 273 253 330 pune
274 276 407 318 liceat
428 274 673 317 defendere.

751 461 1088 491 CONFUTATIO.

194 563 392 604 Continet
412 565 504 604 lzaee
524 563 733 617 refutatio
754 565 841 603 tria
857 564 1135 616 praejudicia,
1167 577 1268 617 quse
1285 569 1435 605 contra
1450 566 1658 607 Milonem
1675 560 1701 606 ἃ,

135 621 357 661 Clodianis
367 621 668 672 jactabantur.

130 678 337 718 hominem
372 678 648 731 interfectam
680 691 767 717 esse
795 678 1013 731 fateatur.

130 735 381 774 damnatam
401 748 489 774 esse
509 737 683 773 senata-s·
693 735 875 785 judicio.

730 621 945 669 Primum,
977 622 1103 675 nefas
1123 635 1210 662 esse
1239 623 1278 661 ei
1310 623 1461 671 vivere,
1492 624 1568 676 qui
1597 622 1623 663 ὰ
1656 636 1700 663 se

1075 678 1341 727 Secu-ndum,
1374 679 1582 719 Milonem.
1602 681 1701 732 jam

942 735 1156 785 Tertium,
1173 736 1366 776 eumdem
1386 735 1592 776 Milonem
1613 748 1705 777 8889

130 791 384 830 damnatum
406 788 619 831 sententia
650 791 729 831 Cn.
752 791 958 844 Pompeii.

187 902 270 942 III.
311 902 412 950 Sed,
455 901 691 958 antequem
722 903 774 944 ad
807 918 900 944 eam
930 903 1169 945 orationem
1198 904 1339 954 venio,
1375 919 1474 960 quae
1504 911 1572 947 est
1599 919 1694 961 pro-

127 957 220 1013 pria
249 965 405 999 nostrae
435 959 701 1014 quaestionis,
731 959 929 1000 videntur
959 974 1010 1000 ea
1039 974 1133 1000 esse
1165 961 1404 1011 refutanda,
1447 976 1544 1018 quae
1575 969 1618 1003 et
1648 963 1693 1003 in

128 1021 279 1055 senatu
309 1015 361 1055 ab
392 1014 579 1055 inimicis
611 1015 727 1071 saepe
751 1016 919 1071 jactata
949 1022 1062 1064 sunt,
1107 1023 1149 1056 et
1178 1016 1223 1056 in
1254 1017 1460 1058 concione
1491 1018 1606 1074 saepe
1638 1019 1693 1060 ab

126 1070 349 1127 improbis,
381 1077 424 1112 et
446 1072 538 1127 jam
568 1073 697 1127 paulo
729 1070 827 1112 ante
858 1073 912 1113 ab
943 1072 1280 1123 accusatoribus,
1312 1079 1374 1124 ut,
1405 1074 1521 1114 omni
1552 1084 1690 1116 errore

81 1129 109 1169 5
127 1128 311 1179 sublato,
343 1142 431 1168 rem
451 1127 595 1183 plane,
616 1143 714 1184 quae
733 1128 852 1169 venit
872 1128 916 1169 in
929 1127 1158 1184 judicium,
1192 1129 1334 1170 videre
1355 1129 1548 1192 possitis.
1606 1129 1649 1171 N
1651 1145 1694 1172 e-

125 1191 230 1239 gant
249 1185 402 1226 intueri
423 1185 565 1226 lucem
587 1200 681 1226 esse
704 1185 769 1225 fas
789 1185 843 1236 ei,

124 1247 278 1282 teatur.

876 1185 951 1241 qui
971 1184 996 1226 ἒι
1013 1200 1058 1226 se
1077 1185 1294 1226 hominem
1311 1200 1504 1227 occlsum
1520 1201 1615 1228 esse
1632 1187 1693 1228 fa-

340 1242 390 1282 In
410 1241 498 1297 qu&
518 1242 692 1283 tandem
713 1242 816 1282 urbe
838 1242 921 1283 hoo
951 1241 1148 1283 homines
1178 1242 1419 1284 stultissimi
1442 1243 1693 1299 disputant?

122 1296 277 1353 nempe
308 1297 353 1338 in
386 1298 450 1350 ee,
498 1314 593 1354 quae
635 1299 817 1355 primum
855 1298 1068 1354 judicium
1104 1299 1156 1340 de
1187 1299 1327 1356 capite
1357 1299 1467 1341 vidit
1497 1299 1564 1341 M.
1596 1292 1690 1342 Ho-

121 1353 230 1402 ratii,
260 1354 482 1396 fortissimi
513 1355 605 1406 viri,
638 1355 725 1412 qui,
757 1356 947 1397 nondum
978 1354 1111 1396 libers
1143 1356 1331 1408 civitate,
1362 1362 1505 1397 tamen
1535 1358 1684 1420 populi

53 1412 105 1454 10
123 1409 306 1452 Romani
348 1412 533 1452 comitiis
575 1412 779 1453 liberatus
813 1419 892 1463 est,

939 1413 1038 1453 cum
1073 1413 1153 1453 sua
1183 1427 1312 1454 manu
1344 1427 1532 1455 sororem
1562 1421 1689 1455 mter-

120 1467 279 1508 fectam
306 1482 399 1509 esse
427 1468 642 1509 fateretur.
701 1469 772 1509 An
804 1477 870 1510 est
897 1469 1125 1525 quisquam
1154 1469 1226 1525 qui
1258 1470 1341 1511 hoo
1372 1469 1553 1525 ignoret,
1586 1469 1686 1511 cum

122 1524 175 1565 de
193 1524 366 1565 homine
388 1525 533 1566 occiso
555 1532 780 1581 quaeratur,
810 1532 885 1566 aut
918 1525 1064 1581 negari
1095 1526 1230 1566 solere
1262 1525 1436 1567 omnino
1470 1541 1564 1568 esse
1594 1527 1685 1569 fac-

120 1586 227 1632 tum,
270 1588 344 1622 aut
374 1580 491 1623 recte
528 1596 579 1623 ao
603 1583 700 1638 jure
731 1583 894 1623 factum
924 1597 1019 1623 esse
1051 1581 1254 1624 defendi?
1314 1582 1411 1624 Nisi
1444 1581 1539 1624 vero
1570 1583 1685 1625 exis-

121 1637 280 1679 timatis
303 1638 546 1680 dementem
579 1638 626 1679 P.
652 1639 905 1681 Africanum
934 1638 1083 1690 fuisse,
1114 1639 1199 1696 qui,
1231 1640 1329 1680 cum
1349 1637 1375 1679 ὲ
1396 1638 1447 1680 C.
1471 1639 1684 1692 Carbone,

161 1753 192 1782 2.
218 1751 331 1782 Noscrae
359 1752 535 1794 questionis]
593 1752 751 1784 Judiciuiu
781 1753 884 1794 publi-

120 1805 190 1825 curn
215 1795 345 1835 quaestio
368 1801 506 1833 vocatur,
529 1796 674 1836 quoniam
698 1796 730 1825 in
752 1797 789 1826 e&
813 1807 881 1827 reus

118 1838 152 1867 in
170 1837 323 1877 judicium
339 1844 474 1874 vocatur,
499 1844 531 1869 et
545 1839 690 1879 quaeritur
705 1838 807 1868 utrum
826 1850 881 1869 no-

119 1890 193 1910 cens
206 1887 256 1916 Sit,
278 1891 317 1910 an
334 1881 493 1912 innocens.

161 1925 192 1953 5.
218 1924 363 1964 Negant]
411 1924 569 1959 Clodiani,
592 1929 623 1953 et
636 1924 716 1953 inter
732 1935 784 1954 eos
805 1924 880 1954 Mu-

119 1967 221 1996 natius
251 1966 385 1997 Plancus
415 1972 447 1996 et
485 1966 527 2003 Q.
545 1967 727 2007 Pompeius,
767 1967 880 1997 tribuni

117 2008 231 2047 plebis,
265 2009 371 2039 volunt
406 2009 560 2040 Milonem
595 2016 692 2040 morte
728 2010 879 2041 damnari.

117 2051 256 2082 Primum
285 2058 389 2082 autem
416 2058 464 2082 est
489 2052 713 2092 praejudicium,
744 2063 806 2093 quo
833 2052 878 2083 illi

117 2100 224 2124 contra
252 2094 403 2126 Milonem
437 2097 612 2126 utebantur.
657 2094 878 2135 Praejudicium

117 2137 190 2167 vero
216 2138 337 2178 proprie
361 2143 409 2168 est
431 2138 513 2178 prius
532 2137 697 2178 judiciuin,
733 2148 796 2178 quo
829 2149 878 2168 se-

118 2190 217 2220 quens
249 2181 353 2219 aliqua
386 2181 596 2211 controversia
614 2180 681 2221 jam
713 2186 778 2210 tum
801 2191 878 2221 quo-

116 2223 283 2252 dammodo
301 2223 444 2263 judicata
465 2229 496 2254 et
520 2224 683 2254 terminata
704 2224 753 2253 sit.
813 2224 881 2254 Pri-

117 2276 199 2295 mum
227 2272 330 2296 autem
353 2266 434 2296 istud
458 2266 673 2307 praejudicium
695 2266 810 2296 refutat
831 2278 878 2298 ar-

117 2315 265 2348 gumento
281 2309 381 2349 petito
393 2309 432 2339 ab
449 2310 643 2346 auctoritate,
667 2309 822 2350 exemplo,
846 2318 878 2340 et

117 2352 268 2390 majorum
284 2352 436 2383 instituto.

160 2396 191 2424 8.
216 2393 508 2434 Horatii,jbrtissimi
520 2394 606 2434 viri.]
662 2393 752 2424 Tullo
768 2394 875 2425 Hosti-

116 2436 158 2466 lio
187 2442 346 2477 regnante,
379 2437 449 2467 cum
472 2444 531 2467 tres
556 2436 685 2467 Curiatii
707 2438 784 2466 duos
808 2437 877 2467 Ho-

116 2479 209 2509 ratios
246 2480 443 2516 occidissent,
476 2480 607 2519 ipseque
642 2479 690 2508 M.
728 2479 876 2510 Horatius

116 2522 198 2552 solus
242 2528 429 2563 superesset,
466 2523 581 2552 occidit
612 2527 672 2551 tres
711 2521 874 2552 Curiatios.

117 2564 279 2595 Redeunti
309 2565 401 2605 igitur
426 2565 557 2595 Horasso
586 2565 604 2594 ῖι
635 2564 720 2594 tante
748 2565 877 2594 victoria

117 2608 239 2637 obviem
276 2608 363 2637 venit
399 2607 464 2648 ejus
500 2618 593 2642 soror,
627 2617 696 2647 quae
729 2613 876 2647 nupserat

117 2650 170 2679 uni
199 2650 216 2680 ἐ
244 2649 400 2685 Curiatiis,
433 2661 502 2691 quae
532 2650 734 2689 triumphanti
767 2660 874 2681 occur—

115 2693 165 2729 rit,
197 2693 286 2728 flens,
319 2698 351 2723 et
380 2703 512 2734 querens
546 2694 586 2723 de
609 2703 664 2722 suo
688 2692 796 2722 marito
841 2699 873 2724 et

115 2736 225 2766 dolens
248 2737 287 2766 ob
311 2736 466 2767 victoriam
494 2736 717 2766 Romanorum.
762 2735 872 2776 Indig-

925 1758 1050 1793 captus,
1072 1753 1143 1783 cum
1167 1753 1206 1784 ad
1230 1753 1380 1795 populum
1398 1752 1608 1794 provocesset‚
1630 1754 1687 1785 ab·

925 1796 1042 1826 solutus
1054 1801 1112 1827 est.

969 1840 999 1870 9.
1033 1838 1171 1868 Nomium
1199 1838 1288 1868 libera
1311 1838 1450 1878 civitate]
1498 1838 1536 1868 Id
1560 1839 1682 1870 facinus

923 1887 1079 1922 patratum
1102 1887 1150 1912 est
1162 1880 1254 1912 Tullo
1270 1881 1404 1911 Hostilio
1425 1887 1588 1922 regnante,
1611 1881 1683 1913 curn

923 1925 1062 1954 nondum
1078 1935 1133 1965 per
1147 1923 1289 1954 consules
1303 1930 1336 1954 et
1349 1924 1501 1966 populum
1516 1924 1620 1955 Roma
1635 1936 1684 1956 re-

925 1967 1068 2008 gebatur.

967 2010 1016 2040 Ib.
1060 2009 1169 2048 Populi
1197 2007 1323 2039 Romani
1353 2010 1500 2050 comitiis]
1546 2009 1683 2041 Comitia

921 2052 999 2082 nihil
1013 2052 1098 2082 aliud
1114 2051 1200 2082 fuere
1215 2051 1308 2092 quem
1322 2052 1432 2093 popuii
1447 2051 1583 2082 Romani
1605 2063 1681 2083 con-

921 2101 1043 2132 ventus,
1067 2095 1123 2136 qui
1142 2095 1173 2124 in
1190 2095 1276 2125 Urbe
1292 2104 1389 2134 prope
1404 2095 1502 2125 forum
1519 2100 1551 2126 et
1564 2095 1681 2126 curiam

921 2138 1054 2175 fiebant3
1077 2138 1131 2179 qui
1143 2138 1229 2168 locus
1244 2137 1316 2167 inde
1329 2137 1497 2168 Comitium
1511 2138 1612 2169 dictus
1622 2144 1681 2175 est,

923 2181 976 2210 ubi
991 2181 1085 2212 etiam
1101 2181 1267 2212 conciones
1284 2180 1325 2210 ad
1349 2181 1498 2221 populum
1521 2181 1682 2212 habeban-

922 2229 981 2256 tur.
1027 2223 1163 2255 Comitia
1177 2222 1248 2254 vero
1264 2233 1320 2264 pro
1335 2224 1475 2254 creandis
1498 2223 1682 2265 magistrati-

922 2267 979 2297 bus
995 2267 1111 2297 fiebant
1125 2266 1157 2296 in
1173 2266 1295 2306 Campo
1312 2266 1442 2297 Martio.

967 2312 1018 2340 14.
1063 2309 1228 2340 Dementem
1253 2308 1328 2340 Pub.
1353 2308 1556 2351 Africanum]
1601 2309 1680 2340 Fac-

921 2359 985 2382 tum
1007 2352 1039 2383 id
1064 2352 1192 2393 exponit
1212 2352 1251 2383 T.
1265 2351 1335 2382 Liv.
1356 2353 1433 2392 epit.
1458 2352 1511 2383 lib.
1529 2354 1584 2382 58.
1629 2351 1678 2382 Ti-

919 2396 1012 2426 berius
1024 2395 1181 2431 Gracchus,
1195 2401 1259 2434 post
1265 2395 1327 2425 mul
1330 2401 1372 2425 tas
1377 2396 1514 2425 excitatas
1522 2395 1679 2430 seditione&

919 2438 984 2468 crim
997 2438 1102 2468 iterum
1115 2439 1248 2468 tribunus
1257 2439 1346 2477 plebis
1354 2439 1447 2468 creari
1459 2437 1550 2473 vellet,
1563 2442 1680 2467 auctore

921 2480 996 2511 Pub.
1015 2481 1144 2511 Cornelio
1160 2480 1279 2516 Nasica,
1300 2482 1334 2510 in
1346 2480 1491 2520 'Capitolio
1503 2479 1536 2509 ob
1554 2481 1677 2519 optima-

920 2523 996 2553 tibus
1009 2525 1113 2553 eccisus
1126 2529 1177 2559 est,
1199 2525 1273 2553 ictus
1283 2522 1596 2564 primum-fragmentis
1609 2523 1678 2552 sub-

917 2566 1061 2595 sellim-um
1072 2577 1083 2602 ,-
1108 2572 1146 2601 εἰ,
1161 2567 1239 2595 inter
1248 2567 1319 2595 alios
1328 2567 1419 2605 quiin
1433 2565 1530 2595 eadem
1540 2566 1677 2595 seditione

917 2609 998 2638 occisi
1018 2614 1114 2643 erant,
1144 2609 1315 2647 insepultus,
1340 2614 1381 2638 est
1401 2609 1435 2638 in
1446 2608 1563 2648 flumen
1584 2609 1675 2647 dejec-

918 2656 974 2681 tus.

958 2693 1008 2724 Ib.
1031 2692 1171 2729 Carbone,
1192 2693 1336 2734 tribuno]
1381 2691 1476 2731 Cfirn,
1504 2698 1578 2734 post
1602 2693 1673 2724 Nu-

916 2736 1062 2767 mantiam
1084 2737 1232 2772 deletam,
1260 2736 1352 2767 Carbo
1373 2737 1505 2767 tribunus
1526 2736 1615 2776 plebis
1635 2737 1677 2767 Ie-

115 2784 204 2810 natus
225 2780 318 2810 frater
333 2789 400 2810 eam
415 2779 532 2811 occidit
544 2790 553 2818 3
576 2779 631 2810 sed
655 2779 696 2809 ob
715 2789 784 2809 eam
807 2790 871 2811 rein
911 2790 976 2821 gem
997 2780 1118 2817 tulisset,
1140 2780 1316 2811 uteumdem
1330 2779 1479 2811 tribunum
1491 2779 1673 2820 plebis,un-
