1858 3095
698 163 748 196 IN
781 163 995 197 ΡΙεοΝΕΜ.
1613 159 1697 203 275

66 254 323 284 concursum
343 251 396 281 cx
426 237 537 294 agris
569 237 945 294 patrum-familias
968 251 1065 278 cum
1096 236 1352 293 conjugibus
1373 249 1424 277 ac
1444 233 1616 276 liboris?

67 298 172 355 quid
195 314 270 340 eos
291 297 398 347 dies,
420 295 508 352 qui,
531 296 653 351 quasi
675 296 850 337 deorum
872 293 1173 335 immortalium
1194 294 1290 335 festi
1312 301 1356 334 at
1389 308 1440 333 ue
1463 292 1615 332 sollen-
1639 288 1690 329 10

63 370 155 406 nes,
173 362 273 397 suut
289 354 402 410 apud
419 367 581 400 omues,
597 353 783 394 adventu
797 367 892 393 meo
910 352 1144 407 redituque,
1161 350 1383 392 celebrati.
1411 349 1530 389 Unus
1546 347 1617 387 ille

66 413 158 454 dies
176 410 278 453 mihi
299 410 474 467 quidem
497 409 828 451 immortalitatis
851 408 983 449 inst-„u-
1003 409 1097 458 suit,
1112 423 1197 464 quo
1221 407 1261 447 in
1283 406 1462 463 patriam
1484 403 1615 453 redii;

65 471 162 510 clun
184 474 377 510 senatum
403 481 622 521 egressum
644 466 744 517 vidi,
765 466 1054 521 populumque
1077 465 1321 505 Romanum
1350 463 1615 508 universum3

64 524 163 566 cum
180 523 283 566 mihi
301 523 394 579 ipsa
408 523 561 574 Roma,
580 523 708 579 prope
723 523 929 564 convulsa
946 522 1120 563 sedibus
1139 521 1241 570 suis,
1257 520 1310 560 ad
1328 520 1617 574 complecten-

69 583 171 623 dum
190 586 531 623 conservatorem
552 595 690 631 suum,
704 579 903 636 progredi
925 579 1016 619 visa
1036 585 1120 629 cst;
1154 593 1249 633 quae
1264 591 1330 617 me
1352 575 1412 616 ita
1433 574 1617 629 accepit,
1642 571 1692 612 lu

71 646 119 680 ut
138 652 225 679 non
254 636 383 679 modo
403 637 595 678 omnium
626 651 843 693 generum,
866 642 1054 685 ¹tutatum,
1077 634 1274 675 ordinum
1297 647 1446 673 omnes
1468 631 1543 671 viri
1567 646 1619 671 ac

70 694 281 746 mulieres,
296 693 433 735 omnis
452 694 631 734 fortunae
649 708 699 734 ac
719 692 817 743 loci,
833 692 907 733 sed
923 691 1053 732 etiam
1076 690 1234 732 moenia
1251 690 1344 745 ipsa
1360 689 1617 735 viderentur,

70 758 114 793 et
126 758 244 793 tecta
260 751 390 800 urbis,
405 765 456 792 ac
473 751 646 805 templa,
659 748 809 790 laetari.
870 748 945 788 Me
964 746 1330 803 consequentibus
1341 745 1493 786 diebus
1509 743 1550 783 in
1565 742 1618 784 eii

70 808 166 864 ipsa
186 808 330 858 domo,
352 807 439 863 qua
459 815 506 847 tu
528 821 592 846 me
616 806 854 861 expuleras,
872 819 1001 860 quam
1023 803 1249 860 expiliuas,
1267 817 1395 859 quam
1417 800 1618 842 incendo-

71 879 153 915 ras,
174 864 416 920 pontificeS,
440 862 653 913 consules,
685 868 826 917 patres
856 861 1104 916 conscripti,
1125 861 1462 902 collocaverunt:
1495 856 1619 898 milii·
1637 856 1693 895 20

71 935 154 976 que
167 920 319 976 (quod,
336 926 434 961 ante
452 934 532 970 me,
547 919 726 970 nemini)
744 917 928 974 pecunia
942 918 1116 974 publica
1132 917 1430 958 aedificandam
1446 915 1621 956 domum

70 983 342 1018 censuerunt.
392 976 541 1017 Habes
562 976 744 1017 reditum
776 989 938 1016 meum:
970 975 1118 1016 confer
1138 989 1253 1015 nunc
1275 973 1463 1015 vicissim
1485 978 1620 1020 tuum,

71 1033 437 1090 quandoquidem,
460 1032 616 1074 amisso
648 1032 854 1080 exercitu,
885 1031 990 1072 nihil
1017 1031 1230 1072 incolume
1251 1031 1440 1078 domum,
1470 1034 1622 1084 praeter

70 1104 119 1132 os
139 1090 244 1132 illud
266 1089 492 1146 pristinum
515 1097 649 1141 tuum,
671 1089 870 1130 retulisti:
904 1089 991 1144 qui,
1014 1088 1209 1144 primum,
1232 1087 1318 1144 qua
1337 1085 1500 1128 veneris
1523 1098 1622 1126 cum

69 1147 270 1188 laureatis
292 1147 378 1188 tuis
399 1146 638 1197 lictoribus,
661 1146 757 1203 quis
790 1145 900 1187 scit?
932 1160 1040 1201 quos
1062 1152 1107 1185 tu
1128 1144 1384 1195 maeandros,
1407 1143 1510 1184 dum
1531 1156 1621 1183 om-
1639 1139 1695 1180 25

70 1218 146 1245 nes
177 1203 433 1245 solitudines
464 1203 746 1259 persequeris,
776 1218 870 1258 quac
898 1201 1149 1243 diverticula
1179 1201 1484 1255 flexionesque,
1508 1214 1623 1254 quee-

71 1259 189 1302 sisti‘?
220 1261 347 1309 Quod
366 1266 407 1301 te
427 1259 707 1314 municipium
722 1259 851 1299 vidit?
878 1259 974 1314 quis
992 1259 1154 1299 amicus
1169 1257 1388 1298 invitavit?
1415 1256 1509 1313 quis
1527 1256 1624 1296 lios-

73 1332 149 1372 pes
179 1316 398 1372 adspexit?
429 1330 590 1356 non-ne
629 1316 707 1356 tibi
743 1330 827 1356 nox
862 1323 952 1356 erat
984 1330 1059 1371 pro
1092 1315 1183 1355 die?
1216 1329 1302 1355 non
1329 1313 1518 1355 solitudo
1548 1327 1623 1368 pro

73 1373 338 1429 frequentia?
369 1387 565 1428 caupona
595 1387 670 1428 pro
700 1372 884 1428 oppido?
916 1386 1002 1412 non
1033 1379 1080 1411 ut
1110 1370 1244 1411 redire
1276 1385 1328 1411 ex
1361 1368 1626 1410 Macedonia

75 1430 233 1471 nobilis
254 1430 496 1486 imperator,
513 1429 589 1470 sed
611 1436 658 1470 ut
678 1436 869 1469 mortuus
893 1428 1062 1469 infamis
1084 1428 1241 1478 referri,
1259 1427 1472 1468 videretur
1486 1428 1501 1466 ¹?
1539 1425 1626 1466 Ro-
1644 1424 1699 1464 30

76 1501 190 1528 mam
209 1488 306 1528 vero
337 1486 473 1542 ipsam
505 1485 685 1527 foedavit
709 1486 917 1526 adventus
945 1492 1059 1526 tuus.
1122 1483 1159 1524 O
1183 1484 1352 1525 familiae
1376 1498 1461 1524 non
1487 1482 1629 1523 dicam

76 1543 334 1599 Calpurniae,
374 1543 451 1584 sed
482 1542 729 1593 Calventi-ee,
767 1557 907 1598 neque
946 1542 1073 1597 hujus
1103 1541 1237 1592 urbis,
1270 1541 1346 1582 sed
1387 1538 1629 1581 Placentini

74 1600 311 1656 municipii,
327 1614 466 1655 neque
484 1599 648 1654 paterni
663 1599 846 1656 generis,
861 1599 937 1640 sed
957 1599 1175 1639 brachatae
1193 1597 1479 1653 cognationis,
1498 1597 1629 1637 dede-

80 1657 177 1698 cus!
210 1656 575 1714 quemadmodum
590 1656 769 1698 venisti?
800 1655 897 1712 quis
919 1655 1109 1707 tibi‚non
1132 1655 1273 1695 dicam
1295 1654 1459 1704 horum,
1477 1660 1552 1694 aut
1572 1652 1631 1693 ci-

75 1713 193 1755 vium
230 1720 492 1762 caeterorum,
515 1713 592 1753 sed
622 1720 792 1754 tuorum
823 1713 1075 1767 legatorum,
1098 1711 1272 1752 obviam
1292 1710 1432 1752 venit?
1463 1724 1631 1751 mecum
1649 1713 1705 1754 35

78 1770 192 1812 enim
205 1776 295 1812 tum
310 1771 356 1812 L.
369 1769 640 1820 Flaccus‚vir
656 1769 732 1811 tua
745 1769 961 1826 legatione
974 1768 1312 1825 indignissimus,
1323 1774 1452 1823 atque
1466 1766 1518 1807 iis
1533 1780 1633 1808 con-

78 1827 199 1876 siliis,
220 1827 377 1884 quibus
393 1841 563 1869 mecum
579 1826 621 1869 in
641 1828 869 1868 consulatu
891 1841 987 1867 meo
1009 1826 1266 1881 conjunctus
1285 1825 1366 1865 fuit
1388 1824 1443 1865 ad
1465 1837 1635 1865 conscr-

77 1884 261 1926 vandam
277 1884 968 1941 rempublicam‚dignior,mecum
983 1882 1064 1924 fuit
1078 1883 1288 1934 tum,cum
1303 1888 1344 1922 te
1359 1880 1535 1937 quidam
1549 1894 1638 1921 non

74 1940 202 1999 longe
225 1941 252 1983 ῑι
280 1941 407 1998 porta
428 1955 526 1983 cum
544 1941 768 1983 lictoribus
791 1947 1002 1982 errantem
1023 1939 1161 1982 visum
1182 1954 1276 1981 esse
1297 1943 1495 1980 narraret.
1534 1936 1636 1979 Scio

134 2115 184 2144 14.
208 2112 347 2144 Senatum
362 2112 532 2154 egressum]
580 2111 716 2142 Obviam
735 2112 842 2143 trium·
888 2119 975 2143 terno
991 2121 1105 2152 genere
1128 2110 1217 2141 traxit
1240 2110 1391 2150 originem
1413 2108 1505 2145 Piso;
1531 2112 1643 2139 mater-

85 2157 254 2202 phantibus
270 2156 416 2186 veniebat
427 2161 562 2186 senatus.
887 2166 945 2185 nus
971 2165 1052 2185 enirn
1075 2153 1145 2194 ejus
1167 2164 1240 2184 avus
1257 2152 1438 2184 calventius
1454 2151 1515 2182 suit
1538 2162 1641 2192 praeco

130 2203 183 2233 22.
209 2199 304 2235 Quod,
319 2205 388 2229 ante
401 2209 455 2236 me,
467 2198 603 2239 nemini]
627 2197 740 2228 Diruta
753 2197 845 2228 Cice·
888 2197 1100 2233 Placentinus,
1114 2202 1147 2226 ut
1159 2197 1237 2226 dicit
1250 2196 1340 2226 infra.

85 2245 167 2276 ronis
192 2243 313 2278 domus,
331 2243 492 2272 combusta
513 2252 549 2272 ac
571 2247 762 2277 consecrata,
785 2251 844 2283 pu·
931 2241 980 2271 lb.
1006 2241 1172 2270 Placentini
1187 2238 1366 2279 municipii]
1392 2237 1553 2268 Placentia
1569 2238 1640 2268 urbs

89 2289 178 2319 blicis
195 2285 369 2326 sumptibus
385 2285 538 2315 aedificaia
553 2290 610 2314 est.
888 2285 919 2314 in
936 2283 1040 2314 Gallia
1051 2282 1156 2323 togata
1166 2283 1205 2313 ad
1218 2283 1349 2312 Padum.
1376 2281 1560 2316 Placentini,
1571 2280 1642 2311 esim

132 2333 186 2363 26.
211 2328 365 2359 Laureatis
380 2330 439 2358 tuis
453 2328 625 2369 lictoribus]
674 2326 754 2357 Cum
777 2326 846 2367 quis
889 2326 973 2369 prius
989 2327 1019 2357 in
1035 2325 1189 2356 coloniam
1204 2325 1333 2356 deducti
1349 2329 1462 2361 essent,
1474 2324 1526 2365 jus
1543 2324 1643 2354 inuni-

89 2377 152 2406 dux
169 2371 320 2404 exercitus
332 2371 492 2401 victoriam
515 2370 673 2407 retulerat,
697 2370 845 2410 suffragio
889 2371 965 2411 cipli
979 2369 1137 2401 consecuti
1152 2374 1233 2399 suut.

93 2419 225 2450 militum
238 2415 267 2446 ei
280 2415 381 2446 fasces
393 2414 497 2445 laurea
512 2413 640 2444 involuti
656 2413 673 2442 a
689 2413 846 2444 lictoribus
935 2416 988 2444 34.
1012 2412 1193 2454 Brachatae.]
1216 2411 1465 2442 Bracliatadicta
1475 2410 1645 2447 cstGallia,

92 2459 346 2503 praeferebantur.
893 2456 979 2498 quod
996 2455 1116 2486 brachis
1132 2460 1290 2485 uterentur
1306 2454 1401 2485 Galli.

111 2500 114 2505 ’
136 2504 187 2534 Ib.
211 2502 289 2536 Quos
312 2506 346 2531 tu
367 2501 554 2542 maeandros]
601 2499 640 2529 Id
663 2504 720 2535 est,
740 2499 849 2534 flexus,
936 2502 989 2531 37.
1020 2498 1058 2530 L.
1084 2498 1231 2539 Flaccus]
1277 2497 1309 2527 Is
1331 2498 1477 2538 indignus
1499 2501 1576 2532 erat,
1592 2496 1646 2536 qui

95 2547 149 2587 qui
176 2544 324 2576 maeandri
353 2543 372 2574 Ξι
398 2543 493 2574 fluvio
523 2543 688 2574 Maeandro
712 2542 849 2573 flexuoso
895 2542 1003 2574 Pisoni
1025 2542 1144 2582 legatus
1167 2547 1259 2577 esset,
1276 2541 1349 2582 quia
1369 2541 1411 2570 vir
1435 2540 1598 2570 eratfortis
1615 2544 1647 2568 ct

95 2589 172 2620 dicti
184 2593 266 2620 sunt.
893 2585 1035 2627 sapiens:
1062 2590 1094 2615 et
1104 2583 1377 2625 deprehendendis
1387 2583 1590 2621 Allobrogum
1603 2581 1649 2611 le-

142 2633 195 2662 33.
230 2630 426 2672 Calpurniae]
480 2629 654 2670 Calpurnii,
680 2627 755 2658 licet
784 2627 851 2668 ple·
896 2629 987 2668 gatis,
1004 2627 1058 2669 qui
1073 2627 1300 2668 conjuratorum
1325 2627 1429 2657 literas
1453 2625 1648 2664 deferebant,

99 2674 172 2710 bcii,
185 2673 203 2703 a
216 2673 316 2713 Calpo
333 2672 448 2703 Numae
464 2673 612 2713 Pompilii
626 2672 689 2702 filio
703 2671 851 2711 originem
897 2671 1041 2703 Ciceroni
1052 2671 1172 2701 consuli
1184 2671 1296 2700 adfuit.

101 2717 312 2748 deducebant.
365 2715 413 2746 Ex
427 2715 466 2747 ea.
478 2715 598 2747 familia
611 2714 700 2746 multi
714 2713 857 2746 consules
943 2717 996 2745 40.
1019 2713 1203 2754 Errantem]
1251 2713 1417 2750 Quaerebat
1433 2711 1504 2741 Piso
1521 2711 1585 2741 vias
1606 2711 1652 2751 ig-

102 2759 256 2792 cxsiitere.
901 2762 991 2788 notas
1003 2762 1035 2787 et
1047 2756 1240 2793 diverticula,
1251 2762 1284 2786 ut
1296 2757 1327 2786 in
1341 2755 1458 2787 Urbem
1473 2754 1595 2786 silentio
1605 2754 1653 2785 in-

145 2803 194 2835 Ib.
219 2800 401 2842 Calventiae]
449 2801 502 2833 Ab
520 2801 574 2834 illa
594 2801 711 2834 familia
733 2812 771 2833 ex
795 2811 860 2833 ma·
903 2811 1023 2843 gressus
1038 2800 1205 2833 videretur.

1250 2856 1280 2883 X
