1858 3095
707 187 798 221 rno
822 188 1082 222 MARCELLo.
1667 192 1750 235 363

112 264 189 307 sed
210 271 299 306 tum
321 263 364 306 id
398 262 416 312 ,ἀ
450 260 628 315 odii-em,
659 262 694 305 si
726 264 802 306 tibi
836 264 918 306 soli
948 265 1128 316 viveres,
1159 268 1234 305 aut
1264 263 1300 304 si
1331 260 1411 304 tibi
1443 264 1573 306 etiam
1601 265 1680 307 soli
1699 270 1754 311 45

113 330 236 365 natus
259 318 414 381 esses.)
450 319 590 370 Nunc,
624 320 720 362 cum
753 322 943 363 omnium
976 323 1158 363 salutem
1191 321 1361 372 civium,
1393 330 1679 377 cunctamque

112 379 436 436 rempublicam,
455 392 520 419 res
542 386 625 419 tuoe
644 386 776 433 gestan
793 379 1030 434 complexa:
1051 378 1151 430 siut,
1170 377 1335 419 tantum
1352 379 1452 420 abes
1471 380 1492 418 a
1515 379 1677 434 persee-

113 436 230 477 tione
252 435 533 477 maximorum
554 449 743 491 operum,
765 443 814 477 ut
834 435 1128 483 fundamenta,
1157 451 1251 490 quae
1273 435 1456 490 cogitas,
1489 435 1681 476 nondum

108 493 280 549 jeceriS.
341 491 426 532 Hic
456 499 503 532 tu
532 492 732 533 ‘modum
763 500 847 534 tuae
878 493 990 543 vitae,
1023 507 1108 533 non
1141 493 1275 532 salute
1311 492 1574 548 reipublicae,
1608 493 1684 533 sed

114 550 316 606 aequitate
338 548 485 600 animi,
514 548 719 590 definies?
780 549 912 601 Quid,
948 550 981 590 si
1003 549 1118 590 istud
1140 563 1191 590 ne
1216 549 1362 604 gloriae
1394 548 1567 604 quidem
1602 556 1685 590 tuae
1703 553 1759 594 50

115 606 221 648 satis
236 606 322 648 est?
345 606 468 662 cujus
482 613 522 647 te
538 621 632 647 esse
647 606 954 657 avidissimum,
969 605 1164 662 quamvis
1179 605 1238 645 sis
1256 605 1443 660 sapiens,
1457 620 1541 646 nou
1560 620 1688 661 nega-

118 663 198 704 bis.
221 662 451 704 Parum-ne
466 663 610 719 igitur,
622 663 806 719 inquies,
818 662 996 718 gloriam
1009 676 1206 717 maguam
1219 661 1532 717 relinquemus?
1550 661 1686 703 Immo

117 719 218 762 vero
241 720 352 772 aliis,
373 720 566 776 quamvis
588 719 751 770 multis,
773 720 899 768 satis;
932 718 1010 760 tibi
1034 719 1105 758 uni
1128 717 1298 774 parum3
1331 718 1542 774 quidquid
1574 718 1690 759 enim

119 784 200 828 est,
223 778 416 833 quamvis
439 777 625 833 amplum
645 776 715 825 sit,
739 776 783 816 id
801 773 919 820 ,certe
940 789 1087 830 parum
1109 782 1175 816 est
1195 782 1301 822 tum,
1324 774 1421 816 cum
1440 783 1506 816 est
1525 774 1689 831 aliquid

120 835 317 890 amplius.
379 832 507 881 Quod
541 832 577 874 si
610 847 747 874 rerum
780 829 945 884 tuarum
975 831 1296 882 immortalium,
1340 833 1391 874 C.
1427 833 1586 884 Caesar,
1619 830 1690 872 hic
1708 838 1762 878 55

121 891 259 931 exitus
281 890 446 931 futurus
463 889 558 940 fuit,
580 896 641 941 ut,
663 888 842 942 devictis
863 888 1131 940 adversariis,
1153 889 1460 944 rempublicam
1478 890 1521 930 in
1541 903 1590 930 eo
1608 896 1692 930 sta-

120 953 167 988 tu
188 947 448 1003 relinqueres
471 946 514 987 in
535 960 620 1002 quo
649 961 764 987 nunc
793 946 880 996 est3
916 946 1028 998 vide,
1060 961 1220 1002 quaeso,
1253 961 1304 987 ne
1336 953 1410 987 tua
1440 946 1584 988 divina
1613 945 1694 986 vir-

123 1011 194 1046 tus
215 1003 508 1045 admirationis
529 1004 627 1060 plus
649 1003 706 1044 sit
726 996 936 1054 habitura,
968 1002 1098 1059 quam
1121 1003 1288 1058 gloriae3
1321 1003 1535 1058 siquidem
1556 1001 1694 1059 glorIa

123 1068 191 1102 est
210 1060 388 1102 illustris
409 1075 461 1101 ac
481 1067 713 1116 pervagata
733 1061 962 1101 multorum
976 1068 1024 1101 et
1044 1074 1311 1116 magnorum,
1331 1061 1399 1102 vel
1421 1060 1464 1102 in
1485 1075 1602 1110 suos,
1628 1059 1695 1100 vel

125 1117 169 1158 in
190 1117 386 1174 patriam,
407 1118 473 1158 vel
495 1118 537 1158 in
559 1132 684 1160 omne
707 1132 842 1172 genus
863 1116 1097 1167 hominum,
1122 1117 1235 1158 fama
1266 1116 1541 1158 'meritoruim
1588 1116 1694 1157 Haec
1712 1121 1767 1163 60

125 1174 255 1230 igitur
275 1174 353 1216 tibi
374 1174 564 1230 &reliqua
583 1189 679 1231 pars
697 1182 783 1224 θεὶς
814 1173 884 1215 hic
904 1181 1037 1215 restat
1057 1181 1200 1225 actus;
1227 1173 1270 1215 in
1292 1173 1376 1215 hoe
1393 1173 1696 1216 elaborandum

127 1239 208 1282 est,
240 1239 287 1273 ut
306 1231 615 1288 rempublicam
643 1231 897 1282 constituas,
928 1230 1063 1287 estque
1084 1238 1131 1272 tu
1152 1231 1196 1271 in
1214 1224 1374 1286 primis,
1408 1246 1505 1273 cum
1527 1230 1698 1272 summ-51

126 1288 434 1344 tranquillitate
457 1295 501 1329 et
521 1288 625 1340 otio,
646 1287 875 1344 perfruere.
934 1287 1040 1329 Tum
1060 1295 1116 1338 te,
1139 1287 1175 1328 si
1196 1289 1330 1340 voles,
1353 1287 1449 1330 cum
1471 1295 1514 1330 et
1535 1287 1698 1344 patriae,

129 1345 245 1402 quod
267 1345 415 1397 debes,
447 1345 640 1396 solveris,
671 1353 714 1386 et
746 1343 943 1406 naturam7
977 1345 1115 1401 ipsam
1152 1344 1390 1400 expleveris
1421 1345 1620 1387 satietate
1639 1344 1700 1385 vi-

129 1401 274 1454 vendi,
305 1403 408 1443 satis
441 1402 515 1443 diu
549 1402 707 1443 vixisse
736 1401 885 1443 dicito.
906 1403 915 1414 *
948 1401 1065 1450 Quid
1097 1408 1164 1443 est
1185 1401 1298 1442 enim
1325 1401 1498 1443 omnino
1527 1402 1613 1443 hoc
1640 1403 1700 1457 ip-
1718 1406 1773 1448 65

130 1474 225 1501 sum
256 1461 350 1512 diu,
395 1458 469 1500 hin
510 1473 596 1516 quo
631 1466 698 1500 est
732 1458 896 1517 aliquid
935 1467 1188 1511 extremum,
1227 1459 1346 1521 quod
1386 1458 1484 1500 cum
1522 1460 1701 1509 venerit,

132 1516 270 1557 omnis
300 1517 500 1572 voluptas
535 1515 747 1572 praeterita
779 1519 856 1572 pro
888 1516 1021 1558 nihilo
1054 1523 1134 1567 est,
1170 1515 1270 1572 quia
1304 1515 1458 1572 postea
1490 1516 1610 1558 nulla
1638 1515 1704 1556 fu-

131 1580 227 1614 tura
267 1572 351 1614 sit?
402 1587 663 1629 quamquam
703 1572 926 1614 istesstuus
961 1573 1127 1614 animus
1164 1568 1385 1628 nunlquam
1425 1573 1509 1614 ihis
1548 1588 1704 1629 angus-

133 1629 218 1681 tiis,
269 1644 374 1686 quas
417 1637 569 1671 natura
605 1629 730 1670 nobis
770 1628 823 1681 ad
864 1629 1095 1671 vivendum
1132 1625 1254 1670 dedi³
1316 1637 1546 1672 contentus
1594 1629 1704 1671 fuit:

134 1701 303 1744 semper
330 1686 663 1728 immortalitatis
695 1696 838 1740 amore
869 1687 1081 1744 flagravit.
1141 1685 1364 1727 Ne0·ver‘b
1393 1687 1486 1728 haec
1513 1694 1588 1728 tua
1618 1686 1707 1728 vita
1723 1692 1780 1733 70

137 1743 322 1786 dicenda
353 1750 433 1795 est,
465 1758 562 1800 quae
595 1758 771 1801 corpore
805 1741 848 1798 et
878 1744 1054 1801 kspiritu
1085 1721 1348 1844 contine³turz
1391 1744 1479 1796 illa,
1514 1744 1706 1800 inquam,

137 1801 210 1842 illa
240 1802 329 1842 vita
356 1808 423 1843 est
449 1808 537 1852 tua,
569 1800 727 1852 Caesar,
760 1801 856 1857 qu'ae
887 1801 1052 1858 vigebit
1087 1815 1247 1841 memor
1269 1800 1294 1841 a
1330 1802 1582 1842 saeeulorum
1618 1815 1708 1842 om-

137 1857 271 1909 nium,
302 1873 431 1914 quam
466 1858 694 1914 posteritas
726 1859 843 1913 alet‚{
860 1873 988 1915 quam
1014 1858 1110 1914 ipsa
1137 1866 1252 1899 aeteri
1272 1857 1352 1899 itas
1384 1873 1552 1914 semper
1571 1858 1708 1899 tuebi-

137 1922 226 1958 tur:
257 1915 359 1957 huic
376 1923 423 1958 tu
439 1915 660 1968 inservias,
678 1915 781 1958 huic
797 1915 844 1957 te*
857 1923 1063 1968 ostentes,
1081 1921 1248 1972 oportet
1301 1930 1395 1972 quae
1412 1916 1599 1973 quidem,
1613 1931 1710 1973 quae

141 2039 389 2084 “crederem.
449 2042 609 2097 ‘finem
672 2032 996 2105 'beneficim-um.
1068 2047 1238 2084 gres-tat.
1269 2031 1273 2086 l
1307 2041 1445 2094 ”quod
1478 2043 1600 2084 habet
1633 2043 1712 2083 ali-

400 2100 682 2154 quenzflnem.
744 2097 837 2139 ιιΙιᾶο
859 2100 1071 2141 brevitate.
1133 2097 1454 2157 “re-spiratione.

1224 2204 1256 2235 Ὢ
1400 2228 1858 2256 wau-⁴...-

1203 2258 1305 2276 ...ar-‘V‘
1343 2251 1398 2262 '‘⁹-
1836 2257 1838 2260 ,

190 2282 243 2313 58.
259 2280 470 2312 Admirationis
478 2282 559 2323 plus,
574 2281 658 2321 qudm
670 2282 799 2324 gloriae.]
835 2282 912 2323 Plus
926 2315 928 2317 ,
944 2292 1046 2313 ,vove
1054 2274 1262 2313 dm‘tfrftisse:
1287 2283 1370 2334 quod
1391 2282 1473 2314 enirn
1495 2282 1591 2315 habet
1613 2284 1717 2321 finem,

146 2325 359 2356 admirationis
374 2325 510 2355 habebat
522 2325 625 2356 Caesar
641 2325 911 2369 proptewreff'l'eli-
955 2336 1018 2356 non
1042 2331 1089 2357 est
1112 2326 1185 2364 diu3
1210 2326 1286 2356 nihil
1310 2332 1414 2366 autem
1437 2332 1484 2358 est
1506 2328 1537 2357 in
1557 2327 1645 2359 rebus
1660 2329 1719 2358 liu-

146 2368 224 2400 citer
248 2367 364 2409 ubique
396 2374 508 2409 gestas,
539 2373 570 2398 et
596 2367 768 2410 triumphos
797 2369 912 2410 ubique
957 2370 1069 2407 manis,
1093 2371 1176 2410 quod
1193 2380 1254 2399 non
1278 2371 1316 2400 lia
1340 2375 1389 2400 eat
1413 2370 1526 2409 smem3
1551 2382 1624 2412 ergo
1642 2371 1719 2402 nihil

149 2416 343 2453 reportatos;
368 2412 466 2441 minus
490 2411 561 2441 vero
578 2410 694 2453 gloriqe,
718 2412 792 2453 quia
816 2412 914 2442 Rem-
958 2418 1015 2449 est,
1031 2414 1115 2454 quod
1132 2412 1170 2443 sit
1186 2413 1249 2442 diu.
1296 2414 1325 2450 Q
1338 2413 1400 2444 iare
1418 2413 1522 2445 Caesar
1537 2415 1640 2445 dicere
1655 2423 1720 2445 non

151 2457 226 2496 pub.
252 2454 342 2485 bellis
367 2454 508 2485 civilibus
539 2453 757 2495 labefactatam
787 2454 911 2486 omnino
957 2461 1073 2497 potest,
1096 2466 1128 2486 se
1145 2455 1217 2486 satis
1234 2456 1319 2486 diuv
1355 2457 1426 2487 isse,

152 2497 287 2539 pristinae
302 2497 447 2539 dignitati
463 2509 523 2527 non
539 2498 682 2529 restituit.
876 2522 880 2527 .
1001 2501 1053 2529 67.
1077 2498 1136 2529 Pro
1162 2499 1253 2529 nihilo
1273 2506 1322 2530 est.
1386 2500 1542 2541 Voluptas
1566 2500 1721 2540 prr-eterita

198 2542 251 2571 61.
295 2540 355 2571 Hic
377 2547 465 2571 restat
494 2541 602 2582 actus]
662 2541 800 2572 Verbum
830 2542 888 2572 istu
958 2542 1043 2572 nullo
1060 2542 1128 2573 loco
1143 2543 1289 2573 habenda
1305 2554 1338 2573 es
1359 2566 1367 2579 ,
1387 2543 1460 2585 quia
1477 2553 1537 2573 non
1554 2543 1693 2583 sentitur.

153 2589 237 2614 actus
251 2584 429 2614 translatum
442 2590 489 2614 est
503 2585 521 2614 a
536 2585 700 2615 comoedia.
739 2584 850 2625 Itaque
865 2585 914 2615 hic
1001 2588 1055 2615 74.
1081 2585 1162 2615 Huic
1178 2591 1211 2615 ιη
1227 2586 1389 2627 inservias]
1437 2585 1595 2626 Significat
1607 2585 1722 2624 Caesari

155 2632 249 2656 restat
264 2633 350 2658 actus
364 2632 521 2668 tamquam
539 2628 734 2668 catastrophe
755 2627 786 2657 in
802 2639 916 2658 comoe-
959 2628 1031 2658 huic
1044 2627 1266 2659 immortalitati
1278 2630 1494 2670 comparandae
1510 2629 1583 2658 dare
1595 2634 1722 2687 opefam

156 2669 222 2705 dia,
239 2675 272 2699 ut
286 2671 390 2701 omnia
400 2672 608 2708 restituantur,
622 2677 653 2702 et
666 2672 801 2701 babeant
814 2672 917 2701 laetum
961 2671 1121 2711 Rempub.
1138 2673 1369 2704 constituendo.
1648 2689 1653 2710 5

157 2713 285 2743 exitum.
1003 2713 1053 2744 Ib.
1079 2714 1227 2754 ostentes]
1290 2714 1397 2745 Debet
1423 2714 1528 2745 Caesar
1555 2714 1723 2745 ostendere

203 2757 257 2787 65.
279 2753 356 2785 Satis
370 2756 449 2797 diu]
477 2756 609 2788 Dixerat
618 2758 722 2789 Caesar
737 2757 768 2787 in
782 2756 836 2787 sua
853 2766 920 2786 ora·
962 2757 1136 2794 aeternitati,
1160 2757 1260 2799 qualis
1281 2762 1477 2800 quantusque
1492 2757 1584 2789 fuerit
1603 2757 1636 2789 in
1656 2756 1725 2788 Re-

160 2798 258 2833 tione,
281 2797 355 2829 satis
370 2809 403 2829 se
419 2800 473 2830 diu
489 2800 614 2832 vixisse:
633 2800 700 2841 jam
716 2802 796 2831 hanc
813 2809 920 2830 vocem
963 2801 1040 2843 pub.
1057 2800 1310 2832 administranda.

159 2841 274 2873 refutat
283 2840 405 2880 Cicero,
415 2847 447 2873 et
455 2842 603 2884 explicat,
611 2844 818 2882 ostendendo,
825 2842 856 2875 iu
864 2843 922 2876 Ιιέὶθ
