1790 3090
84 130 168 177 104

93 215 149 257 60
165 208 236 260 ne,
257 212 332 256 aut
351 206 468 249 certe
482 207 574 263 jam
593 204 946 262 appropinquare.
996 205 1117 254 Quos
1138 204 1174 248 si
1194 218 1314 246 meus
1331 205 1596 257 consulatus,
1618 217 1726 261 quo.-

740 128 791 161 IN
815 127 1073 174 CATHJNAM
1095 129 1141 161 11.

166 265 284 307 niam
316 279 464 307 sanare
486 277 572 303 non
591 268 751 319 potest,
782 263 1029 315 sustulerit3
1060 277 1146 303 non
1165 263 1294 304 breve
1314 261 1461 303 nescio
1482 262 1598 317 quod
1618 268 1728 303 tem-

167 338 264 380 pus,
281 322 358 363 sed
374 321 510 362 multa
522 318 694 370 saecula,
709 319 959 375 propagarit
971 319 1236 375 reipublicae3
1257 319 1373 360 nulla
1388 325 1454 360 est
1466 317 1580 359 enim
1591 317 1725 366 natio,

170 394 300 435 quam
320 377 693 434 pertimescamus3
725 376 865 417 nullus
886 391 974 427 rex,
996 377 1070 432 qui
1090 377 1250 417 bellum
1270 376 1428 432 populo
1446 375 1644 416 Romano
1662 374 1726 414 in-

169 437 276 477 ferre
297 433 460 491 possit3
492 432 634 475 omnia
654 438 755 472 sunt
775 439 963 484 externa,
983 432 1110 473 unius
1126 432 1297 483 virtute,
1317 431 1428 474 terra
1447 431 1638 486 marique
1653 444 1728 486 pa-

99 493 154 534 65
172 499 295 543 cata;
324 490 611 532 domesticum
634 488 798 529 bellum
827 495 994 530 manet:
1022 488 1136 529 intus
1166 488 1334 530 insidiae
1363 496 1488 540 sunt3
1518 488 1633 529 intus
1664 487 1728 530 in—

172 550 338 591 clusum
366 547 601 604 periculum
618 551 708 596 est3
738 544 854 586 intus
876 552 941 586 est
959 544 1121 596 hostis;
1153 560 1251 586 cum
1270 545 1439 587 luxuria
1458 545 1598 597 nobis,
1629 558 1729 585 cum

171 604 372 656 amentia,
395 619 493 645 cum
513 603 688 653 scelere,
711 602 962 643 certandum
982 608 1061 643 est.
1113 601 1228 643 Huic
1246 617 1328 658 ego
1350 617 1416 644 me
1436 603 1552 644 bello
1574 603 1729 643 ducem

169 663 388 719 profiteor,
426 659 644 710 Quirites:
691 658 880 714 suscipio
910 657 1158 701 inimicitias
1189 659 1410 700 hominum
1440 659 1727 715 perditorum:

171 734 268 774 quae
289 718 429 760 sanari
449 721 663 774 poterunt,
694 716 964 772 quacumque
985 715 1150 757 ratione
1170 715 1352 757 sanabo:
1384 731 1478 771 quae
1495 713 1730 757 resecanda

98 775 154 818 70
173 782 309 827 erunt,
340 790 426 816 non
461 774 598 831 patiar
630 773 685 814 ad
714 773 946 829 perniciem
977 772 1162 814 civitatis
1192 787 1377 814 manere.

1437 771 1626 813 Proinde
1656 776 1731 811 aut

172 839 342 883 exeant,
373 837 449 873 aut
477 830 727 887 quiescant:
769 835 856 880 aut,
887 829 923 870 si
957 835 1001 870 et
1033 829 1075 870 in
1109 830 1212 871 urbe
1244 836 1287 870 et
1320 829 1365 870 in
1398 827 1553 870 eadem
1587 835 1730 870 mente

170 895 444 945 permanent3
477 903 527 929 ea
558 902 652 944 quae
679 892 892 928 merentur
920 892 1185 950 exspectent.

1244 888 1305 927 At
1331 885 1461 927 etiam
1480 891 1593 937 sunt,
1624 883 1732 933 Qui-

171 946 289 996 rites,
320 944 394 1000 qui
415 944 563 985 dicant
583 943 609 984 ἓι
631 958 697 984 me
718 943 761 984 in
782 942 978 984 exsilium
999 950 1185 999 ejectum
1207 957 1300 984 esse
1327 942 1582 984 Catilinam:
1614 940 1732 997 quod

173 1016 255 1058 ego
275 1001 311 1043 si
325 1002 453 1042 verbo
470 1000 641 1056 assequi
654 1014 842 1055 possem,
862 999 969 1040 istos
986 999 1104 1056 ipsos
1121 999 1335 1056 ejicerem,
1352 998 1425 1055 qui
1442 999 1534 1040 haec
1550 1000 1735 1055 loquun-

100 1059 155 1099 75
172 1066 265 1110 tur;
296 1058 426 1099 homo
460 1056 574 1099 enim
603 1055 806 1097 videlicet
835 1055 1011 1096 timidus
1042 1063 1086 1097 et
1114 1057 1410 1111 permodestus
1444 1070 1596 1096 vocem
1631 1069 1732 1096 con-

173 1115 280 1156 sulis
301 1114 408 1155 ferre
430 1128 517 1155 non
537 1112 703 1169 potuit:
736 1111 862 1152 simul
883 1119 1010 1168 atque
1032 1112 1090 1152 ire
1112 1112 1156 1152 in
1178 1112 1373 1152 exsilium
1388 1112 1536 1167 jussus
1558 1117 1637 1162 est,
1657 1126 1733 1166 pa-

170 1171 270 1213 ruit.
330 1170 473 1218 Quid?
505 1169 620 1225 quod
643 1169 844 1209 hesterno
867 1167 952 1219 die,
974 1166 1072 1208 cum
1088 1167 1204 1210 domi
1220 1170 1326 1210 me'ae
1343 1166 1465 1224 paene
1481 1167 1733 1209 interfectus

172 1242 328 1279 essem,
359 1232 556 1269 senatum
576 1225 620 1266 in
642 1225 779 1266 aedem
798 1223 917 1265 Jovis
940 1224 1124 1266 Statoris
1156 1224 1417 1277 convocavi3
1447 1240 1535 1267 rem
1563 1239 1733 1266 omnem

172 1285 228 1326 ad
244 1291 387 1341 patres
401 1282 670 1339 conscriptos
687 1280 837 1323 detuli.
866 1280 965 1330 Quo
983 1281 1080 1323 cum
1097 1281 1283 1323 Catilina
1299 1281 1502 1331 venisset,
1523 1280 1621 1338 quis
1635 1295 1732 1322 eum

102 1342 156 1384 80
174 1348 346 1384 senator
365 1339 625 1398 appellavit?
657 1338 754 1395 quis
775 1338 1000 1394 salutavit?
1041 1338 1136 1395 quis
1157 1338 1342 1395 denique
1362 1338 1424 1380 ita
1444 1337 1656 1396 adspexit,
1686 1344 1736 1380 ut

172 1399 388 1456 perditum
427 1397 580 1448 civem,
620 1410 672 1437 ac
701 1410 787 1437 non
817 1394 961 1451 potius
991 1402 1039 1436 ut
1069 1395 1502 1453 gimportunissimum
1536 1395 1734 1439 hostem?

174 1455 292 1504 Quin
312 1455 441 1508 etiam
459 1453 672 1511 principes
694 1453 784 1508 ejus
806 1452 966 1493 ordinis
993 1458 1159 1509 partem
1189 1452 1305 1494 illam
1332 1451 1649 1506 subselliorum,
1679 1452 1735 1507 ad

173 1526 303 1568 quam
323 1512 396 1553 ille
417 1516 672 1561 accesserat,
702 1508 863 1549 nudam
883 1515 1013 1564 atque
1034 1510 1204 1550 inanem
1224 1508 1499 1565 reliquerunt.

233 1569 310 1610 IV.
338 1568 423 1609 Hic
445 1582 541 1624 ego,
558 1566 788 1608 vehemens
809 1564 881 1605 ille
904 1566 1069 1618 consul,
1090 1566 1165 1622 qui
1184 1566 1315 1607 verbo
1337 1565 1452 1608 cives
1471 1565 1517 1607 in
1536 1564 1734 1607 exsilium

174 1624 317 1681 ejicio,
337 1625 514 1682 quaesivi
537 1623 563 1665 a
584 1620 787 1674 Catilina,
807 1636 862 1663 an
881 1628 1092 1665 nocturno
1113 1629 1328 1666 conventu
1346 1624 1462 1680 apud
1483 1623 1549 1666 M.
1566 1623 1734 1666 Laecam

730 1788 745 1812 g
748 1782 1157 1836 perniciosissimum
1168 1812 1175 1823 .

217 1917 269 1946 60.
292 1913 555 1956 Appropinquare]
611 1911 856 1954 Appropinquat
885 1912 930 1948 id,

171 1958 270 1999 quod,
294 1958 318 1988 si
334 1969 396 1988 non
413 1968 546 1999 praesens
561 1962 618 1992 est,
635 1962 666 1986 at
680 1955 774 1996 paulo
791 1955 861 1996 pdst
875 1958 930 1987 ad-

173 2002 242 2032 erit.
285 2001 369 2032 Vide
381 2002 473 2042 igitur
487 2000 651 2031 discrimen
665 2000 745 2029 inter
767 2005 930 2042 utrumque

172 2044 311 2080 verbum,
332 2046 439 2075 instare
453 2048 484 2074 et
499 2044 737 2083 appropinquare.

217 2089 270 2117 64.
294 2087 399 2117 Omnia
420 2093 487 2117 sum
509 2086 649 2126 exterum]
694 2084 791 2115 Nulla
813 2085 846 2116 in
870 2085 934 2117 Eu·

171 2129 249 2170 ropa
272 2134 346 2160 tunc
370 2130 516 2172 temporis
541 2129 624 2160 bella
649 2129 778 2170 gerebat
799 2129 933 2170 populus

172 2173 346 2204 Romanus.

216 2216 265 2246 Ib.
313 2216 401 2247 Terra
413 2216 568 2257 marique]
614 2215 740 2255 Ubique
755 2215 934 2245 vicitPom-

172 2259 284 2299 peius:
308 2270 379 2289 nam
404 2259 469 2300 ejus
492 2260 603 2290 virtute
627 2259 706 2290 terra
733 2259 934 2289 Mithridates

173 2302 272 2332 victus
294 2308 352 2338 est,
376 2307 408 2332 et
430 2303 505 2333 mari
532 2302 647 2333 bellum
675 2302 835 2342 piraticum
860 2312 933 2333 con-

172 2345 300 2376 fectum.
342 2345 427 2377 Vide
444 2356 498 2385 pro
515 2345 600 2386 Lege
615 2346 705 2375 Man.

218 2391 271 2419 69.
294 2388 365 2423 Quae
385 2389 485 2418 sanari
505 2394 653 2427 poterunt,
681 2387 757 2427 δια]
804 2388 935 2428 Sumpta

171 2431 330 2461 translatio
345 2431 364 2461 ὲ
380 2431 518 2467 medicis,
541 2436 573 2462 et
593 2431 753 2471 chirurgiS,
776 2430 841 2470 qui,
865 2441 935 2470 quae

173 2474 309 2504 membra
326 2474 427 2504 sanari
440 2484 503 2504 non
519 2479 662 2515 possunt,
677 2478 877 2509 resecant,ne
888 2483 936 2503 re-

171 2515 256 2558 liqua
271 2516 454 2547 inficiantur.

215 2561 269 2590 71.
293 2559 331 2590 In
345 2559 440 2589 elidem
452 2560 569 2601 mente]
615 2559 654 2590 Id
684 2564 743 2598 est,
764 2559 797 2590 in
824 2559 936 2589 eodem

172 2602 276 2633 animo
287 2602 518 2642 conjurationis.

213 2646 267 2679 72.
293 2645 487 2686 Exspectent]
532 2645 664 2677 Debitas
685 2646 746 2676 suis
769 2645 934 2676 sceleribus

170 2698 279 2729 poenas
295 2693 489 2729 exspectent.

211 2733 265 2763 73.
304 2732 391 2767 Quod
423 2743 473 2773 ego
503 2733 527 2762 si
555 2732 636 2763 verbo
664 2733 772 2772 assequi
799 2732 933 2773 possevin]

167 2774 263 2811 Quod
289 2775 315 2806 si
341 2775 433 2807 verbo
457 2774 577 2807 tantum
591 2775 738 2815 valerem,
760 2780 847 2807 uteo
863 2786 936 2817 pos-

975 1923 1039 1943 sem
1053 1912 1155 1944 civem
1171 1912 1297 1953 ejicere,
1320 1923 1374 1944 eos
1397 1913 1481 1954 ipsos
1503 1912 1658 1955 ejicerem,
1681 1913 1736 1956 qui

974 1956 1042 1986 haec
1056 1957 1097 1986 de
1113 1967 1162 1986 me
1177 1957 1355 1997 loquuntur.

1017 2001 1036 2028 7
1040 2000 1071 2029 5.
1095 1999 1187 2029 Homo
1201 2000 1329 2029 videlicet
1343 1999 1490 2040 timidus]
1535 1999 1657 2032 Ironice
1675 1999 1736 2031 Ca-

974 2041 1093 2072 tilinam
1110 2042 1253 2072 timidum
1268 2048 1370 2078 vocat,
1394 2053 1485 2083 quem
1502 2043 1571 2084 jam
1585 2044 1675 2074 toties
1697 2044 1737 2073 ad

977 2095 1067 2115 omne
1091 2086 1191 2115 scelus
1214 2086 1400 2126 patrandum
1424 2087 1661 2118 audacissimum
1683 2097 1738 2127 ap-

975 2127 1113 2169 pellavit.

1019 2171 1071 2201 77.
1099 2171 1269 2212 Hesterna]
1313 2172 1353 2202 Id
1367 2177 1424 2209 est,
1448 2173 1537 2204 tertio
1549 2172 1659 2203 abhinc
1674 2172 1738 2205 die.

1019 2216 1038 2243 7
1042 2217 1071 2244 8.
1098 2214 1283 2256 convocavi]
1339 2215 1521 2248 Pertinebat
1550 2215 1669 2247 tantum
1697 2216 1736 2246 ad

975 2257 1117 2288 consules
1132 2264 1271 2288 senatum
1287 2268 1467 2290 convocare.

1020 2303 1071 2332 79.
1100 2301 1231 2332 Catilina
1243 2302 1386 2343 venissen]
1432 2302 1562 2333 Senator
1571 2306 1637 2332 erat
1653 2301 1739 2332 Cati-

977 2344 1060 2381 lina;
1082 2344 1218 2385 ideoque
1233 2346 1320 2376 venit
1334 2345 1365 2375 in
1379 2350 1532 2381 senatum,
1546 2345 1618 2376 licet
1631 2350 1738 2375 contra

977 2387 1107 2428 patriam
1122 2387 1308 2428 conjuraret.
1352 2388 1436 2419 Vide
1452 2398 1553 2429 super.
1570 2392 1646 2419 orat.

1023 2433 1077 2461 82.
1100 2429 1250 2470 Principes
1263 2432 1324 2473 ejus
1337 2430 1472 2471 ordinis]
1499 2430 1560 2461 Per
1572 2431 1739 2472 principes,

979 2472 1058 2502 viros
1075 2473 1249 2504 consulares
1263 2473 1419 2515 intelligit,
1433 2473 1487 2515 qui
1501 2474 1592 2515 primi
1601 2475 1737 2505 omnium

979 2516 1165 2546 sententiam
1180 2517 1376 2557 rogabantur.

1023 2562 1053 2589 1.
1081 2559 1228 2589 Vehemens
1253 2560 1302 2590 ille
1329 2560 1456 2600 consul]
1502 2560 1542 2591 Se.
1570 2560 1739 2600 vehemen-

980 2606 1042 2633 tem
1071 2603 1229 2633 consulem
1253 2603 1402 2643 appellat,
1432 2604 1697 2644 quemadmodum
1720 2604 1739 2634 εὶ

977 2644 1142 2685 conjuratis
1157 2645 1383 2686 appellabatur.

1021 2691 1052 2719 2.
1075 2688 1163 2728 Apud
1177 2688 1223 2719 M.
1240 2688 1382 2729 Laecam.]
1428 2688 1479 2720 De
1493 2689 1596 2726 Laeca,
1621 2690 1739 2733 superi-

978 2731 1024 2764 ori
1038 2732 1176 2764 oratione
1191 2731 1279 2770 dixit,
1295 2742 1403 2775 parag.
1419 2731 1454 2766 ii.
1469 2732 1491 2765 l.
1506 2736 1560 2772 44,
1574 2732 1629 2774 55.
