1858 3095
670 137 760 170 PRO
785 137 973 173 ARCHIA,
998 137 1155 168 POETA.
1682 138 1761 179 201

133 212 351 255 literarum
373 215 515 255 lumen
531 215 770 256 accederet.
830 212 971 261 Quam
992 213 1143 253 multas
1162 212 1285 253 nobis
1312 211 1328 234 ‘¹
1343 211 1566 262 imagines,
1599 226 1683 253 non

130 270 265 311 solum
282 272 335 312 ad
365 270 626 321 intuendum,
658 270 802 311 verum
831 269 1033 311 etiamad
1056 269 1323 317 imitandum,
1355 267 1681 308 fortissimorum

133 326 315 368 virorum
348 334 612 381 cexpressas,
645 326 874 382 scriptores
911 333 954 366 et
990 326 1128 366 (muci
1160 333 1202 366 et
1230 323 1367 365 Latini
1400 324 1679 379 reliquerunt!

130 396 235 437 quas
258 398 337 438 ego
359 383 459 423 mihi
484 397 652 438 semper
673 383 713 423 in
733 382 1072 424 administranda
1104 382 1270 437 Repub.
1308 395 1562 436 proponens,
1594 380 1681 420 ani-
1699 381 1753 420 35

131 453 246 480 mum
276 447 319 480 et
339 447 521 480 mentem
545 454 681 480 meam
702 439 820 495 ‘ips-21
837 438 1100 494 cogitatione
1136 439 1354 478 hominum
1383 436 1680 477 excellentium

130 496 464 537 conformabam.
526 496 696 543 Quaeret
722 496 949 551 quispiam,
1001 495 1114 543 Quid
1130 496 1144 534 ’ἒ
1177 494 1234 534 illi
1278 493 1358 548 ipsi
1396 493 1550 533 summi
1588 493 1680 542 viri,

128 565 307 606 quorum
327 552 504 593 virtutes
539 553 670 593 literis
700 553 878 607 proditae
900 558 1014 601 sunt,
1045 551 1207 591 istit-ne
1230 549 1441 599 doctrina,
1470 564 1598 603 quani
1634 557 1679 589 tu
1724 601 1727 604 Ι

127 607 325 648 laudibus
356 609 496 660 effers,
529 609 681 650 eruditi
703 609 897 649 fuerunt?
958 607 1146 647 Difficile
1179 616 1245 646 est
1276 605 1358 646 hoc
1395 606 1448 646 de
1481 606 1679 646 omnibus
1731 628 1742 643 0

125 664 374 705 confirmare
394 682 402 705 ε
435 666 509 707 sed
528 673 670 706 tamen
691 673 756 706 est
777 672 954 713 certum,
978 663 1081 718 quid
1105 661 1399 717 respondeam.
1460 660 1554 717 Ego
1573 662 1679 702 mul·
1696 661 1752 701 40

124 725 191 760 tos
213 718 406 762 homines
429 722 653 763 excellenti
682 721 823 761 animo
846 735 896 760 ac
917 720 1071 760 virtute
1089 719 1236 769 fuisse,
1267 724 1323 768 et,
1346 717 1439 758 sine
1469 717 1679 766 doctrina,

121 783 282 817 naturae
304 777 439 832 ipsius
461 778 608 818 habitu
641 775 771 833 prope
804 776 963 826 divino,
994 790 1068 831 per
1088 790 1133 816 se
1156 775 1288 831 ipSOS‚
1310 781 1353 814 et
1372 775 1614 816 moderatos
1637 782 1680 815 et

122 846 272 887 graves
293 833 524 885 exstitisse,
546 834 709 884 fateor;
743 833 871 874 etiam
888 833 993 873 illud
1011 832 1215 887 adjungo,
1241 831 1398 885 szepius
1435 832 1487 872 ad
1506 832 1677 872 laudem

121 895 249 944 atque
260 889 457 931 virtutem
478 897 672 930 naturam
693 888 784 931 sine
807 888 1017 938 doctrina,
1041 887 1171 944 quain
1192 887 1286 928 sine
1315 887 1466 928 natura
1491 888 1676 929 valuisse

121 944 374 987 doctrinam.
429 947 574 1002 Atque
594 946 708 987 idem
729 960 809 1001 ego
832 946 1061 996 contendo,
1075 944 1171 986 cum
1189 945 1242 985 ad
1265 951 1459 984 naturam
1476 945 1675 986 eximiam
1692 945 1748 985 45

118 1008 248 1057 atque
269 1002 472 1044 illustrem
486 1003 717 1045 accesserit
730 1003 835 1043 ratio
850 1002 1047 1058 quaedam
1066 1000 1434 1056 conformatioque
1452 1001 1673 1050 doctrinae,

118 1064 211 1098 tum
234 1058 335 1100 illud
359 1060 505 1101 nescio
541 1060 646 1115 quid
667 1060 919 1115 praeclarum
941 1074 992 1100 ac
1014 1058 1227 1113 singulare
1254 1058 1390 1097 solere
1423 1064 1437 1087 g
1452 1058 1672 1099 exsistere.

117 1113 184 1155 Ex
202 1115 284 1156 hoc
301 1130 394 1157 esse
417 1116 532 1156 hunc
551 1130 742 1166 numero,
766 1130 895 1171 quem
915 1123 1057 1171 patres
1078 1115 1213 1155 nostri
1235 1113 1446 1164 viderunt,
1481 1113 1673 1155 divinum

118 1170 347 1220 hominem,
379 1172 653 1223 Africanum3
686 1172 837 1213 exhoc
863 1172 912 1213 C.
937 1171 1128 1222 Laelium,
1161 1171 1207 1212 L.
1228 1169 1415 1220 Furium,
1446 1171 1673 1212 modestis-

118 1227 250 1269 simos
268 1228 476 1279 homines,
510 1235 553 1270 et
573 1228 997 1279 continentissimos3
1029 1242 1081 1269 ex
1107 1228 1190 1268 hoc
1224 1226 1500 1268 fortissimum
1522 1228 1670 1281 virum,
1689 1230 1745 1269 50

115 1290 160 1325 et
179 1284 263 1325 illis
285 1285 548 1340 temporibus
578 1285 891 1335 doctissimum,
923 1284 987 1326 M.
1010 1283 1221 1324 Catonem
1253 1283 1373 1323 illum
1394 1298 1565 1334 senem3
1597 1285 1670 1341 qui

114 1339 322 1396 profecto,
353 1341 390 1381 si
417 1341 524 1382 nihil
553 1341 608 1382 ad
643 1341 963 1397 percipiendam
984 1339 1297 1395 colendamque
1317 1338 1515 1380 virtutem
1536 1341 1669 1382 literis

112 1395 427 1452 adjuvarentur,
442 1412 661 1463 nunquam
679 1412 724 1439 se
745 1397 800 1438 ad
817 1412 961 1439 earum
977 1396 1167 1437 studium
1181 1395 1482 1437 contulissent.
1542 1396 1670 1444 Quod

113 1453 149 1493 si
170 1467 257 1495 non
275 1453 348 1496 hic
377 1461 521 1495 tantus
543 1457 708 1496 tructus
730 1454 1041 1505 ostenderetur,
1073 1453 1109 1493 si
1131 1467 1183 1494 ex
1210 1452 1277 1492 his
1306 1452 1457 1493 studiis
1484 1452 1670 1494 delecta-

112 1508 173 1550 tio
208 1510 300 1552 sola
329 1517 567 1566 peteretur;
597 1517 755 1561 tamen,
786 1517 835 1552 ut
868 1509 1033 1566 opinor,
1062 1509 1175 1550 hanc
1209 1508 1340 1550 animi
1374 1508 1670 1551 remissionem
1687 1512 1744 1552 55

111 1565 463 1608 humanissimam
504 1582 555 1608 ac
587 1567 932 1609 liberalissimam
962 1565 1233 1623 judicaretis.
1295 1564 1408 1606 Nam
1429 1573 1582 1607 caetera
1598 1582 1670 1608 ne-

110 1636 195 1678 que
225 1629 467 1680 temporum
494 1630 595 1665 sunt
613 1639 753 1680 neque
774 1630 947 1664 aetatum
969 1622 1176 1674 omnium,
1206 1636 1347 1678 neque
1378 1622 1593 1664 locorum:
1626 1633 1671 1664 at

109 1678 204 1720 haec
225 1680 366 1721 studia
385 1680 722 1722 adolescentiam
743 1680 874 1731 alunt,
897 1686 1166 1721 senectutem
1188 1679 1423 1728 oblectant,
1456 1680 1668 1720 secundas

109 1749 176 1776 res
212 1744 378 1788 ornant,
409 1737 597 1778 adversis
633 1737 879 1793 perfugium
899 1751 950 1777 ac
972 1735 1174 1777 solatium
1207 1735 1419 1791 praebent3
1452 1734 1671 1777 delectant

107 1791 239 1844 domi,
260 1808 347 1835 non
368 1793 611 1850 impediunt
631 1791 755 1846 foris3
777 1799 1033 1850 pernoctant
1052 1792 1296 1843 nobiscum,
1328 1791 1668 1848 peregrinantur,
1687 1794 1743 1835 60

751 1939 764 1964 f
775 1942 1002 1993 cogitando
1023 1941 1073 1981 de
1088 1939 1330 1981 hominibus
1349 1939 1667 1980 eoecellentibus.

762 2003 778 2028 g
794 2011 1020 2051 apparere.

106 1938 123 1962 ‘³
143 1943 349 1994 eoeempla.
465 1947 480 1964 ε
498 1956 636 1983 veras.

147 2155 200 2184 32.
247 2153 361 2183 Immen
394 2153 562 2194 accederem]
630 2152 734 2183 Multa
776 2152 862 2182 illus.
905 2150 952 2180 ait
975 2149 1097 2183 Cicero,
1118 2147 1156 2177 L.
1170 2147 1281 2179 Furius
1302 2149 1423 2187 perbene
1449 2149 1558 2181 Latine?
1587 2151 1663 2191 loqui

105 2201 184 2227 trata
199 2196 295 2226 literis
307 2202 389 2233 sunt,
412 2207 481 2237 quae
498 2196 695 2227 vindicantur
719 2195 759 2226 ab
781 2195 861 2225 obli·
901 2203 922 2232 p

103 2241 208 2270 vione.

147 2285 201 2313 38.
228 2281 384 2322 Virtutes.]
427 2282 488 2313 Per
514 2283 651 2317 virtutes,
675 2291 723 2312 res
746 2285 860 2321 gestas,

105 2330 137 2356 et
158 2325 284 2366 egregia
310 2326 499 2356 fortitudinis
528 2324 678 2362 facinora,
703 2323 861 2363 intelligit,

104 2378 175 2410 quae
192 2369 304 2409 passim
328 2369 347 2398 ἐι
361 2368 515 2400 Cicerone
531 2367 650 2398 virtutis
666 2367 793 2397 nomine
809 2377 862 2396 ex—

103 2411 285 2453 primuntur.

149 2456 203 2485 49.
223 2453 428 2496 Africanum]

105 2507 161 2527 nor
170 2497 336 2528 Africanus
346 2497 448 2527 dictus
463 2502 520 2526 est.

105 2592 167 2612 eum
176 2583 310 2624 gloriam.

148 2623 200 2655 lb.
223 2625 257 2657 C.
268 2623 416 2664 laelium]
449 2623 512 2655 Hic
528 2623 641 2654 Laelius
657 2623 791 2664 Sapiens
803 2633 860 2652 no-

107 2667 239 2698 minatus
253 2674 314 2706 est,
337 2678 429 2709 quem
459 2668 491 2698 in
507 2667 584 2696 libro
600 2668 640 2696 de
656 2666 756 2697 Cim-is
772 2665 863 2695 Orat.

107 2709 158 2740 Sci
182 2709 254 2741 ione
268 2710 461 2741 illustriorem
472 2709 653 2751 eloquentia
666 2710 761 2739 fuisse
778 2707 831 2739 ait.

170 2753 202 2786 b.
213 2750 538 2792 LAEurMJEodem
546 2752 602 2783 lib.
612 2753 652 2783 de
663 2751 764 2782 claris
772 2749 863 2781 Orat.

474 2452 564 2483 Pauli
580 2452 701 2483 AEmilii
711 2452 791 2482 filius
805 2451 860 2481 mi·

571 2495 615 2532 Is,
633 2502 666 2526 ut
678 2496 722 2525 ait
737 2495 859 2530 Cicero,

106 2538 160 2570 lib.
174 2543 206 2570 1.
221 2541 262 2570 de
275 2539 367 2571 Offic.
413 2538 585 2579 Eloquentia
598 2539 760 2569 cumulavit
781 2538 860 2568 betti-

925 2193 1075 2227 utabutur‚
1100 2191 1296 2231 literatistsque
1305 2191 1392 2231 qadim
1406 2195 1510 2223 coeteri.

948 2238 1000 2266 51.
1026 2233 1071 2264 Μ.
1099 2232 1262 2275 Catonem]
1308 2235 1389 2265 Cato
1410 2235 1454 2265 vir
1469 2236 1664 2277 gravissimus

903 2278 1148 2318 fortissimusque
1174 2277 1252 2315 fuit3
1277 2277 1309 2306 in
1332 2279 1469 2308 extremit
1498 2285 1662 2311 senectute

904 2321 1000 2351 literis
1012 2320 1129 2351 Graecis
1147 2330 1273 2360 operam
1285 2320 1424 2357 dedit‚et
1437 2320 1563 2352 Latinas
1575 2332 1664 2363 paene

905 2375 999 2394 senex
1015 2363 1135 2395 didicit.
1160 2363 1213 2393 De
1230 2363 1312 2393 illius
1328 2363 1508 2404 eloquentia
1524 2365 1663 2405 pluribus

907 2407 971 2448 agit
987 2406 1096 2438 Cic-in
1113 2406 1212 2438 Claris
1222 2406 1415 2442 Oratoribus,
1439 2407 1513 2437 etin
1529 2408 1606 2439 libro
1622 2410 1663 2439 de

905 2450 1029 2480 Senect-

948 2493 1002 2523 56.
1023 2491 1295 2532 Liberali-ssimum]
1306 2491 1486 2522 Delectatio
1500 2503 1536 2522 ex
1552 2494 1665 2523 studiis

904 2535 1086 2576 dignissima
1097 2540 1143 2565 est
1159 2534 1282 2565 homine
1294 2534 1459 2565 liberaliter
1470 2537 1616 2566 educato.

949 2579 993 2608 lb.
1016 2579 1098 2609 Nam
1111 2577 1241 2617 eaetera.]
1288 2575 1360 2607 Atia
1372 2578 1474 2607 studia
1487 2588 1549 2607 non
1566 2579 1666 2617 perii,

902 2626 978 2651 nent
1005 2621 1044 2650 ad
1064 2621 1168 2651 omnia
1188 2627 1341 2660 tempora,
1363 2630 1464 2659 neque
1488 2620 1527 2649 ad
1552 2631 1659 2652 omne·

905 2669 1012 2694 aetates
1028 2668 1060 2693 et
1071 2663 1174 2694 cinnia
1189 2662 1275 2693 loca:
1299 2668 1332 2692 at
1346 2663 1448 2691 studia
1461 2661 1661 2701 ρωὲῑίεαὶῑωο

905 2707 1047 2736 universa
1061 2705 1318 2747 complectuntur.
1363 2702 1447 2743 [Alii
1466 2703 1664 2738 librihabent

904 2755 1011 2780 coeterae
1025 2752 1059 2779 et
1071 2749 1111 2779 ad
1127 2749 1227 2778 literas
1241 2746 1404 2786 referunt]
