1858 3095
638 143 730 176 PRO
755 143 944 181 ARCHIA,
973 142 1131 176 POETA.
1648 143 1729 188 197

693 330 1038 358 CONFIRMATIO

116 433 247 473 Duas
267 431 389 472 habet
404 437 570 484 partes,
590 446 779 485 quarum
801 433 892 471 hcm·
909 433 1053 484 prima
1075 435 1150 479 est,
1175 429 1293 471 Civis
1314 428 1535 471 Romanus
1556 435 1624 472 est

773 487 968 528 Archias.

147 580 228 622 ΙΙΙ.
259 579 304 621 Si
345 580 450 622 nihil
485 581 616 632 aliud,
653 581 734 622 nisi
771 582 823 622 de
865 581 1038 622 civitate
1079 595 1130 621 ac
1170 580 1265 635 lege
1303 579 1502 630 dicimus,
1539 579 1647 620 nihil

90 638 187 679 dico
223 637 429 693 amplius:
463 653 593 678 causa
622 638 767 678 adicta
802 644 880 678 est.
941 636 1056 684 Quid
1091 615 1393 677 e11i1u⁸⁹=ho1um
1431 635 1647 685 infirmari,

86 693 298 744 Gracche,
313 696 483 762 potest?
516 695 753 735 Heraclee-
757 708 808 735 ne
823 707 916 735 esse
935 707 1031 733 eum
1047 693 1311 748 adscriptum
1331 692 1542 748 negabis?
1573 693 1648 734 ad·

87 756 154 791 est
183 749 247 790 vir
274 751 441 791 summit
474 750 755 812 auctoritate&
776 758 820 791 et
853 749 1076 812 religione,
1109 756 1153 790 et
1184 749 1284 798 fide,
1320 749 1385 790 Μ.
1419 748 1646 800 Lucullus3

85 806 159 862 qui
192 821 237 847 se
269 821 354 847 non
386 806 564 869 opinari,
589 807 665 847 sed
697 806 830 857 scire;
862 820 948 847 non
980 805 1210 855 audivisse,
1237 805 1312 846 sed
1343 805 1527 856 vidisse3
1559 821 1646 847 non
1691 808 1717 849 5

86 862 344 914 interfuisse,
361 863 437 904 sed
454 878 610 918 egisse,
624 863 745 904 dicit.
801 863 974 904 Adsunt
990 862 1456 924 Heracleenseslegati,
1469 862 1646 903 nobilis-

84 918 180 960 simi
216 918 424 967 homines,
456 920 543 975 qui,
575 920 702 976 hujus
730 919 885 975 judicii
916 934 1030 959 caus
1023 934 1064 969 ι,
1096 933 1192 959 cum
1227 918 1438 959 mandatis
1469 925 1512 960 et
1547 934 1644 960 cum

84 975 258 1031 publico
280 976 528 1017 testimonio
550 984 770 1025 venerunt,
793 991 864 1032 qui
886 976 1001 1016 hunc
1022 975 1284 1031 adscriptum
1314 975 1645 1017 Heracleensem

86 1032 250 1073 dicunt.
309 1033 395 1074 Hie
416 1041 462 1074 tu
483 1034 650 1074 tabulas
672 1033 890 1074 desideras
922 1032 1269 1073 Heracleensium
1291 1031 1499 1088 publicas,
1521 1047 1644 1088 quas,

86 1087 241 1129 Italico
280 1089 410 1140 bello,
443 1090 619 1131 incenso
659 1090 884 1141 tabulario,
921 1089 1115 1130 interisse
1148 1089 1307 1129 scimus
1343 1103 1504 1130 omnes.
1564 1089 1645 1131 Est
1665 1090 1717 1132 10

85 1145 326 1196 ridiculum,
357 1146 412 1186 ad
441 1160 492 1187 ea
518 1162 614 1202 quae
645 1147 868 1198 habemus,
889 1145 994 1186 nihil
1028 1145 1193 1196 dicere3
1202 1160 1427 1214 quaerere,
1445 1160 1541 1202 quae
1568 1146 1644 1187 ha-

84 1202 183 1243 bere
213 1216 299 1243 non
326 1217 582 1258 possumus;
614 1210 656 1244 et
688 1203 740 1244 de
772 1203 994 1244 hominum
1021 1201 1226 1244 memoiia
1253 1209 1409 1253 tacere,
1430 1203 1644 1244 literarum

82 1258 331 1299 memoriam
357 1259 575 1314 flagitare:
609 1267 665 1309 et,
690 1274 788 1300 cum
818 1260 977 1300 habeas
999 1259 1248 1314 amplissimi
1270 1258 1347 1298 viri
1378 1258 1643 1314 religionem,

79 1314 341 1377 integerrimi
379 1315 602 1370 municipii
641 1316 944 1371 jusjurandum
983 1316 1213 1370 fidemque,
1254 1329 1318 1365 ea,
1360 1330 1456 1376 quae
1494 1315 1644 1371 depra-

81 1385 168 1411 vari
201 1371 320 1412 nullo
356 1371 485 1412 modo
516 1379 712 1427 possunt,
740 1372 987 1427 iepudiare·
979 1403 989 1422 ‚
1030 1372 1214 1421 tabulas,
1247 1385 1354 1426 quas
1386 1370 1500 1412 idem
1532 1372 1642 1413 dicis
1664 1374 1715 1415 15

80 1427 216 1468 solere
232 1427 465 1490 corrumpi,
487 1428 743 1469 desiderare.
802 1429 872 1469 An
900 1428 1165 1470 domicilium
1192 1427 1343 1469 Romae
1374 1442 1461 1468 non
1493 1428 1644 1470 habuit

79 1483 132 1535 is,
170 1498 258 1539 qui,
298 1490 365 1525 tot
394 1484 517 1525 annis
567 1492 666 1526 ante
697 1484 917 1526 civitatem
962 1485 1121 1535 datam,
1162 1485 1309 1526 sedem
1348 1484 1538 1526 omnium
1581 1500 1643 1526 re-

78 1554 173 1580 rum
212 1555 263 1581 ac
304 1541 568 1583 fortunarum
619 1556 792 1583 suarum
841 1541 992 1582 Romae
1030 1541 1286 1582 collocavit?
1345 1540 1406 1582 At
1454 1555 1541 1588 non
1580 1548 1644 1585 est

78 1596 296 1652 professus
314 1613 325 1648 ;
355 1596 486 1639 immo
506 1597 605 1640 vero
625 1598 678 1640 iis
701 1597 859 1640 tabulis
881 1597 1115 1654 professus,
1137 1612 1233 1654 quae
1254 1597 1358 1638 solae
1378 1611 1431 1638 ex
1449 1597 1527 1640 illa
1547 1612 1642 1655 pro-

756 1737 966 1791 aclefensa.

128 1872 159 1902 5.
184 1871 252 1903 Non
266 1874 391 1914 opinari.
395 1874 410 1914 ]
446 1873 571 1904 Leviter
582 1872 751 1914 aliquando
767 1874 837 1914 opi-

85 1914 205 1951 niones,
219 1927 238 1946 a
260 1918 305 1948 rei
319 1918 449 1947 veritate
472 1917 593 1953 aliena),
609 1916 836 1957 concipiuntur.

86 1956 192 1988 Affert
206 1959 414 1990 testimonium
431 1960 565 1992 Luculli.

881 1874 978 1905 moria
994 1873 1140 1904 Archiam
1162 1884 1229 1904 esse
1252 1872 1382 1905 civitate
1405 1872 1578 1910 donatum3
1603 1877 1636 1904 et

881 1918 1054 1948 habeantur
1079 1916 1256 1947 testimonia
1283 1915 1417 1952 Luculli,
1443 1916 1635 1947 Heracleen-

881 1961 971 1996 sium,
988 1965 1048 1991 etc.

131 2002 162 2031 6.
184 2000 301 2032 Adsunt
337 2002 533 2033 Heraclea-uses
566 2003 682 2043 legati]
735 2003 837 2034 Locus

88 2055 107 2074 a
122 2044 287 2092 testibus,'
280 2056 310 2075 in
327 2055 389 2086 quo
405 2046 535 2076 multum
558 2045 674 2076 roboris
690 2050 723 2075 et
737 2046 838 2075 firma-

88 2092 184 2116 menti
200 2093 257 2117 est.

133 2132 162 2160 9.
190 2129 314 2160 Tabulas
323 2130 481 2170 publicas]
526 2129 564 2160 In
582 2130 694 2161 tabulis
707 2129 840 2170 publicis

88 2172 193 2203 omnia
208 2178 278 2203 acta
300 2173 424 2213 publica
440 2173 584 2209 civitatis,
597 2180 630 2203 et
643 2173 782 2203 omnium
797 2174 841 2203 ci-

89 2216 174 2245 vium
189 2216 327 2254 nomina,
343 2217 593 2246 continebantur.

133 2260 185 2288 10.
207 2257 312 2289 Italico
347 2259 447 2301 heum]
504 2260 567 2300 Spe
600 2258 733 2289 civitatis
763 2258 843 2288 obti-

90 2303 214 2337 nendae,
228 2301 328 2331 Italiae
346 2303 455 2342 populi
471 2302 600 2342 dejecti,
617 2301 743 2331 tandem
760 2301 843 2331 sacia

90 2344 330 2385 conspiratione,
346 2345 464 2385 populo
480 2344 575 2376 Rom.
590 2344 704 2374 bellum
728 2344 844 2374 intule-

91 2391 173 2423 runt,
188 2387 273 2428 qnod
290 2392 322 2417 et
338 2387 461 2418 Sociale
483 2388 602 2418 dictum
626 2392 684 2423 est,
701 2393 733 2416 et
755 2387 843 2417 Mar-

91 2429 201 2469 sicum,
219 2429 303 2471 quod
327 2429 345 2459 ἒι
368 2431 482 2461 Marsis
509 2429 640 2470 primum
664 2430 704 2460 sit
729 2430 843 2460 excita-

94 2477 170 2503 tum.

137 2513 511 2558 lb.1ncensotabulario.]
546 2514 845 2546 Tabulariumlocus

94 2561 142 2586 est
156 2557 210 2588 ubi
225 2558 424 2590 servabantur
442 2558 555 2589 tabulae
570 2558 715 2598 publicae.

925 2006 975 2034 13.
1000 2002 1208 2043 Religionem]
1254 2001 1316 2033 Per
1337 2001 1529 2043 religionem,
1545 2001 1633 2032 intel-

882 2046 950 2086 ligit
966 2045 1189 2086 juramentum,
1205 2044 1278 2085 quia
1297 2044 1417 2084 juratus
1439 2045 1527 2075 testis
1549 2044 1636 2074 dice-

883 2089 937 2118 bat
953 2089 1176 2126 testimonium,
1193 2088 1278 2127 quod
1293 2092 1367 2117 tunc
1383 2087 1559 2127 religiosum
1576 2097 1635 2127 pu-

884 2132 1021 2162 tabatun

930 2176 982 2204 14.
1005 2172 1192 2213 Municipii]
1250 2171 1460 2212 Municipium
1482 2171 1636 2212 oppidum

886 2221 933 2247 est
949 2216 1021 2257 jure
1041 2216 1174 2247 civitatis
1197 2214 1349 2245 Romanae
1372 2216 1534 2250 donatum,
1549 2215 1634 2255 quod

887 2259 947 2289 alio
961 2259 1083 2289 nomine
1097 2258 1216 2288 Plinius
1228 2258 1379 2299 oppidum
1391 2258 1504 2289 civium
1518 2257 1636 2287 Rorna-

886 2312 994 2332 norum
1010 2301 1194 2342 appellavit.

935 2347 984 2375 17.
1007 2344 1104 2375 Sedem
1132 2345 1259 2374 (minium
1286 2354 1395 2374 rerum.
1402 2342 1416 2384 ]
1467 2341 1639 2374 Constituit

889 2387 994 2418 vivere
1007 2393 1039 2417 et
1055 2387 1129 2417 niori
1141 2386 1252 2417 Romae
1264 2386 1416 2424 Archias,
1442 2390 1638 2427 argumenta-

888 2436 937 2461 tur
953 2441 971 2460 a
985 2430 1144 2460 domicilio
1160 2430 1225 2460 sive
1239 2429 1320 2462 loco.

934 2476 985 2505 19.
1006 2473 1046 2503 Iis
1060 2473 1166 2503 tabulis
1177 2472 1330 2514 professus.
1332 2472 1346 2513 ]
1386 2471 1514 2503 Curavit
1525 2481 1638 2501 nomen

890 2527 977 2547 suum
1005 2517 1036 2546 in
1059 2526 1112 2546 eas
1136 2515 1255 2545 tabulas
1268 2515 1386 2553 referri,
1402 2515 1481 2545 sicut
1496 2513 1545 2544 lex
1560 2524 1638 2554 prae-

891 2559 1063 2595 scribebat;
1087 2569 1149 2588 non
1173 2558 1204 2588 in
1221 2568 1274 2588 eas
1300 2558 1432 2596 tabulas,
1448 2567 1517 2597 quae
1542 2555 1640 2596 negli-

140 2603 191 2630 11.
217 2601 361 2638 Quoerere,
384 2612 445 2642 ‹111ae
471 2602 570 2632 habere
593 2612 651 2631 non
675 2602 851 2642 possumus]
894 2601 1016 2642 gentius
1038 2601 1302 2632 asservabantur
1287 2612 1305 2630 a
1323 2607 1463 2641 pimaetore
1479 2604 1511 2628 et
1526 2599 1557 2628 in
1573 2598 1641 2638 qui-

97 2641 246 2673 Ostendit
274 2644 438 2675 ridiculum
469 2655 536 2675 esse
565 2644 686 2675 tabulas
713 2654 850 2685 quaerere
896 2647 951 2674 bus
963 2644 1292 2684 pluressaepenoiuina
1304 2644 1407 2673 furtim
1418 2641 1643 2678 inscribebant,

96 2695 170 2724 quae
199 2685 367 2726 perierunt,
397 2698 532 2729 quaeque
563 2689 715 2718 duntaxat
751 2687 855 2734 profe-

897 2690 951 2718 scd
968 2688 1000 2717 in
1015 2698 1067 2718 eas
1084 2687 1203 2717 tabulas
1218 2697 1288 2727 quae
1301 2697 1320 2716 a
1335 2684 1467 2716 Metello
1481 2683 1545 2714 viro
1556 2693 1645 2714 sanc-

98 2733 218 2764 runtur,
239 2734 273 2758 ut
299 2739 353 2770 per
379 2741 432 2761 eas
460 2731 684 2772 praeteritorum
711 2727 857 2760 memoria
893 2730 1015 2761 tissimo
1030 2736 1194 2761 asservatae
1209 2736 1290 2760 sunt.
1336 2728 1453 2758 Probat
1474 2731 1579 2758 autern
1599 2730 1646 2756 ta-

101 2776 325 2810 consefvetul'j
346 2782 417 2803 Cum
433 2773 602 2814 praesel'fim
618 2783 726 2804 recens
741 2773 780 2803 sn
796 2782 859 2802 ΠΙΕ-

901 2772 992 2809 bulis,
1004 2773 1175 2814 professum
1189 2782 1257 2803 esse
1273 2770 1432 2801 Archiam.

1245 2813 1322 2861 02
