1790 3090
110 184 196 226 280

119 1048 173 1090 85
192 1053 378 1108 aliquam
409 1062 628 1109 quaereret.

805 187 857 218 ΙΝ
887 186 1103 219 PISONEM.

185 258 308 310 mihi,
341 259 500 311 Caesar,
533 261 744 316 neglectis
777 262 948 304 ferculis
968 262 1338 318 ¹¹triumphalibus,
1364 264 1481 305 domi
1511 270 1670 315 manet,
1695 271 1740 305 et

186 316 393 358 manebit.
424 316 634 358 Rationes
650 319 705 358 ad
722 319 916 360 aerarium
933 319 1058 360 retuli
1076 319 1296 372 continuo,
1312 321 1427 362 sicut
1445 328 1519 362 tua
1533 322 1600 362 lex
1613 322 1736 376 jube—

187 373 280 414 bat:
313 388 452 429 neque
473 373 560 414 alia
579 374 670 415 ulla
689 374 731 414 in
753 390 796 416 re
815 376 899 431 legi
922 382 1006 417 tuae
1027 376 1163 430 parui:
1196 391 1302 432 quas
1319 378 1506 419 rationes
1523 378 1559 418 si
1576 377 1737 433 cogno-

188 429 261 480 ris,
279 429 511 485 intelliges,
529 431 687 471 nemini
710 433 820 486 plus,
837 432 967 487 quam
984 433 1105 484 mihi,
1122 433 1266 474 literas
1280 435 1507 489 profuisse:
1543 434 1604 475 ita
1625 433 1739 474 enim

117 482 171 522 75
190 491 290 527 sunt
320 487 566 542 perscriptae
586 487 712 528 iscite
741 495 785 529 et
810 488 992 541 literatc,
1015 496 1062 531 ut
1089 490 1242 541 scriba,
1265 491 1320 531 ad
1351 492 1543 533 aerarium
1570 490 1640 547 qui
1666 504 1738 531 eas

188 541 596 600 retulit,perscriptis
611 543 1011 596 rationibus,secum
1025 545 1267 603 ipse,caput
1277 547 1451 590 sinistra
1459 546 1739 603 manuperfri-

190 654 368 706 ι(οἴχετ-αι.

189 719 278 754 tem
299 713 342 754 in
364 729 546 766 currum,
567 715 708 771 possis
729 730 943 757 revocare.

190 613 308 651 cans,
318 607 699 642 commurmuratus
714 601 921 652 sufflatio
930 604 1113 655 quidem,
1123 606 1272 653 hercle,
1284 611 1486 658 apparet;
1510 609 1741 658 argentum

429 657 528 699 Hac
549 665 594 699 tu
616 658 808 699 oratione
827 673 914 699 non
934 659 1085 700 dubito
1108 660 1211 715 quin
1231 660 1350 702 illum
1364 661 1456 716 jam
1475 660 1742 703 adscenden-

1004 715 1042 756 O
1060 717 1266 758 tenebrae!
1299 732 1323 759 o
1340 717 1495 759 lutum!
1531 732 1556 759 ο
1573 715 1739 759 sordes!

119 764 172 805 80
192 784 217 811 o
247 770 413 826 paterni
454 771 620 827 generis
654 771 801 824 oblite,
835 773 1014 814 materni
1040 774 1110 814 vix
1145 774 1331 816 memor!
1363 774 1423 816 ita
1456 773 1604 816 nescio
1636 771 1742 830 quid

191 826 306 868 istuc
332 827 528 879 fractum,
551 828 728 879 humile,
752 829 1001 881 demissum,
1026 830 1257 882 sordidum,
1290 830 1464 872 inferius
1497 831 1627 873 etiam
1662 836 1743 882 est,

192 882 324 938 quam
341 890 389 924 ut
402 884 720 926 Mediolanensi
734 901 946 942 praecone,
957 901 1035 927 avo
1046 893 1136 938 tuo,
1151 887 1328 944 dignum
1343 903 1437 930 esse
1451 888 1658 929 videatur.
1695 885 1743 927 L.

192 939 387 989 Crassus,
402 941 530 981 homo
546 942 889 997 sapientissimus
903 950 1059 984 nostrae
1073 944 1275 995 civitatis,
1286 945 1462 1000 spiculis
1478 943 1612 1001 prope
1626 957 1743 984 scru-

189 1003 306 1036 tatus
342 1003 408 1037 est
440 997 594 1052 Alpes3
627 1004 688 1049 ut,
716 998 789 1038 ubi
821 999 960 1039 hostis
991 1013 1079 1039 non
1109 1007 1213 1052 erat,
1244 1001 1303 1041 ibi
1334 1001 1536 1057 triumphi
1568 1014 1742 1042 causam

690 1054 856 1095 Eadem
885 1054 1122 1111 cupiditate
1150 1057 1212 1097 vir
1242 1072 1406 1098 summo
1438 1058 1611 1114 lngenio
1639 1071 1743 1112 prae-

192 1110 321 1161 ditus,
345 1109 395 1151 C.
420 1110 565 1161 Cotta,
601 1111 719 1152 nullo
751 1118 867 1152 certo
900 1112 1041 1164 hoste,
1069 1112 1285 1167 flagravit3
1318 1128 1464 1154 eorum
1491 1119 1639 1154 neuter
1672 1113 1745 1154 tri-

191 1167 427 1222 umphavit,
445 1166 561 1223 quod
578 1168 698 1209 alteri
720 1167 840 1209 illum
856 1169 1062 1210 honorem
1076 1169 1258 1225 collega,
1280 1170 1401 1211 alteri
1421 1185 1550 1222 mors,
1571 1169 1745 1211 ademit.

193 1224 322 1265 Irrisa
352 1233 418 1265 est
448 1225 524 1265 abs
555 1231 597 1265 te
629 1225 755 1280 paulo
789 1224 888 1266 ante
912 1225 978 1267 M.
1000 1225 1173 1267 Pisonis
1195 1227 1410 1283 cupiditas
1438 1225 1744 1283 triumphandi,

195 1280 221 1322 a
254 1280 342 1336 qua
372 1288 413 1321 te
444 1281 574 1336 longe
603 1281 750 1322 dixisti
782 1282 1028 1333 abhorrere;
1060 1282 1149 1339 qui,
1172 1283 1340 1325 etiamsi
1370 1283 1509 1324 minus
1540 1297 1745 1339 magnum

193 1395 473 1436 temnendum
502 1409 586 1436 non
617 1396 799 1451 putavit.

120 1334 176 1375 90
193 1338 356 1379 bellum
377 1344 585 1392 gesserat,
600 1346 650 1380 ut
669 1339 745 1380 abs
766 1345 808 1381 te
830 1339 992 1380 dictum
1011 1347 1090 1391 est,
1107 1346 1251 1381 tamen
1271 1342 1401 1382 istum
1420 1341 1629 1382 honorem
1644 1354 1746 1381 con-

859 1396 939 1447 Tu,
966 1396 1171 1438 eruditior
1201 1396 1330 1453 quam
1363 1397 1479 1449 Piso,
1500 1396 1747 1453 prudentior

195 1451 327 1508 quam
344 1451 488 1504 Cotta,
505 1452 792 1494 abundantior
808 1453 1003 1504 consilio,
1021 1453 1208 1510 ingenio,
1226 1454 1455 1510 sapientia,
1471 1453 1605 1510 quam
1623 1453 1746 1494 Cras-

196 1523 285 1560 sus,
307 1523 357 1550 ea
377 1509 630 1561 contemnis,
652 1525 746 1565 quae
767 1510 828 1550 illi
848 1510 994 1552 idiotae
1013 1515 1081 1562 (ut
1099 1517 1146 1551 tu
1167 1512 1378 1567 appellas)
1394 1511 1596 1567 praeclara
1617 1510 1747 1551 duxe-

195 1572 307 1608 runt.

377 1795 709 1848 ''gestccmz’m'bus
724 1811 997 1855 pomparum.

239 1979 293 2008 ¹72.
317 1975 382 2007 Tua
396 1977 593 2018 lexjubebat]
636 1977 722 2007 Tulit
736 1977 835 2018 legem
849 1978 950 2009 Julius

200 2019 304 2050 Caesar
317 2020 423 2050 consul
440 2031 509 2051 curn
525 2020 652 2057 Bibulo,
668 2026 712 2057 ut,
729 2022 849 2052 duabus
860 2022 892 2052 in
907 2022 953 2052 ci-

198 2063 347 2092 vitatibus
369 2063 534 2104 provinciae
556 2074 630 2100 suae,
648 2063 841 2104 magistratus
858 2065 953 2095 dece-

199 2107 311 2136 dentes
326 2106 461 2136 rationes
484 2117 554 2137 suas
576 2106 796 2147 relinquerent,
812 2108 953 2138 easdem-

200 2159 261 2190 que
278 2149 409 2179 totidem
424 2149 524 2179 verbis
539 2150 577 2179 ad
595 2150 733 2180 :erarium
748 2150 907 2182 referrent.

243 2192 297 2223 76.
326 2192 497 2232 Perscriptis
523 2193 710 2233 rationibus]
756 2193 795 2223 ld
822 2198 880 2229 est,
902 2194 955 2235 qui

199 2244 251 2265 eas
268 2235 443 2276 descripsit,
459 2240 493 2265 ut
507 2234 678 2266 secundum
699 2237 955 2267 consuetudinem

200 2278 233 2308 in
248 2278 353 2308 aerario
369 2284 572 2309 servarentur.

244 2323 296 2351 82.
322 2321 689 2362 Blediolanensipareone-J
734 2322 954 2353 Mediolanum

201 2369 296 2404 caput
318 2363 469 2394 Insubriae
484 2365 553 2400 fuit,
567 2365 599 2394 in
622 2365 683 2405 qua
698 2365 757 2395 fuit
781 2366 956 2402 Placentia,

201 2417 238 2436 ex
254 2406 315 2447 quii
332 2418 404 2437 avus
425 2413 579 2437 maternus
595 2407 660 2448 ejus
675 2408 746 2440 suit.
792 2409 885 2440 Unde
899 2420 956 2439 no-

199 2449 338 2480 biliorem
351 2450 509 2480 civitatem
523 2450 622 2491 ipsius
642 2451 776 2491 regionis
791 2452 883 2482 sumit
898 2463 952 2493 pro

200 2492 302 2522 minsis
315 2493 427 2530 nobili,
443 2498 477 2522 ut
491 2493 606 2524 ironice
621 2504 690 2524 eum
708 2494 844 2526 extollat.

244 2535 293 2565 Ib.
323 2535 361 2565 L.
392 2535 537 2576 Crassum]
583 2536 620 2566 L.
646 2536 773 2567 Crassus
803 2537 954 2578 collegam

199 2579 308 2608 habuit
331 2578 373 2615 Q.
387 2579 558 2610 Scaevolam
581 2579 783 2619 pontificem3
805 2581 858 2620 qui
885 2579 955 2611 cum

201 2621 481 2660 animadvertisset,
505 2621 627 2656 Crasso,
651 2628 777 2662 propter
806 2634 956 2653 summam

200 2664 268 2704 ejus
293 2664 326 2694 in
353 2664 480 2705 Repub.
506 2665 678 2705 potentiam
700 2676 736 2696 ac
761 2666 956 2707 dignitatem,

198 2712 340 2738 senatum
364 2707 394 2737 in
417 2708 613 2738 decernendo
635 2709 790 2749 triumpho
805 2710 958 2750 gratifica-

197 2749 235 2786 ri,
247 2760 310 2780 nou
326 2751 482 2781 dubitavit
504 2750 642 2791 Reipub.
662 2752 757 2792 magis
774 2753 867 2793 quum
891 2753 955 2784 col-

198 2791 275 2833 legae
285 2794 399 2824 habere
410 2794 579 2824 rationem:
605 2804 653 2831 ac,
665 2805 704 2824 ne
717 2796 804 2825 lieret
816 2795 954 2826 senatus-

198 2836 383 2875 consultum,
403 2836 586 2871 intercessit,
631 2838 695 2869 Sed
721 2837 806 2870 idem
832 2839 955 2880 provin-

367 1566 494 1615 Quod
515 1566 551 1606 si
571 1566 860 1622 reprehendis,
874 1567 990 1623 qued
1012 1566 1160 1623 cupidi
1180 1569 1335 1609 laureae
1355 1568 1526 1620 fuermt,
1544 1567 1641 1610 cum
1659 1567 1747 1608 bel-

121 1620 177 1661 95
195 1623 236 1666 la
257 1629 332 1666 aut
351 1637 481 1679 parva
500 1629 574 1665 aut
603 1623 722 1665 nulla
742 1624 1005 1681 gessissent3
1035 1630 1097 1677 tu,
1119 1625 1249 1667 tantis
1271 1624 1517 1667 nationibus
1540 1624 1746 1676 subactis,

1115 1795 1295 1838 leallicle.
1412 1798 1578 1851 kperiit.

994 1980 1087 2018 ciam,
1103 1979 1191 2019 cujus
1214 1978 1384 2019 cupiditate
1409 1977 1550 2019 plerique
1577 1977 1671 2008 ctiam
1695 1976 1751 2007 viri

995 2023 1067 2052 boni
1084 2022 1320 2062 delinquebant,
1336 2022 1534 2062 deposuerat,
1556 2031 1596 2052 ne
1616 2020 1753 2062 sumptui

997 2071 1079 2096 esset
1091 2066 1207 2095 aerario.
1252 2064 1303 2095 Ila
1318 2064 1420 2095 Ascon.
1436 2063 1564 2096 Pedian.

1041 2111 1093 2140 86.
1119 2109 1153 2138 C.
1171 2108 1280 2148 Cotta]
1327 2107 1421 2138 Cotta
1435 2112 1536 2137 orator
1551 2106 1620 2143 suit,
1634 2106 1674 2137 de
1689 2117 1751 2147 quo

998 2151 1110 2184 Cicero
1126 2151 1209 2192 saepe
1232 2152 1264 2181 in
1286 2151 1370 2181 libris
1385 2151 1425 2180 de
1443 2149 1530 2180 Orat.
1546 2150 1611 2190 qui,
1625 2150 1750 2180 decreto

998 2195 1057 2225 sibi
1073 2195 1239 2234 triumpho,
1256 2200 1329 2225 ante
1345 2194 1431 2224 diem
1447 2193 1592 2234 triumphi
1615 2198 1752 2223 mortuus

1000 2243 1058 2275 est,
1073 2237 1144 2268 cum
1164 2237 1290 2268 cicatrix
1312 2236 1394 2267 illius
1409 2236 1554 2274 vulneris,
1571 2236 1656 2277 quod
1680 2236 1752 2266 ante

998 2281 1101 2322 plures
1125 2291 1222 2311 annos
1250 2281 1282 2311 in
1309 2280 1418 2321 proelio
1438 2284 1614 2321 acceperat,
1627 2279 1755 2310 rescissa

999 2329 1045 2355 est
1061 2324 1200 2365 repente.

1043 2370 1095 2398 88.
1121 2366 1164 2397 Μ.
1191 2366 1331 2407 Pisonis]
1389 2365 1509 2406 Pupius
1533 2364 1608 2395 Piso
1632 2364 1750 2395 eisdem

1000 2410 1200 2451 temporibus,
1215 2410 1326 2451 quibus
1340 2409 1462 2447 Cicero,
1478 2408 1564 2444 vixit,
1576 2408 1631 2438 sed
1647 2413 1753 2438 tamen

997 2464 1034 2483 eo
1051 2454 1165 2490 senior;
1178 2454 1216 2483 ad
1229 2463 1322 2493 quem
1333 2457 1420 2493 pater
1427 2451 1609 2482 Ciceronem
1621 2461 1751 2491 puerum

996 2496 1185 2532 deducebat,
1201 2495 1284 2536 quOd
1300 2495 1332 2526 in
1345 2506 1382 2525 eo
1397 2499 1428 2525 et
1436 2494 1571 2534 antiquae
1586 2493 1655 2523 vitae
1669 2494 1754 2524 simi-

997 2539 1109 2575 litudo,
1137 2545 1169 2569 et
1192 2539 1296 2569 multae
1320 2543 1408 2568 erant
1431 2537 1539 2568 literae.
1583 2536 1753 2567 Proconsul

998 2581 1198 2623 triumphavit
1220 2583 1259 2612 de
1282 2580 1443 2621 Hispanis,
1467 2580 1508 2616 Q.
1532 2579 1701 2610 Hortensio
1721 2585 1754 2610 et

1001 2625 1043 2661 Q.
1060 2624 1194 2655 Metello
1210 2624 1334 2655 Cretico
1348 2623 1436 2655 Coss.

1045 2669 1096 2698 93.
1121 2667 1249 2708 Idiotcej]
1282 2667 1434 2697 Homines
1447 2665 1528 2695 omni
1546 2663 1754 2706 philosophiae

1001 2710 1178 2752 cognitione
1204 2710 1356 2745 destituti,
1380 2709 1476 2740 idiotae
1505 2708 1659 2739 dicuntur.
1702 2707 1753 2737 Ita

997 2753 1135 2784 Lucilius
1148 2765 1155 2783 t
1183 2753 1294 2788 Quidni
1310 2759 1343 2783 zu,
1356 2752 1533 2783 illiteratum
1546 2762 1590 2782 me
1601 2757 1684 2791 atque
1695 2751 1752 2781 idi-

997 2803 1072 2828 otam
1087 2798 1196 2827 diceres
1207 2797 1220 2827 2

1042 2840 1095 2872 95.
1120 2839 1176 2878 Tu,
1191 2841 1282 2872 cantis
1297 2838 1492 2880 nationibus]
1536 2837 1651 2870 Ironia.
