1858 3095
567 182 618 214 IN
643 181 892 222 CAECILIUM,
917 181 1177 216 DIVINATIO.
1678 189 1729 232 19

90 256 228 299 solum
251 273 303 300 ne
324 257 427 314 quid
451 257 662 309 enunties,
684 258 761 299 sed
783 258 914 300 etiam
934 275 986 302 ne
1004 261 1108 316 quid
1127 263 1307 314 auferas,
1339 262 1650 307 custodiendus
1668 264 1726 305 20

92 314 165 355 sis.
226 314 309 357 Sed
333 316 385 356 de
409 315 491 355 isto
512 315 693 356 custode
730 321 822 356 toto
852 316 915 357 sic
937 318 1057 359 vobis
1087 319 1334 361 brevissime
1355 319 1648 374 respondebo:

88 385 174 412 non
195 387 289 413 esse
312 371 406 421 hos,
438 371 547 412 tales
568 371 698 422 viros,
722 372 1042 426 commissuros,
1067 382 1113 416 ut
1146 377 1199 417 ad
1222 391 1396 418 causam
1431 382 1594 416 tantam
1624 377 1650 418 a

90 442 157 469 me
179 434 437 483 susceptam,
468 427 570 468 mihi
592 428 812 479 creditam,
846 429 1071 486 quisquam
1095 433 1371 489 subscriptor,
1404 446 1470 472 me
1499 432 1649 484 invito,

87 490 103 508 ‘⁷
116 484 330 541 adspirare
346 483 498 539 possit.
542 484 714 526 Etenim
730 486 838 527 fides
855 501 950 528 mea
967 488 1191 531 custodem
1205 489 1399 546 repudiat
1425 488 1652 545 diligentia

90 541 402 598 speculatorem
424 541 684 584 reformidat.
1668 546 1722 586 25

733 628 748 646 0
755 626 995 676 pervenire.

133 711 186 740 20.
210 709 256 741 Ne
280 712 350 752 quid
376 711 535 753 enunties]
582 710 628 741 Ex
655 710 792 742 consiliis
818 717 851 742 et
893 712 1168 753 betspcculatore‚
1184 712 1254 745 cum
1281 713 1359 745 sides
1382 713 1586 756 uunquamin
1603 723 1652 745 me

93 753 221 784 secretis
237 755 312 784 rucis
328 754 359 784 iu
375 755 516 786 Verrem.
894 756 1040 787 defuerit.

134 798 186 827 25.
209 796 446 839 Speculatorem]
489 797 527 828 Id
545 802 602 834 cst,
625 807 687 828 non
703 807 782 839 opus
798 797 852 827 ba-

726 892 1032 926 CONFUTATIO.

150 965 274 1008 XIV.
333 966 508 1018 Verum,
539 974 587 1009 ut
607 968 661 1010 ad
681 974 738 1019 te,
772 967 939 1019 Caecili,
970 968 1156 1020 redeam,
1188 967 1318 1024 quam
1337 967 1468 1009 multa
1488 973 1529 1009 te
1551 967 1657 1008 defi-

96 1023 226 1075 ciant,
256 1023 403 1066 vides:
436 1023 566 1080 quam
589 1025 722 1066 multa
743 1025 828 1066 siut
848 1024 892 1065 in
913 1032 972 1075 te,
994 1041 1090 1081 quae
1110 1040 1206 1066 reus
1230 1039 1392 1066 nocens
1415 1024 1457 1064 in
1479 1038 1656 1065 accusa-

96 1087 187 1122 tore
209 1095 287 1122 suo
319 1082 466 1138 cupiat
486 1097 595 1133 esse,
624 1081 818 1138 profecto
843 1082 934 1137 jam
954 1081 1174 1138 intelligis.
1236 1081 1353 1129 Quid
1381 1081 1435 1122 ad
1456 1080 1550 1122 haec
1570 1078 1656 1121 dici

95 1138 268 1193 potest?
299 1152 385 1180 non
407 1138 519 1179 enim
537 1153 680 1194 quaero
703 1138 804 1194 quid
837 1147 883 1178 tu
915 1138 1108 1180 dicturus
1140 1138 1223 1179 sis:
1255 1138 1395 1187 video,
1426 1137 1530 1178 mihi
1570 1150 1656 1177 non

96 1201 154 1244 te,
175 1194 251 1235 sed
271 1194 388 1236 hunc
402 1194 571 1242 librum,
603 1210 697 1236 esse
718 1209 1036 1250 responsurum,
1054 1210 1180 1251 quem
1202 1195 1387 1235 monitor
1402 1201 1499 1234 tuus
1513 1192 1582 1234 hic
1594 1199 1656 1234 te·
1704 1201 1731 1241 5

98 1256 192 1291 net:
225 1250 312 1306 qui,
334 1251 370 1292 si
392 1258 434 1292 te
451 1250 566 1292 recte
586 1266 757 1292 monere
774 1252 904 1302 volet,
924 1252 1125 1292 suadebit
1140 1251 1233 1302 tibi,
1255 1259 1302 1291 ut
1321 1250 1423 1291 hinc
1445 1250 1658 1300 discedas,

99 1321 238 1362 neque
275 1306 379 1346 mihi
399 1308 573 1348 verbum
605 1308 737 1347 ullum
772 1307 1052 1362 respondeas.
1109 1307 1227 1354 Quid
1270 1307 1383 1347 enim
1420 1305 1567 1347 dices?
1603 1320 1660 1346 an

101 1362 164 1418 (id
187 1362 302 1419 quod
323 1362 517 1414 dictitas)
538 1363 736 1418 injuriam
751 1363 830 1403 tibi
853 1363 1007 1404 fecisse
1028 1363 1230 1404 Verrem?
1276 1362 1500 1413 Arbitror;
1521 1376 1660 1417 neque

102 1418 217 1460 enim
244 1425 359 1460 esset
372 1418 619 1471 verisimile,
651 1419 748 1461 cum
781 1419 980 1460 omnibus
1012 1418 1169 1460 Siculis
1201 1419 1362 1460 faceret
1397 1417 1587 1474 injurias,
1617 1423 1660 1458 te

101 1475 163 1516 illi
184 1491 315 1518 unum
332 1475 550 1526 eximium,
583 1476 651 1518 cui
674 1477 930 1527 consuleret,
961 1475 1109 1518 fuisse·
1169 1475 1256 1517 Sed
1277 1475 1420 1517 caeteri
1442 1474 1578 1516 Siculi
1599 1474 1662 1514 ul·
1684 1483 1736 1525 10

102 1539 239 1574 torem
261 1548 431 1574 suarum
448 1533 697 1589 injuriarum
712 1533 989 1575 invenerunt:
1011 1540 1072 1585 tu,
1087 1533 1191 1573 dum
1211 1540 1307 1573 tuas
1329 1530 1507 1588 injurias
1524 1545 1600 1587 per
1619 1537 1662 1572 te

103 1589 168 1644 (id
189 1590 305 1646 quod
317 1604 404 1631 non
420 1592 563 1645 potes)
580 1589 968 1647 persequiconariS,
979 1590 1020 1630 id
1037 1589 1146 1645 agis,
1168 1596 1216 1630 ut
1227 1595 1477 1630 caeterorum
1490 1602 1664 1644 quoque

103 1646 268 1702 injuriae
285 1646 371 1687 sint
391 1646 612 1702 impunitae
641 1654 771 1703 atque
806 1646 976 1688 inultae:
1000 1654 1044 1687 et
1075 1648 1159 1687 hoc
1190 1652 1232 1686 te
1260 1645 1461 1701 praeterit,
1494 1659 1580 1685 non
1619 1643 1665 1684 id

105 1703 244 1744 solum
264 1702 450 1759 spectari
474 1703 627 1755 solere,
658 1704 731 1759 qui
752 1703 922 1755 debeat,
953 1704 1029 1744 sed
1059 1702 1187 1744 etiam
1208 1702 1329 1752 illud,
1351 1701 1424 1758 qui
1446 1701 1585 1757 possit
1602 1700 1667 1741 ul-

105 1759 235 1810 cisci3
258 1759 302 1800 in
318 1774 402 1816 quo
420 1766 647 1816 utrumque
664 1761 735 1811 sit,
756 1775 852 1801 eum
870 1759 1132 1816 superiorem
1152 1774 1267 1800 esse:
1299 1758 1343 1799 in
1364 1772 1448 1814 quo
1471 1757 1666 1808 alterum,
1689 1765 1739 1806 15

104 1815 148 1856 in
164 1831 230 1867 eo,
251 1831 337 1858 non
355 1816 457 1872 quid
476 1816 512 1857 is
533 1816 651 1868 velit,
668 1817 743 1858 sed
765 1816 869 1873 quid
890 1817 1029 1858 facere
1046 1816 1199 1873 possit,
1215 1815 1347 1872 quaeri
1362 1815 1507 1856 solere.
1541 1813 1668 1862 Quod

107 1872 142 1913 si
180 1873 218 1914 ei
246 1872 520 1928 potissimum
541 1888 690 1915 censes
711 1873 900 1930 permitti
922 1880 1115 1929 oportere
1138 1872 1370 1914 accusandi
1391 1877 1668 1927 potestatem,

106 1928 176 1970 cui
199 1930 428 1970 maximam
453 1930 674 1971 C.Ve1·res
711 1929 909 1987 injuriam
945 1930 1123 1980 fecerit3
1155 1936 1295 1970 utrum
1323 1929 1498 1969 tandem
1519 1942 1668 1969 censes

107 1986 186 2026 hos
202 1986 374 2042 judices
393 1986 564 2043 gravius
586 1987 693 2028 ferre
711 1993 921 2043 oportere,
952 1994 995 2028 te
1020 1987 1073 2027 ab
1096 1986 1166 2027 illo
1189 2001 1283 2027 esse
1305 1986 1471 2037 laesum,
1496 2000 1551 2025 an
1573 1998 1671 2041 pro-

106 2041 294 2084 vinciam
316 2042 506 2084 Siciliam
534 2058 629 2085 esse
650 2050 848 2085 vexatam
875 2059 926 2085 ac
947 2042 1185 2099 perditam?
1246 2042 1427 2098 Opinor‚
1448 2040 1669 2092 concedis,
1687 2049 1744 2089 20

107 2099 242 2140 multo
274 2099 358 2140 hoc
394 2106 438 2141 et
458 2114 552 2141 esse
575 2100 763 2154 gravius,
793 2106 837 2141 et
854 2101 908 2141 ab
931 2100 1129 2141 omnibus
1152 2098 1250 2140 ferri
1272 2097 1442 2154 gravius
1460 2104 1670 2154 oportere.

108 2155 312 2197 Concede
335 2155 475 2211 igitur,
497 2163 542 2196 ut
561 2156 641 2197 tibi
663 2163 947 2211 anteponatur
966 2156 1010 2196 in
1026 2155 1271 2197 accusando
1292 2154 1539 2210 provincia:
1570 2168 1671 2195 nam

107 2211 326 2268 provincia
342 2219 534 2264 accusat,
556 2212 654 2253 cum
682 2212 718 2253 is
740 2212 830 2268 agit
849 2227 1039 2262 causam,
1061 2226 1190 2268 quem
1210 2210 1289 2252 sibi
1309 2210 1384 2251 illa
1401 2210 1672 2252 defensorem

110 2268 176 2310 sui
206 2268 334 2324 juris,
366 2269 551 2310 ultorem
577 2269 842 2325 injuriarum,
874 2276 1062 2311 actorem
1082 2268 1216 2310 totius
1244 2282 1402 2319 causae,
1433 2266 1672 2323 adoptavit.

109 2324 171 2366 At
200 2339 294 2366 eam
327 2325 406 2366 tibi
439 2325 491 2366 C.
513 2325 668 2367 Verres
700 2326 805 2367 fecit
842 2326 1054 2381 injuriam,
1086 2340 1182 2381 quae
1214 2330 1468 2365 caeterorum
1499 2337 1671 2380 quoque
1690 2332 1745 2372 25

110 2381 275 2423 animos
310 2388 460 2439 posset
498 2382 639 2423 alieno
680 2382 957 2424 incommodo
993 2395 1278 2424 commovere.
1338 2379 1544 2432 Minime3
1573 2395 1674 2421 nam

109 2437 155 2479 id
191 2453 365 2495 quoque
410 2439 465 2480 ad
504 2453 593 2480 rem
642 2439 853 2495 pertinere
893 2439 1085 2488 arbitror,
1116 2437 1252 2494 qualis
1292 2436 1445 2493 injuria
1478 2436 1674 2488 dicatur-3

111 2509 207 2551 quae
245 2509 377 2537 causa
406 2494 730 2537 inimicitiarum
760 2496 1011 2553 proferatur.
1070 2492 1335 2551 Cognoscite
1367 2507 1420 2535 ex
1448 2508 1541 2535 me:
1576 2508 1675 2534 nam

111 2551 193 2594 iste
228 2566 323 2594 eam
358 2551 565 2608 profecto,
596 2552 708 2594 anisi
747 2552 875 2609 plane
916 2552 1023 2594 nihil
1061 2552 1189 2608 sapit,
1219 2564 1440 2607 nunquam
1475 2549 1675 2607 proferet.

699 2648 716 2664 ⁸
728 2645 816 2683 m‘sz’
836 2645 893 2684 sit
911 2644 1085 2684 stultus.

156 2732 188 2764 5.
213 2732 344 2765 Monitor
359 2732 456 2775 mum]
507 2732 704 2775 Subscriptor
726 2738 797 2764 tuus
819 2732 876 2763 Al·
919 2732 1045 2775 reliquis
1071 2738 1251 2775 segregatus
1283 2736 1340 2767 est,
1367 2734 1495 2771 propter
1520 2728 1680 2771 dignitatis

114 2776 225 2807 lienus.
919 2776 1148 2808 excellentiam.

161 2822 213 2851 10.
239 2818 415 2862 nimium]
462 2819 602 2852 Eximius
628 2819 754 2857 dicitur,
778 2819 833 2860 qui
857 2818 877 2848 εὶ
967 2821 1018 2852 15.
1047 2816 1235 2859 Utrumque]
1282 2816 1328 2849 Ut
1351 2814 1468 2849 debeat
1481 2820 1514 2847 et
1536 2815 1644 2858 possit,

1032 2875 1059 2902 Ε
