1858 3095
628 193 718 228 Plio
740 191 857 225 LEGE
879 191 979 225 MAN
985 191 1089 224 ILIA.

84 277 241 320 ament,
273 271 476 335 opinione
505 283 592 312 non
622 269 762 311 miuus
793 268 931 321 farnae,
963 268 1094 326 quam
1125 269 1271 333 aliquit
1303 268 1421 310 cert-<i
1453 268 1631 319 ratione,

84 343 357 370 COmlnovel'l.

421 327 549 377 Quod
587 326 718 383 igitur
766 339 923 367 nomen
973 340 1159 382 unquam
1201 342 1244 367 in
1286 325 1388 367 orbe
1430 331 1632 366 terrarum

84 385 241 426 clarius
258 385 366 426 fuit?
396 384 517 440 cujus
537 398 604 425 res
626 389 758 440 gestae
780 383 928 439 pares?
959 382 1011 423 de
1043 398 1127 438 quo
1151 383 1321 424 homine
1341 397 1417 424 vos
1434 381 1494 436 (id
1516 382 1633 437 quod

84 441 270 483 maxime
289 441 394 482 facit
407 441 724 490 auctoritatem)
742 446 861 480 tanta
883 447 926 480 et
946 448 1032 480 tam
1050 441 1251 495 praeclara
1264 438 1432 496 judicia
1445 437 1633 479 fecistis?
1651 436 1701 478 10

88 499 157 539 An
177 497 277 539 vero
295 497 424 538 ullam
441 512 621 553 usquam
643 511 736 538 esse
754 511 869 538 oram
891 503 978 537 tam
1000 496 1212 537 desertam
1233 497 1410 552 putatis,
1441 493 1527 550 quo
1548 509 1636 536 non

87 554 201 596 illius
221 553 306 595 diei
330 553 442 594 fama
462 553 707 610 pervaserit,
738 554 837 595 cum
857 553 1077 594 universus
1099 553 1282 609 populus
1305 552 1540 602 Romanus,
1571 565 1637 592 re-

87 611 195 652 ferto
211 610 317 660 foro,
347 611 606 666 repletisque
628 610 825 652 omnibus
847 609 1033 665 templiS,
1055 624 1107 650 ex
1129 609 1283 665 quibus
1303 608 1375 650 hic
1391 608 1511 648 locus
1533 622 1634 648 con-

86 666 195 723 spici
208 673 365 722 potest,
386 682 519 708 unum
532 667 614 709 sibi
636 667 689 708 ad
707 681 932 708 commune
955 666 1148 721 gentium
1163 666 1324 707 bellum
1338 665 1419 706 Cn.
1436 663 1637 720 Pompei-

87 737 158 764 um
177 722 474 779 imperatorem
496 723 782 780 depoposcit?
831 723 996 779 ltaque,
1011 729 1059 763 ut
1078 723 1201 778 plura
1220 736 1307 763 non
1328 721 1484 771 dicam,
1498 735 1636 775 neque
1655 718 1704 760 15

86 779 264 821 aliorum
284 780 491 837 exemplis
507 781 768 830 confirmem,
799 778 1003 835 quantum
1029 779 1157 834 hujus
1178 778 1410 820 auctoritas
1433 777 1574 818 valeat
1594 777 1638 817 in

84 836 214 888 bello,
234 837 287 878 ab
301 837 452 878 eodem
466 837 546 878 Cn.
562 836 770 893 Pompeio
785 835 975 877 omnium
990 850 1128 876 rerum
1154 835 1419 892 egregiarum
1445 834 1641 889 exempla

88 901 336 944 sumantur3
358 894 429 950 qui
451 908 535 950 quo
558 893 627 935 die
648 893 674 934 a
694 892 815 934 vobis
837 892 1049 933 maritimo
1070 892 1181 933 bello
1202 891 1457 948 praepositus
1482 890 1639 931 estim-

87 957 271 1029 perator,
287 957 407 991 tanta
426 949 600 1006 repente
620 950 762 991 vilitas
777 963 956 991 annonae
966 963 1019 990 ex
1032 948 1200 990 summa
1219 947 1365 1004 inopia
1387 956 1431 988 et
1461 947 1639 988 caritate

118 1005 175 1048 rei
189 1006 473 1048 frumentariae
485 1014 719 1048 consecuta
734 1013 813 1057 est,
826 1006 952 1047 unius
966 1005 1150 1047 hominis
1163 1021 1239 1062 spe
1253 1004 1490 1055 etnomine,
1506 1018 1638 1066 quan·
1652 1002 1708 1042 ‘20

89 1063 255 1104 tamvix
269 1078 320 1104 ex
329 1064 495 1105 summ-si
510 1064 705 1106 ubertate
713 1077 910 1120 agrorum
919 1063 1209 1119 diuturnapax
1223 1062 1393 1103 efficere
1409 1066 1638 1116 potuisset.

89 1118 186 1161 Jam
209 1119 324 1169 verb,
355 1121 536 1176 accepta
557 1120 600 1161 in
621 1120 763 1161 Ponto
787 1119 1029 1161 calamitate
1045 1134 1096 1161 ex
1114 1134 1164 1160 eo
1183 1118 1350 1175 proelio,
1383 1118 1436 1158 de
1456 1132 1543 1173 quo
1564 1131 1642 1158 vos

90 1176 218 1231 paulo
249 1175 348 1218 ante
378 1177 538 1218 invitus
568 1177 786 1227 admonui,
818 1177 915 1217 cum
949 1176 1056 1217 socii
1078 1176 1423 1232 pertimuissent;
1452 1173 1644 1215 hostium

93 1247 197 1289 opes
217 1233 431 1289 animique
449 1234 704 1284 crevissent3
736 1233 833 1275 cum
846 1233 952 1274 satis
973 1233 1140 1273 firmum
1162 1232 1409 1288 praesidium
1423 1230 1645 1287 provincia

89 1303 176 1331 non
188 1289 384 1340 haberet3
399 1290 649 1331 amisissetis
659 1289 1038 1340 Asiam,Quirites,
1052 1289 1134 1329 nisi
1145 1289 1199 1329 ad
1212 1288 1278 1329 cid
1291 1286 1645 1344 ipsumtemporis
1657 1286 1711 1327 25

91 1344 294 1386 divinitus
312 1346 393 1386 Cn.
415 1345 671 1402 Pompeium
696 1346 752 1386 ad
787 1360 859 1386 eas
888 1345 1083 1399 regiones
1100 1345 1268 1385 fortuna
1288 1344 1437 1399 populi
1458 1343 1646 1384 Romani

89 1401 318 1444 attulisset.
378 1402 518 1458 Hujus
540 1403 748 1443 adventus
771 1409 816 1442 et
834 1401 1131 1442 Mithridatem
1151 1400 1648 1441 insolitainflammatum

90 1457 273 1499 victoria
287 1458 516 1510 continuit,
538 1466 581 1500 et
595 1458 822 1515 Tigranem
835 1457 1003 1513 magnis
1018 1457 1154 1512 copiis
1171 1456 1440 1497 minitantem
1453 1456 1571 1496 Asiae
1583 1470 1648 1496 re-

92 1514 291 1556 tardavit.

353 1515 411 1556 Et
432 1515 659 1572 quisquam
680 1514 907 1564 dubitabit,
927 1513 1031 1569 quid
1048 1514 1203 1554 virtute
1221 1513 1484 1569 perfecturus
1496 1511 1648 1568 sit,qui

91 1578 257 1612 tantum
274 1572 527 1613 auctoritate
549 1571 804 1628 perfecerit?
825 1577 896 1611 aut
909 1569 1040 1626 quam
1053 1570 1178 1611 facile
1193 1569 1369 1625 imperio
1387 1576 1514 1625 atque
1529 1583 1647 1610 exer·
1660 1568 1716 1609 30

94 1627 182 1668 citu
200 1628 342 1669 socios
354 1635 397 1669 et
408 1628 638 1685 vectigalia
650 1635 976 1670 conservaturus
987 1627 1056 1677 sit,
1071 1626 1145 1682 qui
1159 1626 1254 1682 ipso
1268 1626 1440 1667 nomine
1449 1640 1500 1666 ac
1509 1639 1650 1666 rumo-
1687 1654 1691 1657 -

93 1698 136 1725 re
145 1683 408 1726 defenderit?
430 1686 525 1742 Age
539 1684 738 1736 vero‚illa
750 1699 816 1726 res
832 1689 1036 1739 quantam
1049 1683 1240 1724 declarat
1257 1683 1450 1738 ejusdem
1461 1681 1650 1723 hominis

93 1741 206 1796 apud
225 1742 372 1783 hostes
391 1742 540 1798 populi
560 1741 744 1783 Romani
765 1740 1079 1790 auctoritatem,
1103 1739 1219 1795 quod
1241 1753 1294 1780 ex
1310 1739 1420 1780 locis
1441 1744 1530 1779 tam
1556 1740 1651 1780 lon-

95 1797 282 1854 ginquis,
301 1804 476 1854 tamque
494 1799 687 1849 diversis,
703 1806 792 1839 tam
807 1797 925 1839 brevi
939 1804 1131 1853 tempore
1148 1811 1297 1837 omnes
1316 1795 1418 1837 huic
1431 1796 1504 1837 uni
1519 1810 1565 1836 se
1579 1795 1651 1836 de-

97 1854 326 1899 diderunt?
357 1855 473 1911 quod
494 1855 766 1896 Cretensium
785 1854 932 1910 legati,
963 1853 1062 1895 cum
1083 1853 1127 1894 in
1149 1868 1297 1895 eorum
1329 1852 1472 1894 insulsa
1507 1858 1653 1893 noster
1663 1851 1716 1891 35

93 1910 324 1968 imperator
339 1912 638 1968 exercitusque
661 1919 791 1964 esset,
813 1912 869 1953 ad
886 1911 966 1952 Cn.
983 1909 1239 1967 Pompeium
1259 1909 1304 1950 in
1325 1909 1498 1951 ultimas
1519 1907 1654 1966 prope

377 2048 395 2072 b
403 2049 638 2103 ⁸frumenti.

143 2194 192 2223 10.
218 2190 367 2222 Praeclara
378 2192 524 2232 judic-iffi]
570 2191 723 2223 Praeclara
734 2189 857 2231 judicia

96 2236 137 2265 de
154 2234 307 2274 Pompeio
336 2234 413 2265 fecit
438 2235 572 2276 populus
590 2235 762 2269 Romanus,
786 2233 856 2265 cum

96 2278 199 2308 adhuc
229 2276 329 2318 equiti
358 2277 532 2318 triumphus
559 2279 703 2308 decretus
733 2281 792 2312 est,
814 2281 857 2314 et,

94 2326 229 2361 quaestor
266 2319 397 2356 tantum,
423 2331 493 2351 cum
520 2320 650 2360 imperio
690 2330 858 2361 proconsu-

99 2364 135 2396 lis
158 2369 265 2393 contra
300 2363 469 2394 Sertorium
504 2364 614 2395 missus
649 2368 706 2399 est,
729 2367 762 2392 et
784 2368 857 2392 ante

95 2416 202 2439 omnes
231 2410 335 2447 gestos
357 2407 564 2448 magistratus,
588 2406 693 2438 consul
718 2404 858 2436 declara·

98 2458 146 2482 tus
159 2454 217 2479 est.

141 2494 193 2522 12.
215 2491 336 2533 Refer-to
352 2490 450 2533 form]
511 2492 628 2523 Locum
666 2491 857 2522 commotum

97 2538 155 2573 pro
168 2535 233 2566 foro
245 2535 345 2575 ponit,
355 2535 429 2576 quia
443 2536 487 2565 ita
498 2535 564 2566 soro
576 2535 769 2576 propinquus
781 2539 857 2570 erat,

101 2581 134 2607 ut
149 2577 230 2619 saepe
240 2587 296 2617 pro
312 2588 350 2608 eo
366 2578 552 2609 nominetur.

145 2622 197 2650 13.
219 2619 425 2663 Repletisque]
486 2621 577 2652 Circa
612 2621 713 2651 forum
741 2619 859 2661 templa

97 2661 192 2692 fuisse
207 2663 433 2704 quamplurima
448 2663 602 2695 Asconius
616 2663 732 2694 scribit.

143 2707 194 2734 14.
219 2704 372 2737 Commune
395 2708 555 2749 gentium]
627 2706 752 2737 Bellum
780 2704 858 2735 illud

98 2752 207 2778 contra
221 2748 335 2788 piratas
365 2760 529 2780 commune
559 2748 677 2781 idcirco
703 2748 762 2779 suit
784 2758 860 2788 gen-

99 2790 175 2821 tium
191 2790 340 2829 omnium,
361 2793 434 2835 quia
450 2793 495 2825 illi
517 2793 659 2833 omnibus
683 2790 860 2827 nationibus

99 2838 187 2865 erant
199 2833 314 2866 infesti.

964 2053 979 2070 ς
998 2062 1042 2089 eo
1065 2051 1153 2101 ipso
1175 2052 1366 2101 tempore.

943 2192 995 2221 22.
1017 2190 1138 2230 Accepta
1160 2189 1353 2230 calamitum]
1414 2187 1493 2220 cum
1522 2187 1656 2220 Triarius

900 2233 918 2263 εἴ
931 2233 1115 2264 Mithridate
1129 2232 1227 2264 victus
1239 2239 1286 2264 est
1299 2243 1309 2269 ;
1334 2233 1374 2263 de
1390 2243 1452 2272 quo
1467 2232 1569 2273 supra.

944 2278 997 2307 26.
1017 2277 1066 2306 Ad
1090 2285 1138 2307 eas
1165 2275 1320 2317 regiones]
1383 2274 1598 2317 Pamphyliam
1625 2278 1658 2305 et

902 2319 1047 2351 Ciliciam
1064 2318 1148 2349 Asiae
1172 2319 1308 2356 minoris,
1331 2318 1504 2358 aptissimas
1532 2317 1658 2359 provin·

901 2363 964 2393 cias
980 2363 1020 2393 ad
1042 2362 1158 2392 bellum
1183 2361 1349 2402 piraticum
1366 2361 1546 2401 gerendum,
1564 2360 1658 2391 Pom-

901 2405 990 2446 peius
1007 2405 1143 2435 adventu
1160 2415 1214 2434 suo
1226 2403 1429 2436 confirmavit.

945 2449 998 2478 27.
1022 2447 1170 2488 Insulam]
1192 2447 1298 2484 Vinci,
1312 2457 1375 2477 non
1387 2447 1524 2483 vincere,
1551 2446 1658 2477 solitus

901 2491 961 2521 fuit
975 2491 1185 2521 Mithridates.

945 2535 996 2564 28.
1023 2533 1206 2575 Tigranem]
1239 2532 1389 2574 Tigranes
1399 2537 1523 2564 secutus
1535 2532 1660 2563 estred-

902 2582 1027 2607 euutem
1062 2577 1095 2607 in
1122 2576 1258 2606 Pontum
1289 2575 1519 2611 BIissnidaAEem,
1551 2575 1660 2605 adver-

902 2618 954 2650 sus
968 2630 1061 2660 quem
1083 2618 1153 2650 cum
1165 2618 1311 2649 Lucullus
1326 2620 1454 2649 duceret
1479 2617 1659 2655 exercitum,

903 2662 921 2692 a
935 2668 1044 2693 senatu
1059 2667 1219 2693 revocatus
1235 2661 1328 2692 estin
1342 2661 1477 2691 Italiam.

945 2707 1000 2736 3⁶2.
1034 2705 1098 2746 Age
1121 2705 1212 2746 υενό.]
1271 2703 1566 2744 Comprobationem
1594 2712 1659 2732 am-

904 2747 1022 2789 plificat
1052 2749 1091 2778 ab
1118 2746 1280 2787 exemplis,
1303 2752 1338 2777 ut
1362 2744 1476 2777 certius
1515 2743 1661 2786 Pompeii

904 2790 1050 2822 ostendat
1063 2790 1289 2822 auctoritatem.

947 2834 1001 2869 35.
1023 2832 1128 2866 Noster
1141 2831 1321 2873 imperatam]
1366 2829 1518 2864 Metellus
1546 2828 1663 2863 intelli-

1252 2887 1281 2915 G

1646 191 1701 234 51
