1759 2997
32 144 121 187 526

745 143 777 176 N
781 144 896 177 OTAE.

29 226 189 264 sionem
224 221 457 261 ulciscenda·
490 219 644 260 doloris
677 223 762 269 sui,
795 221 1006 261 iracunde
1039 224 1080 262 et
1113 221 1256 262 acerbe
1289 223 1369 262 hae
1408 223 1600 263 motione

33 278 180 321 Cicero
211 279 443 331 respondit,
478 277 678 330 Pompeio
709 282 751 319 et
785 279 939 319 Crasso
971 278 1039 318 II.
1070 278 1183 320 Coss.
1215 281 1330 333 quod
1358 280 1598 329 Pedianus,

26 341 177 377 contra
200 335 243 375 F
241 336 498 383 enestellcnn‚
521 339 561 375 et
580 336 713 375 sentit
731 339 773 375 et
787 336 951 388 probat.

755 662 906 694 NOTAE.

64 780 142 820 Pag.
169 780 243 810 24⁷.
275 783 384 821 Syrum
413 781 503 810 nescio
528 778 640 829 quem]
699 778 786 810 Nota

20 817 209 863 singulorum
245 825 407 853 verborum
449 824 619 863 energiam.
678 823 785 863 Symm

20 865 74 900 ait,
99 866 182 906 quod
214 865 284 907 Syri
309 872 414 896 essent
440 866 479 895 ad
504 866 683 895 servitutem
707 866 781 895 uati.

20 908 198 948 Subjuugit,
214 908 338 947 majoris
356 907 553 947 contemptus
569 918 673 942 causa,
689 909 783 938 nescio

18 961 118 990 quem5
143 961 214 980 eum
251 951 362 990 Syrum
401 950 541 991 appellat
568 952 603 980 de
632 960 720 990 grege
749 956 782 980 et

18 993 119 1030 turba,
147 1004 241 1023 unum
271 995 311 1023 de
340 993 454 1028 multis,
479 993 540 1023 vile
578 993 779 1032 mancipium,

17 1046 119 1076 neque
143 1037 182 1067 d'e
200 1035 339 1076 qualibet
362 1036 451 1067 turba
472 1046 639 1072 servorum,
664 1037 719 1066 sed
740 1037 781 1066 de

12 1090 103 1119 grege
125 1081 309 1112 noviciorum.
324 1080 378 1120 qui
400 1090 440 1109 ne
463 1079 637 1109 ministeriis
652 1079 779 1119 quidem

16 1122 177 1152 servilibus
204 1128 237 1153 et
262 1122 367 1153 officiis
391 1122 531 1152 instructi
557 1127 638 1155 sunt.
684 1122 778 1151 Abra-

15 1164 126 1195 humus.

59 1209 133 1238 249.
158 1207 224 1238 Non
239 1209 290 1237 iste
304 1207 399 1248 Pisa]
437 1207 511 1237 Non
534 1207 558 1237 is
582 1207 637 1247 qui
661 1218 705 1243 es,
721 1208 776 1238 sed

14 1250 41 1280 is
68 1261 160 1291 quern
189 1251 324 1282 decebat
352 1262 430 1287 esse,
455 1250 505 1281 cui
529 1250 635 1280 Pisoni
661 1261 776 1281 nomen

15 1298 107 1324 esset.
153 1293 276 1324 DIamtt.

58 1339 132 1368 250.
156 1336 324 1367 Melioribus
339 1335 528 1375 auctoribus]
578 1336 682 1373 Quam
699 1347 776 1377 quos

14 1379 127 1409 Rullus
145 1381 283 1410 tribunus
307 1379 405 1420 plebis
428 1380 498 1419 lege
515 1390 571 1409 sua
585 1380 777 1410 decemviros

13 1423 156 1453 creabat:
185 1423 278 1452 utitur
301 1428 403 1453 autem
434 1424 491 1452 hac
518 1423 730 1459 distinctione,
750 1425 774 1453 si

12 1466 105 1495 dividi
133 1477 190 1496 non
218 1467 357 1505 oportuit,
381 1467 404 1495 si
434 1467 571 1504 epmtuit,
600 1476 638 1495 ne
671 1465 776 1496 Caesa-

11 1518 75 1538 rem
90 1508 241 1544 offendat,
257 1509 309 1549 qui
329 1508 435 1538 consul
461 1515 579 1549 partem
601 1508 666 1549 agri
682 1509 774 1539 Cam-

10 1551 97 1590 pani,
115 1551 175 1581 tata
191 1551 273 1592 lege,
289 1551 447 1581 diviserat.
491 1551 613 1581 Manat.

55 1593 104 1624 Ib.
142 1594 204 1635 Ego
230 1597 262 1624 in
289 1594 322 1623 C.
335 1593 456 1624 Rabirio
482 1595 687 1633 perduellionis
715 1604 774 1632 reo,

11 1635 170 1667 ,XLannis
185 1643 251 1667 ante
262 1647 315 1673 me,
332 1636 398 1676 ἂμ]
446 1636 549 1667 Possit
571 1637 682 1677 aliquis
707 1648 772 1667 cre-

11 1680 85 1710 dere
100 1680 221 1720 lapsum
244 1680 391 1710 inemoiiii
407 1679 605 1715 Ciceronem,
619 1680 673 1720 qui
689 1681 773 1710 dicat

11 1721 71 1751 XL
87 1723 175 1752 annis
192 1728 263 1752 ante
277 1733 309 1752 se
324 1723 481 1752 consulem
493 1723 608 1752 factum
620 1733 686 1753 esse
698 1723 773 1754 S.C.

10 1765 158 1795 adversus
185 1765 221 1795 L.
244 1765 414 1805 Apuleium
446 1764 642 1795 Saturninum
677 1765 771 1795 tribu-

9 1817 83 1838 num
99 1808 199 1849 plebis
214 1818 222 1845 3
239 1807 307 1838 cum
333 1807 479 1838 XXXVt
495 1808 567 1837 anni
584 1808 601 1837 a
615 1807 651 1838 C.
666 1808 770 1838 Mario

9 1856 41 1880 et
78 1851 114 1881 L.
142 1850 268 1881 Valerio
299 1851 412 1881 Flacco
449 1851 625 1880 consulibus
664 1861 772 1881 nume-

9 1900 133 1924 rentur:
159 1894 214 1923 scd
246 1893 298 1923 hic
328 1904 390 1923 non
421 1893 541 1923 subtilis
579 1895 771 1933 computatio

9 1947 159 1967 annorum
182 1937 265 1966 facta
287 1942 345 1971 est,
367 1935 472 1966 verum
496 1936 669 1966 summatim
695 1943 772 1966 tem-

8 1989 66 2019 pus
93 1980 347 2020 comprehensum
374 1984 438 2015 est3
472 1984 504 2008 et
529 1979 659 2019 perinde
688 1980 769 2010 acci-

8 2022 156 2061 piendum
173 2027 220 2052 est
235 2031 270 2051 ac
294 2022 319 2051 si
335 2022 458 2056 dixerit,
471 2021 560 2060 prope
584 2021 645 2050 XL
666 2023 770 2052 annis:

7 2065 74 2095 haec
90 2065 169 2094 enim
185 2065 378 2094 consuetudo
401 2070 449 2094 est
471 2065 568 2104 ipsius
585 2064 745 2095 Ciceronis
760 2076 767 2094 ι

7 2107 112 2148 itaque
131 2108 214 2137 idem
237 2107 268 2136 in
285 2106 322 2137 eii
338 2117 475 2147 quoque,
491 2117 584 2147 quam
609 2107 716 2137 habuit
738 2108 769 2138 in

8 2149 174 2180 Catilinam
197 2150 228 2179 in
253 2157 374 2184 senatu,
391 2149 461 2180 esim
486 2156 614 2180 octavus
631 2151 768 2181 (jecimus

8 2193 75 2223 dies
98 2198 180 2223 esset
202 2193 405 2233 posteaquam
421 2193 535 2222 sactum
553 2198 599 2223 est
623 2193 654 2222 S·
673 2193 709 2224 C.
737 2200 770 2224 ut

5 2236 148 2266 viderent
170 2235 311 2266 consules
334 2246 373 2265 ne
391 2235 465 2275 quid
481 2235 581 2275 Resp.
599 2236 768 2267 detrimen-

6 2279 31 2308 ti
53 2284 190 2319 caperet,
216 2279 305 2313 dixit,
336 2279 506 2318 I'igesimum
521 2280 588 2318 jam
614 2280 687 2309 diem
712 2290 766 2318 pa-

5 2323 99 2351 timur
133 2322 271 2353 hebescere
303 2323 391 2351 aciem
428 2322 529 2351 horum
574 2324 765 2353 auctoritatis.

5 2365 108 2395 Ascon-

49 2409 123 2438 251.
149 2406 213 2447 Ego
234 2406 299 2436 crim
322 2408 353 2436 in
375 2408 515 2443 concione,
531 2407 655 2448 abiens]
701 2408 767 2438 Mi-

4 2460 71 2480 rum
86 2449 213 2479 fortasse
229 2450 297 2490 quis
313 2450 465 2480 existimet
481 2451 556 2490 quid
581 2451 620 2480 sit
642 2462 695 2481 cur
713 2452 765 2482 Ci-

5 2504 88 2528 cero,
101 2497 171 2532 post
184 2492 225 2527 Q.
236 2492 351 2528 Catuli,
364 2492 400 2524 L.
412 2493 518 2528 Gellii,
532 2494 625 2523 totius
641 2493 764 2524 senatus

4 2536 231 2570 auctoritatem,
254 2535 302 2565 sui
324 2535 416 2565 etiam
440 2535 546 2566 fecerit
561 2537 763 2572 mentionem,

4 2577 180 2620 quasivero
197 2578 301 2618 magni
323 2578 462 2608 retulerit
477 2579 552 2619 quid
573 2579 614 2608 de
638 2589 670 2608 se
694 2579 762 2619 ipso

4 2622 143 2651 sentiret.
188 2620 271 2650 Duae
286 2621 411 2651 fuerunt
426 2621 558 2651 rationes
571 2633 580 2651 z
605 2621 713 2657 altera,
731 2629 764 2652 ut

2 2675 50 2695 res
73 2664 91 2694 a
115 2675 147 2694 se
172 2669 274 2704 gestas
297 2665 429 2704 propriae
459 2664 656 2694 conscientiae
676 2664 763 2704 jura-

2 2708 97 2738 menti
113 2706 261 2747 religione
284 2707 440 2737 devinctae
461 2707 650 2742 testimonio,
667 2708 762 2739 altera

1 2757 35 2780 ut
59 2750 183 2780 easdem
202 2750 352 2779 universis
368 2749 477 2790 populi
501 2749 653 2790 suffragiis
677 2761 762 2781 com-

0 2794 154 2834 probaret.
199 2792 279 2835 Ego,
295 2792 407 2836 inquit,
420 2791 490 2826 cum
505 2793 538 2825 in
554 2792 687 2835 Rostris,
703 2804 760 2836 po-

830 779 904 820 pulo
919 781 959 811 ad
975 780 1158 812 concionem
1172 786 1296 817 vocato,
1308 780 1471 821 deponens
1482 791 1594 812 consua

828 823 936 860 latum,
952 824 1055 854 dicere
1079 825 1097 855 ὲ
1114 825 1155 861 Q.
1173 823 1305 854 Metello
1323 824 1451 865 Nepote
1469 825 1592 854 tribuno

827 866 927 906 plebis
954 867 1144 906 prohiberer,
1166 866 1301 908 cumque
1329 868 1411 898 idem
1438 867 1590 898 Metellus

826 910 1042 939 tantummodo
1060 910 1263 950 permitteret,
1281 916 1314 939 ut
1337 909 1508 941 secundum
1525 921 1591 940 mo-

825 960 889 981 rem
902 952 1196 992 majorumjurarem
1211 963 1259 982 rne
1273 953 1348 982 nihil
1359 953 1470 983 fecisse
1481 959 1590 984 contra

824 992 929 1033 leges3
954 1005 1014 1024 non
1041 995 1157 1025 servavi
1183 1001 1360 1025 consuetam
1380 995 1508 1035 jurandi
1529 996 1592 1026 for-

826 1037 952 1071 mulam,
968 1038 1024 1067 sed
1048 1038 1091 1067 ita
1117 1037 1190 1067 mihi
1205 1048 1303 1067 rerum
1327 1038 1346 1067 ἐ
1371 1048 1418 1068 me
1434 1043 1589 1078 gestarum

825 1080 966 1110 conscius
985 1091 1080 1114 eram,
1095 1087 1128 1110 ut
1143 1080 1208 1110 sine
1223 1080 1285 1110 utta
1301 1080 1591 1121 dubitatioriejura·

823 1122 930 1158 verim,
948 1123 1017 1153 mea
1034 1124 1121 1153 unius
1138 1123 1232 1163 opera
1256 1123 1477 1163 rempublicam
1494 1124 1590 1154 fuisse

822 1164 840 1194 εἰ
856 1165 1066 1206 conjuratione
1084 1172 1115 1196 et
1129 1166 1256 1197 interitu
1277 1166 1450 1200 liberatam.
1494 1167 1591 1197 Abra-

822 1208 934 1238 hamus.

865 1253 938 1282 252.
963 1251 1039 1283 Sext.
1068 1251 1232 1291 Clodiana]
1284 1251 1433 1282 Omnium
1455 1252 1519 1282 fere
1546 1252 1586 1282 P.

824 1293 929 1324 Clodii
943 1295 1093 1325 scelerum
1109 1295 1279 1332 conscium,
1296 1296 1478 1332 ministrum,
1495 1295 1587 1336 adju-

822 1341 937 1375 torem3
956 1338 1061 1379 itaque
1073 1337 1245 1368 Clodianus
1258 1338 1343 1368 canis
1357 1338 1437 1368 infra
1451 1343 1590 1370 vocatur.

823 1379 946 1411 Manat.

862 1423 911 1454 ib.
938 1423 1017 1465 Ergo
1042 1423 1086 1453 his
1098 1423 1308 1465 fundamentis
1331 1425 1431 1464 positis
1454 1424 1588 1454 consula.

820 1467 867 1496 tiis
882 1468 938 1502 tui,
951 1467 1019 1508 ἐξα]
1059 1466 1096 1498 L.
1114 1467 1228 1497 Pisone
1242 1473 1273 1497 et
1286 1467 1327 1498 A.
1343 1467 1480 1497 Gabinio
1495 1467 1585 1497 Coss.

820 1509 859 1541 P.
888 1510 1018 1541 Clodius
1046 1510 1185 1540 tribunus
1214 1510 1314 1550 plebis
1342 1515 1473 1551 quatuor
1500 1510 1587 1550 leges

820 1551 917 1593 Reip.
945 1553 1135 1593 perniciosas
1163 1552 1251 1583 tulit:
1289 1552 1514 1588 Annonariam,
1543 1554 1585 1583 de

819 1595 881 1635 quiz
902 1595 1014 1627 Cicero
1029 1595 1088 1626 hoc
1113 1596 1182 1626 loco
1206 1597 1395 1626 mentionem
1418 1605 1481 1625 non
1495 1596 1585 1632 facit,

819 1638 896 1678 (fuit
911 1638 992 1669 enim
1016 1638 1133 1668 summe
1162 1638 1331 1679 popularis,
1347 1645 1381 1668 ut
1396 1639 1583 1668 frumentum

816 1682 946 1721 populo,
963 1682 1047 1722 quod
1064 1681 1157 1711 antea
1172 1682 1263 1711 semis
1278 1681 1347 1711 aeris
1369 1691 1405 1711 ac
1423 1681 1582 1712 trientibus

817 1724 848 1753 in
864 1724 1001 1764 singulos
1017 1725 1140 1753 modios
1153 1725 1295 1760 dabatur,
1311 1723 1402 1764 gratis
1417 1724 1541 1754 daretur
1552 1723 1580 1765 ε)

816 1766 970 1803 Alteram,
986 1767 1098 1806 nequis
1122 1777 1177 1807 per
1201 1778 1254 1797 eos
1279 1767 1358 1801 dies,
1374 1767 1486 1807 quibus
1509 1777 1581 1797 cum

815 1809 933 1850 populo
950 1810 1001 1850 agi
1024 1809 1144 1846 liceret,
1161 1810 1201 1840 de
1216 1810 1294 1840 coelo
1310 1815 1463 1846 servaret;
1489 1819 1583 1850 prop-

817 1858 862 1882 ter
878 1863 971 1892 quam
994 1853 1200 1892 rogationem,
1217 1853 1261 1882 ait
1283 1852 1384 1891 legem
1408 1851 1532 1882 Fusiam
1549 1857 1582 1882 et

816 1894 945 1930 AEliam,
973 1895 1207 1935 propugnacula
1229 1901 1260 1925 et
1282 1905 1384 1924 muros
1408 1894 1581 1935 tranquilli-

816 1938 887 1967 tatis
909 1944 1004 1978 atque
1028 1938 1094 1973 otii,
1110 1948 1246 1967 eversam
1270 1948 1358 1967 esse:
1381 1937 1577 1967 obnuntiatio

814 1981 908 2015 enim,
931 1980 993 2019 quiz
1019 1980 1198 2020 perniciosis
1222 1980 1342 2020 legibus
1368 1979 1590 2017 resistebatur,-

813 2034 906 2063 quam
922 2023 1008 2053 AElia
1030 2023 1079 2053 lex
1095 2024 1340 2058 confirmaverat,
1355 2028 1421 2052 erat
1444 2022 1581 2053 sublata.

812 2066 948 2096 Tertiam
973 2067 1012 2096 de
1036 2065 1176 2105 collegiis
1199 2065 1410 2100 restituendis,
1426 2066 1579 2106 novisque

813 2109 1024 2145 instituendis,
1052 2119 1121 2147 quae
1153 2109 1197 2138 ait
1220 2119 1258 2138 ex
1282 2107 1471 2138 servitiorum
1499 2108 1586 2140 faece‘

812 2152 990 2182 constituta.
1037 2152 1201 2189 Quartam,
1217 2161 1256 2181 ne
1276 2161 1367 2191 quem
1384 2161 1526 2181 censores
1542 2151 1575 2181 in

812 2201 921 2224 senatu
945 2195 1079 2235 legendo
1096 2194 1295 2235 praeterirent,
1310 2203 1390 2223 neve
1406 2193 1468 2234 quii
1490 2194 1580 2233 igno-

812 2237 907 2267 mini&
922 2237 1091 2273 afficerent,
1114 2237 1172 2267 nisi
1188 2237 1242 2277 qui
1264 2236 1348 2277 apud
1372 2247 1425 2266 eos
1449 2246 1577 2266 accusa-

811 2286 859 2311 tus
876 2286 908 2311 et
920 2281 1078 2321 utriusque
1089 2280 1223 2310 censoria
1236 2278 1389 2309 sententia
1411 2279 1581 2309 damnatus

811 2329 903 2354 esset.
951 2323 1019 2353 Hac
1036 2334 1109 2363 ergo
1132 2322 1199 2363 ejus
1222 2322 1292 2362 lege
1315 2332 1488 2357 censuram,
1504 2332 1574 2362 quae

811 2368 955 2406 magistra
975 2367 1100 2406 pudoris
1119 2372 1152 2396 et
1173 2365 1334 2395 modestiae
1349 2370 1407 2401 est,
1421 2364 1579 2395 sublatam?

811 2410 864 2439 ait.
908 2410 1014 2440 Ascon.

853 2454 926 2483 253.
951 2452 1019 2482 Non
1034 2462 1113 2481 nemo
1126 2450 1297 2490 improbus]
1343 2449 1505 2480 Vatinium
1526 2449 1578 2480 in·

810 2495 919 2535 telligit
936 2495 1141 2528 Abrahamus,
1157 2494 1253 2524 allato
1267 2492 1359 2523 etiam
1370 2492 1439 2522 loco
1453 2503 1490 2522 ex
1503 2503 1573 2522 ora-

807 2539 892 2568 tione
917 2537 1103 2568 Vatiniana:
1142 2537 1197 2567 Lex
1221 2536 1306 2566 AElia
1330 2542 1358 2565 et
1388 2534 1487 2574 Fufia.
1508 2545 1572 2574 quae

806 2581 880 2621 leges
901 2579 1087 2620 saepenumero
1114 2580 1279 2609 tribunicios
1292 2577 1413 2619 furores
1435 2577 1571 2607 debiliat-

805 2630 879 2654 ‘runt
905 2630 932 2654 ct
956 2629 1161 2663 represserunt,
1183 2632 1252 2662 quas
1269 2626 1381 2655 contra,
1401 2625 1506 2659 praeter
1530 2626 1586 2660 tes

806 2677 886 2697 nemo
901 2678 1029 2707 unquam
1044 2671 1085 2696 est
1090 2664 1192 2706 facere
1205 2670 1334 2698 cmzatzw,
1350 2662 1402 2701 &a

850 2712 925 2740 254.
958 2709 1085 2739 Bustzcm
1109 2709 1204 2748 legum
1230 2706 1382 2746 omnium]
1439 2704 1479 2735 In
1506 2715 1570 2746 quo

804 2752 891 2794 leges
907 2763 1014 2783 omnes
1029 2751 1150 2791 conflag
1152 2755 1307 2780 raverunt.
1351 2747 1473 2780 Mauut.

836 2786 1027 2838 Ib.F1re2e,
1039 2793 1121 2836 foris
1140 2804 1196 2827 esse
1218 2791 1407 2833 Gabinium]
1453 2790 1592 2824 Manu--
