1790 3090
4 170 57 210 10
546 168 595 199 IN
620 167 872 208 CAECILIUM,
897 167 1154 200 DIVINATIO.

73 243 205 289 modo
218 244 500 302 persequendi
509 243 618 299 juris
633 245 712 294 sui,
735 244 811 286 sed
828 244 956 285 etiam
974 243 1248 300 deplorandae
1269 242 1543 296 calamitatis,
1561 245 1633 286 ad-

76 300 172 342 imis
194 301 481 357 potestatem?
542 300 668 352 Nam,
691 307 732 343 te
754 308 913 352 actore,
935 316 1063 357 quem
1084 315 1229 342 eorum
1242 299 1471 342 affuturum
1492 309 1635 357 putas,

78 373 187 414 quos
204 359 424 414 intelligis,
456 372 556 408 non,
578 365 627 398 ut
642 373 717 413 per
737 365 778 399 te
798 358 942 409 alium,
956 359 1032 399 sed
1053 365 1101 399 ut
1122 373 1196 414 per
1212 359 1400 414 aliquem
1416 365 1458 399 te
1478 357 1636 414 ipsum,

79 415 359 466 ulciscantur,
390 413 616 455 laborare?

418 574 650 602 SECUNDA
685 573 809 600 PARS
847 572 1307 600 CONFIRMATIONIS.

113 677 237 724 Quod
271 677 413 717 Verres
463 676 636 716 minim&
668 677 803 772 velitC
818 676 1061 716 Ciceronem
1097 678 1399 722 accusatorem,
1433 675 1614 715 maxime

805 733 1003 772 cecilium.

145 845 219 886 VI.
250 846 310 886 At
329 846 442 887 enim
463 846 600 887 solum
628 845 673 886 id
696 851 773 894 est,
804 852 853 886 ut
885 859 953 885 me
986 843 1122 884 Siculi
1142 843 1326 885 maxime
1347 843 1507 884 velint?
1539 843 1644 885 alte-

82 917 175 943 rum
195 902 298 943 illud
319 903 486 957 (credo)
507 904 737 943 obscurum
759 908 838 953 est,
870 903 893 941 a
911 916 995 957 quo
1016 900 1170 942 Verres
1190 900 1362 942 minime
1384 916 1429 941 se
1450 900 1643 942 accusari

81 958 200 1000 velit.
260 958 422 1015 Ecquis
443 974 633 1015 unquam
650 967 738 1000 tam
758 957 899 1014 palam
922 959 974 998 de
995 958 1169 1007 honore,
1186 964 1275 998 tam
1292 957 1567 998 vehementer
1589 957 1642 998 de

84 1015 222 1056 salute
240 1016 334 1067 sua,
367 1016 605 1063 contendit,
638 1015 768 1071 quam
788 1015 874 1064 ille,
906 1021 1035 1070 atque
1068 1013 1180 1054 illius
1217 1013 1358 1065 amici,
1392 1021 1439 1054 ut
1473 1029 1526 1055 ne
1547 1014 1641 1054 haec

43 1070 71 1110 5
86 1072 188 1112 mihi
210 1079 225 1095 ²²
239 1072 395 1113 delatio
414 1073 567 1113 detur?
629 1072 740 1113 Sunt
761 1072 906 1118 multa,
940 1085 1034 1126 quae
1056 1070 1210 1110 Verres
1231 1070 1276 1110 in
1307 1085 1375 1111 me
1409 1085 1503 1111 esse
1535 1069 1644 1110 arbi-

84 1136 232 1180 tratur,
264 1144 359 1185 quae
381 1128 464 1169 scit
493 1129 536 1168 in
567 1135 624 1177 te,
657 1128 710 1175 Q.
729 1127 890 1175 Caecili,
922 1141 1009 1166 non
1029 1141 1152 1166 esse:
1185 1141 1281 1181 quae
1316 1125 1559 1181 cujusmodi
1600 1126 1644 1166 in

83 1192 266 1240 utroque
288 1184 479 1226 nostrum
500 1183 600 1235 sint,
632 1184 758 1238 paulo
781 1183 881 1238 post
902 1183 1259 1223 commemorabo.
1324 1182 1452 1223 Nunc
1478 1182 1646 1223 tantum

82 1241 129 1281 id
160 1242 317 1293 dicam,
350 1241 465 1296 quod
488 1241 645 1281 tacitus
679 1248 724 1280 tu
760 1238 865 1280 mihi
887 1238 1146 1280 assentiare:
1179 1239 1338 1279 nullam
1376 1254 1465 1279 rem
1498 1239 1541 1279 in
1577 1254 1644 1279 me

85 1312 195 1350 esse,
218 1312 346 1353 quain
363 1298 431 1338 ille
456 1304 704 1338 contemnat
722 1314 732 1347 ς
754 1297 913 1338 nullam
928 1297 970 1335 in
987 1302 1043 1346 te,
1065 1310 1193 1350 quam
1211 1295 1499 1350 pertimescat.
1560 1295 1646 1336 Ita-

19 1350 72 1393 10
87 1371 168 1411 que
189 1370 371 1411 magnus
391 1354 463 1394 ille
495 1354 692 1394 defensor
713 1360 756 1393 et.
777 1352 940 1393 amicus
962 1352 1053 1407 ejus
1075 1351 1153 1392 tibi
1179 1351 1474 1405 [Hortensius]
1497 1351 1646 1392 suffra-

85 1419 224 1468 gatur,
255 1426 322 1452 me
346 1416 590 1466 oppugnat:
623 1408 768 1465 apert&¹
792 1410 845 1450 ab
868 1408 1092 1464 judicibus
1111 1409 1233 1464 petit,
1265 1416 1312 1449 ut
1333 1416 1379 1449 tu
1399 1408 1503 1449 mihi
1526 1415 1646 1449 ante-

84 1483 270 1524 ponare:
304 1474 346 1509 et
365 1467 426 1508 ait
447 1468 531 1507 hoc
554 1482 599 1508 se
614 1466 811 1516 honeste,
834 1466 925 1506 sine
948 1464 1038 1504 ulla
1059 1464 1237 1515 invidia,
1261 1480 1311 1506 ac
1333 1465 1423 1505 sine
1445 1464 1533 1505 ulla
1552 1465 1569 1488 ¹²
1583 1465 1646 1505 of-

84 1525 296 1576 fensione,
318 1524 591 1565 contendere.
652 1523 752 1563 Non
773 1522 901 1569 enim,
933 1520 1087 1576 inquit,
1110 1520 1216 1561 illud
1238 1528 1353 1576 peto,
1375 1521 1491 1577 quod
1512 1521 1643 1572 sole0,

83 1581 181 1623 cum
218 1580 514 1622 vehementius
550 1578 769 1627 contendi,
801 1578 1054 1633 impetrare3
1085 1592 1178 1617 reus
1199 1584 1247 1617 ut
1267 1578 1526 1628 absolvatur,
1557 1592 1645 1618 non

18 1635 71 1677 15
83 1645 184 1695 peto
204 1654 212 1679 :
245 1638 336 1689 sed,
368 1644 416 1678 ut
435 1637 488 1677 ab
508 1636 593 1676 hoc
611 1634 758 1691 potius
780 1649 908 1690 quam
927 1632 1070 1674 abillo
1092 1640 1332 1684 accusetur,
1364 1633 1408 1674 id
1427 1641 1545 1689 peto.
1577 1634 1646 1674 Da

83 1695 189 1736 mihi
206 1695 315 1736 hoc:
348 1694 554 1744 concede,
587 1692 702 1747 quod
724 1691 852 1732 facile
875 1697 955 1741 est,
987 1691 1103 1746 quod
1137 1690 1381 1741 honestum,
1413 1691 1531 1746 quod
1558 1705 1646 1732 non

81 1751 370 1793 invidiosum:
404 1750 521 1806 quod
554 1748 649 1789 cum
682 1747 864 1795 dederis,
896 1747 988 1787 sine
1018 1747 1106 1788 ullo
1129 1753 1202 1787 tuo
1224 1747 1426 1802 periculo,
1459 1747 1550 1788 sine
1580 1747 1646 1788 in-

82 1808 229 1857 famia,
261 1807 368 1848 illud
390 1805 573 1853 dederis,
604 1812 652 1845 ut
686 1804 722 1845 is
745 1805 1005 1853 absolvatur,
1038 1804 1160 1859 cujus
1198 1818 1279 1859 ego
1319 1803 1451 1844 causa
1481 1804 1645 1845 laboro.

82 1864 142 1906 Et
161 1864 221 1905 ait
236 1864 367 1915 idem,
389 1870 437 1904 ut
453 1861 609 1918 aliquis
633 1868 771 1902 metus
792 1862 1021 1916 adjunctus
1039 1859 1096 1900 sit
1111 1860 1165 1900 ad
1182 1860 1378 1916 gratiam,
1395 1868 1536 1901 certos
1550 1874 1645 1901 esse

15 1916 127 1964 20in
149 1920 347 1971 consilio,
380 1919 536 1976 quibus
559 1918 729 1959 ostendi
749 1917 930 1958 tabellas
950 1916 1080 1957 velit:
1112 1916 1157 1957 id
1180 1931 1273 1957 esse
1290 1916 1494 1972 perfacile
1513 1932 1524 1968 3
1555 1930 1645 1957 non

83 1978 199 2021 enim
221 1977 413 2033 singulos
451 1976 557 2017 ferre
578 1974 829 2026 sententias,
862 1974 938 2015 sed
969 1972 1189 2014 universos
1212 1973 1496 2014 constituere:
1529 1987 1646 2014 cera-

379 2097 395 2113 ²
408 2092 638 2131 accusatio.
936 2087 954 2110 ¹³
968 2088 1164 2142 infirmia,
1182 2089 1418 2140 postulare.

125 2211 178 2240 10.
202 2207 333 2248 Magnus
355 2203 509 2247 defamem]
555 2203 740 2233 Hortensius
755 2213 840 2243 mag·
883 2207 971 2241 gatur
987 2202 1025 2232 ad
1043 2201 1279 2233 custodiendam
1297 2200 1472 2242 pactionem
1488 2200 1646 2241 promisse

80 2261 138 2281 nus
169 2251 314 2281 defensor
339 2249 357 2278 a
389 2248 539 2279 Cicerone
563 2246 750 2286 appellatur,
777 2256 839 2276 non
881 2245 899 2274 εὶ
917 2255 949 2275 se
965 2245 1081 2285 gratiae.

81 2294 156 2334 quia
175 2293 288 2324 multos
302 2291 454 2325 defendit,
469 2291 524 2320 sed
541 2290 615 2329 quia
629 2290 710 2319 hunc
734 2288 841 2328 praeci-
930 2291 982 2318 ΞΟ.
1009 2288 1127 2318 Ostendi
1156 2288 1275 2317 tabellas
1303 2287 1399 2327 velit]
1459 2286 1643 2316 Hortensius

80 2336 142 2376 pue
168 2337 295 2368 Verrem
321 2334 404 2364 omni
430 2332 525 2374 opera
552 2332 722 2361 defendere
748 2342 841 2361 cona-
885 2331 994 2364 voluit,
1009 2330 1101 2359 utilli
1118 2329 1242 2369 judices
1267 2330 1402 2369 corrupti
1424 2329 1545 2359 tabulas
1560 2328 1644 2368 prius

80 2385 140 2410 tur,
885 2373 1094 2407 ostenderent,
1110 2372 1202 2412 quarn
1217 2373 1249 2401 in
1269 2382 1358 2402 urnas
1382 2372 1548 2402 mitterent.
1571 2371 1646 2402 Erat

124 2424 177 2453 13.
202 2421 269 2452 Non
290 2421 498 2458 efflmduquit,
516 2418 589 2448 illud
610 2416 699 2456 peta]
745 2416 841 2446 Etho-
886 2422 989 2446 autem
1028 2416 1143 2455 duplex
1181 2416 1258 2444 ratio
1295 2415 1432 2445 ferendae
1470 2414 1643 2445 sententiaa.

80 2465 167 2506 poe'ia
190 2463 363 2497 Hortensii,
393 2464 433 2491 ad
457 2461 537 2491 illius
562 2460 794 2500 improbitatem
809 2459 841 2488 in
886 2458 1022 2495 Quando
1039 2468 1132 2498 parva
1153 2463 1220 2487 erat
1238 2467 1343 2493 causa,
1359 2468 1396 2488 ex
1414 2457 1526 2487 tabulis
1548 2467 1639 2486 suum

75 2508 202 2549 judiciis
216 2504 448 2545 corrumpendis
464 2503 703 2533 ostendendam.
880 2501 1034 2541 judicium
1059 2500 1310 2540 pronuntiabant,
1337 2512 1368 2532 v.
1385 2511 1415 2540 g.
1445 2500 1470 2530 si
1499 2500 1642 2529 absolve-

124 2553 176 2582 15.
199 2550 250 2580 Da
270 2547 367 2588 mihi]
414 2547 521 2586 Fingit
555 2545 664 2576 Cicero
702 2544 836 2574 Horten·
882 2549 961 2579 rent,
976 2544 1193 2583 imprimebant
1206 2553 1283 2573 cerae
1305 2543 1423 2573 literam
1439 2542 1489 2572 A:
1514 2543 1537 2571 si
1554 2543 1642 2572 dam-

79 2594 158 2624 sium
189 2594 220 2623 id
252 2593 356 2623 dicere
386 2590 536 2630 corruptis
565 2587 697 2629 pecunia
723 2587 839 2627 judici·
882 2592 1001 2621 nai-ent,
1029 2586 1077 2616 C:
1107 2586 1132 2615 si
1159 2585 1361 2625 ampliabant,
1387 2585 1428 2614 N.
1461 2585 1496 2615 L.
1528 2595 1641 2625 nempe

78 2637 149 2669 bus,
883 2629 965 2670 qudd
983 2627 1088 2669 parurn
1114 2629 1255 2668 liqueret,
1272 2634 1303 2657 et
1318 2628 1427 2658 iterum
1451 2628 1501 2668 agi
1516 2637 1640 2657 causam

126 2681 177 2710 19.
200 2677 299 2709 Metus
321 2675 478 2716 adjunctus
503 2672 566 2714 sit.]
618 2673 655 2703 Id
683 2673 746 2709 agit
772 2682 838 2702 cor·
883 2677 1037 2713 optarent.
1084 2671 1116 2701 Si
1140 2670 1210 2701 vero
1245 2681 1357 2711 magna
1389 2676 1470 2700 esset
1494 2681 1586 2700 causa
1609 2675 1642 2701 et

78 2728 197 2763 ruptor,
222 2726 254 2750 ut
270 2720 418 2761 gratiosus
442 2718 539 2759 judex
566 2727 627 2747 non
657 2715 756 2746 solum
783 2725 838 2744 ve-
880 2714 1044 2749 invidiosa,
1061 2713 1237 2744 scribebant
1257 2724 1326 2744 suas
1341 2713 1523 2749 sententias,
1539 2718 1571 2743 et
1585 2723 1640 2743 cu.-

78 2766 116 2797 lit
147 2773 266 2795 servare
297 2764 391 2793 fidem
426 2770 481 2792 suo
515 2759 694 2800 corruptori,
731 2756 837 2789 versun
881 2758 1018 2788 mulatim
1043 2757 1176 2798 praeconi
1199 2756 1327 2794 dabant,
1343 2756 1443 2798 quiin
1458 2766 1567 2787 urnam
1586 2765 1639 2786 eas

79 2808 173 2839 etiam
199 2806 316 2847 aliquid
342 2805 464 2842 habeat,
493 2814 546 2835 cur
569 2803 616 2833 vel
642 2801 755 2832 inritus
785 2810 836 2833 co-
878 2800 1075 2841 conjiciebat.
