1790 3090
91 135 173 181 091

802 137 893 171 PRO
919 136 1131 170 MURENA.

176 213 292 256 ciet?
315 213 387 272 qui
400 213 529 269 hujus
547 209 687 252 dolor!
710 210 784 268 qui
799 211 915 253 illius
932 225 1089 253 moeror
1106 209 1205 252 erit!
1227 222 1325 266 quae
1339 208 1563 274 utriusque
1581 210 1742 252 lamen—

175 271 284 313 tatio
297 272 305 313 !

338 276 499 327 quanta
519 275 663 309 autem
683 268 967 324 ‘perturbatio
989 269 1169 309 fortunae
1190 274 1318 323 atque
1355 281 1577 317 sermonis,
1608 267 1740 323 quod,

176 328 333 384 quibus
355 330 398 368 in
414 325 522 367 locis
539 324 688 381 paucis
707 324 805 365 ante
819 325 970 366 diebus
988 326 1151 366 facturn
1169 338 1262 365 esse
1278 324 1501 366 consulem
1516 323 1740 364 Murenam

175 384 314 425 nuntii
336 385 553 437 literaeque
576 380 882 431 celebrassent,
906 388 949 422 et
968 381 1081 422 unde
1100 380 1292 435 hospites
1310 388 1439 444 atque
1456 380 1583 421 amici
1601 387 1741 435 gratu-

103 441 158 482 50
176 441 311 481 latum
330 440 513 480 Romam
535 437 841 487 concurrerint,
862 436 1037 491 repente
1061 435 1112 477 eo
1135 437 1315 477 accedat
1335 452 1441 493 ipse,
1464 436 1639 477 nuntius
1653 451 1742 477 suae

177 495 456 538 calamitatis!
490 494 597 541 Quae
619 493 653 534 si
676 494 845 544 acerba,
867 493 902 533 si
925 493 1090 542 misera,
1116 492 1151 533 si
1169 493 1366 534 luctuosa
1382 500 1497 544 sunt,
1520 493 1555 534 si
1572 492 1741 534 alienis-

177 553 284 594 sima
306 552 331 593 a
353 550 678 592 mansuetudine
701 556 744 590 et
765 549 1060 590 misericordia
1079 547 1234 599 vestra,
1259 549 1457 604 judices3
1490 555 1741 591 conservate

175 609 324 665 populi
344 607 526 649 Romani
550 606 833 648 beneficium:
865 605 1030 646 reddite
1050 604 1238 660 Reipub.
1260 607 1506 648 consulem:
1539 606 1637 647 date
1659 604 1744 645 hoc

177 666 313 721 ipsius
334 664 501 721 pudori,
518 663 616 704 date
635 663 744 719 patri
762 668 945 712 mortuo,
962 662 1060 703 date
1076 662 1219 717 generi
1237 668 1281 702 et
1297 662 1482 713 familiae,
1500 663 1598 703 date
1616 662 1744 703 etiam

104 722 160 761 55
179 722 383 772 Lanuvio,
415 720 647 775 municipio
686 719 1006 770 honestissimo,
1039 718 1155 774 quod
1191 718 1235 758 in
1266 717 1351 759 hac
1380 718 1513 759 causa
1543 719 1744 773 frequens

177 785 466 833 moestumque
487 775 668 817 vidistis.
718 775 864 816 Nolite
886 774 911 816 a
933 775 1066 815 sacris
1088 774 1233 830 patriis
1250 774 1432 816 Junonis
1452 774 1652 831 Sospitae,
1674 773 1744 815 cui

179 849 328 875 omnes
348 834 546 875 consules
565 833 703 873 facere
721 846 900 873 necesse
918 838 997 882 est,
1016 831 1300 872 domesticum
1319 838 1363 872 et
1382 846 1507 872 suum
1523 831 1747 872 consulem

177 889 450 945 potissimum
468 889 662 930 avellere.
714 888 852 936 Quem
871 902 951 944 ego
966 887 1104 938 vobis,
1126 888 1161 928 si
1176 887 1279 943 quid
1297 887 1427 929 habet
1448 894 1523 928 aut
1539 886 1746 928 momenti

177 945 514 996 commendatio,
536 952 610 986 aut
629 944 897 984 auctoritatis
920 943 1206 984 sconfirmatio
1220 959 1328 995 mea,
1347 945 1497 985 consul
1510 944 1746 994 consulem,

104 1000 361 1058 GOjudices,
382 1002 441 1042 ita
459 1001 729 1050 commendo,
750 1007 799 1040 ut
815 1000 1139 1055 cupidissimum
1160 999 1250 1049 otii,
1284 1000 1648 1041 studiosissimum
1669 1000 1745 1040 bo-

179 1072 344 1107 norum,
378 1058 629 1098 acerrimum
657 1063 805 1097 contra
834 1056 1105 1103 seditionem,
1136 1056 1418 1096 fortissimum
1440 1056 1484 1096 in
1505 1057 1634 1107 bello,
1666 1055 1747 1096 ini-

177 1115 462 1155 micissimum
482 1113 584 1154 huic
606 1112 892 1167 conjurationi
913 1127 1009 1167 quae
1031 1126 1144 1153 nunc
1167 1112 1476 1168 rempublicam
1498 1112 1746 1164 labefactat,

177 1171 369 1212 futurum
390 1185 484 1212 esse
507 1168 754 1225 promittam
776 1184 827 1210 ac
849 1169 1100 1224 spondeam.

521 1284 825 1324 εσοφηθηιιίαίὶο.

221 1399 274 1430 55.
300 1396 461 1437 Lanuvio]
505 1395 544 1426 In
565 1396 666 1427 causis
688 1405 808 1426 reorum
833 1395 939 1426 venie—

176 1439 255 1472 bant
276 1441 294 1471 ὃ
316 1439 493 1480 municipiis
516 1444 548 1470 et
563 1438 580 1469 ὲ
597 1438 761 1480 provinciis
776 1439 882 1479 legati,
906 1444 940 1469 ut

177 1494 234 1525 pro
252 1494 305 1514 reo
318 1484 571 1524 deprecarentur.

221 1528 274 1557 56.
296 1526 422 1556 Jnnonis
448 1524 591 1564 Sospitae]
648 1524 774 1564 Sospita
803 1523 887 1554 Juno
921 1523 939 1553 a

175 1569 328 1600 servando
352 1568 436 1599 dicta
458 1572 514 1597 est.
559 1567 638 1597 Haec
658 1566 691 1596 in
714 1566 819 1606 primis
835 1566 940 1596 Lanu-

176 1612 219 1642 vii
233 1611 393 1643 colebatur
408 1609 520 1650 magna
534 1609 697 1650 religione,
720 1614 754 1638 ut
776 1609 871 1639 docet
885 1609 938 1639 Li-

176 1655 256 1686 vius.
318 1653 519 1685 Simulacrum
549 1652 722 1691 fingebatur
749 1662 818 1682 cum
854 1651 938 1692 pelle

176 1696 317 1738 caprina,
340 1695 439 1733 hasta,
461 1701 493 1727 et
506 1695 637 1733 scutulo,
662 1701 693 1726 et
708 1705 778 1728 cum
794 1694 937 1727 calceolis

1143 1281 1402 1341 faffirmatzb.

983 1396 1140 1438 repandis.
1187 1396 1279 1426 Hanc
1308 1396 1479 1435 Junonem,
1503 1393 1590 1436 cujus
1615 1395 1749 1426 Lanuvii

983 1441 1067 1469 aedes
1095 1443 1172 1474 erat,
1195 1439 1334 1469 Romani
1361 1439 1454 1469 etiam
1475 1439 1639 1475 colebant3
1664 1439 1748 1468 unde

984 1483 1066 1522 saepe
1082 1481 1244 1511 Romanos
1260 1483 1344 1522 apud
1361 1481 1482 1511 Livium
1505 1481 1616 1521 legitur
1631 1480 1749 1511 misisse

985 1524 1169 1560 Lanuvium,
1184 1524 1238 1564 qui
1253 1523 1402 1555 sacrificio
1417 1523 1437 1554 J
1440 1534 1574 1554 unonem
1590 1523 1747 1565 Sospitam

984 1566 1153 1607 placarent.

1027 1610 1078 1640 57.
1098 1609 1202 1639 Facere
1216 1619 1322 1640 necesse
1334 1609 1401 1650 est]
1428 1609 1555 1646 Facere,
1566 1613 1614 1639 est
1627 1619 1747 1640 sacrum

982 1652 1105 1683 facere:
1130 1652 1288 1682 faciebant
1302 1658 1418 1688 autem,
1441 1651 1510 1683 esim
1534 1652 1748 1692 magistratum

982 1695 1124 1727 consulet
1137 1694 1267 1733 inibant,
1281 1695 1412 1727 Lanuvii
1426 1695 1446 1727 J
1450 1695 1545 1727 unoni
1560 1694 1705 1736 Sospitae.
