1759 2997
99 153 183 195 520
636 151 856 185 sOMNIUM
880 151 1120 185 SCIPIONIS.

103 229 355 272 deseritur
335 244 362 270 a
380 242 441 280 se,
471 241 691 284 nunquam
720 243 775 271 ne
804 229 964 271 moveri
989 228 1163 285 quidem
1183 227 1366 293 desinit:
1397 226 1503 284 quin
1523 228 1656 272 etiam

105 287 287 338 caeteris,
318 301 412 342 quae
442 292 678 338 moventur,
708 285 781 328 hic
810 286 922 338 fons,
952 286 1038 328 hoc
1063 285 1323 342 principium
1343 292 1410 327 est
1438 286 1655 327 movendi.

105 343 327 406 Principio
357 348 500 384 autem
530 343 649 383 nulla
688 349 756 384 est
793 343 940 399 origo.
983 357 1083 384 nam
1122 357 1174 384 ex
1215 342 1448 405 prlncipio
1469 342 1660 384 oriuntur

107 415 274 442 omnia:
305 414 447 456 ipsum
477 406 621 440 autem
652 399 773 440 nulla
804 414 857 440 ex
892 413 960 441 re:
993 414 1074 441 nec
1103 400 1217 441 enim
1243 406 1360 441 esset
1388 398 1662 462 principium,

105 457 221 512 quod
241 457 484 512 gigneretur
506 456 690 498 aliunde.
749 455 879 505 Quod
911 455 947 497 si
980 471 1200 520 nunquam
1231 456 1377 508 oritur,
1409 470 1462 497 ne
1496 455 1661 497 occidit

105 513 283 569 quidem
302 527 516 569 unquam:
548 528 647 554 nam
671 512 928 568 principium
957 513 1218 555 exstinctum
1238 528 1320 555 nec
1339 514 1482 569 ipsum
1502 513 1556 554 ab
1576 511 1661 553 alio

104 577 364 633 renascetur,
385 585 466 611 nec
486 584 538 611 ex
560 585 606 611 se
628 570 744 611 aliud
765 570 952 621 creabit3
988 570 1202 634 siquidem
1221 584 1400 611 necesse
1420 568 1522 611 est
1504 585 1530 610 a
1546 568 1663 625 prin-

105 626 219 682 cipio
239 627 337 668 oiiri
358 627 513 668 omnia.
576 627 643 668 Ita
672 627 737 678 fit,
767 633 816 668 ut
845 626 989 668 motus
1020 627 1278 690 principium
1309 641 1363 668 ex
1390 641 1442 668 eo
1469 625 1526 667 sit
1545 625 1664 682 quod

103 698 246 740 ipsum
277 700 301 724 a
333 699 378 725 se
406 690 601 725 movetur
632 683 694 739 (id
724 690 869 725 autem
897 698 978 725 nec
1001 698 1121 725 nasci
1149 689 1295 746 potest
1313 697 1395 724 nec
1414 682 1565 734 mori);
1595 682 1665 723 vel

105 740 310 781 concidat
329 755 453 782 omne
471 741 644 792 coelum,
662 740 887 810 omnisque
903 747 1070 792 natura,
1092 747 1136 782 et
1151 740 1376 792 consistat,
1391 754 1569 781 necesse
1583 746 1666 791 est,

104 811 187 839 nec
205 797 292 838 vim
312 798 440 838 ullam
461 797 749 860 nanciscatur,
781 812 883 853 qua,
914 803 963 838 ut
979 797 1135 860 primo,
1166 797 1348 854 impulsa
1366 802 1602 838 moveatur.

165 853 248 894 IX.
279 853 389 894 Cum
409 860 555 909 pateat
574 854 719 909 igitur,
750 861 956 894 aeternum
976 853 1020 894 id
1043 869 1136 896 esse
1158 855 1309 910 quod
1296 870 1319 894 a
1341 868 1385 895 se
1406 853 1500 910 ipso
1521 867 1667 895 move-

106 916 214 961 atur,
246 910 343 965 quis
375 916 454 961 est,
485 924 560 965 qul
589 910 702 950 hanc
732 916 928 950 natuiam
958 910 1112 951 animis
1145 925 1239 952 esse
1269 910 1475 951 tributam
1505 909 1664 966 neget?

106 966 350 1007 Inanimum
381 973 448 1007 est
480 967 595 1007 enim
626 980 765 1016 omne,
787 967 924 1028 'quod
942 967 1069 1021 pulsu
1101 967 1289 1022 agitatur
1319 973 1516 1008 externo:
1548 966 1666 1023 quod

106 1030 253 1065 autem
274 1023 431 1064 animal
452 1029 531 1074 est,
553 1023 595 1064 id
616 1029 737 1064 motu
758 1022 894 1063 cietur
914 1022 1129 1074 interiore,
1161 1029 1206 1064 et
1226 1037 1330 1065 suo:
1361 1037 1461 1064 nam
1481 1023 1576 1063 haec
1597 1028 1666 1064 est

106 1087 261 1122 natura
281 1080 452 1136 piopria
482 1079 628 1131 animi,
660 1087 790 1135 atque
821 1078 901 1120 vis.
962 1079 1070 1127 Quae
1100 1080 1135 1120 si
1167 1086 1233 1122 est
1262 1095 1350 1121 una
1376 1094 1429 1121 ex
1450 1079 1667 1131 omnibus,

109 1151 205 1192 quae
226 1151 321 1178 sese
340 1144 527 1187 moveat,
558 1151 698 1192 neque
720 1142 821 1177 nata
842 1142 910 1177 est
929 1135 1063 1188 celte,
1095 1143 1139 1178 et
1157 1143 1316 1178 aetema
1336 1143 1419 1178 est.
1477 1136 1604 1178 Hanc
1624 1143 1672 1177 tu

108 1208 260 1234 exeice
292 1193 337 1234 in
372 1194 546 1249 optimis
581 1194 735 1235 rebus:
779 1199 880 1235 sunt
916 1199 1060 1234 autem
1096 1194 1268 1249 optimae
1304 1208 1415 1235 cuiae
1446 1193 1500 1235 de
1531 1193 1669 1235 salute

105 1251 281 1306 patiiae3
317 1250 473 1307 quibus
507 1250 696 1306 agitatus
730 1258 774 1292 et
805 1249 1066 1292 exercitatus
1091 1265 1260 1292 animus
1281 1249 1504 1292 velocius
1495 1265 1539 1291 m
1557 1250 1671 1291 hanc

106 1308 253 1349 sedem
268 1314 311 1348 et
327 1309 501 1348 domum
516 1322 636 1348 suam
650 1307 908 1363 pervolabit3
941 1306 1070 1363 idque
1088 1322 1221 1364 ocyus
1239 1308 1384 1359 faciet,
1401 1307 1437 1348 si
1452 1308 1544 1378 jam
1559 1314 1668 1359 tum,

107 1379 206 1406 cum
220 1365 299 1406 erit
312 1364 526 1405 inclusus
517 1379 561 1405 m
577 1379 770 1434 corpore,
782 1363 989 1405 eminebit
1005 1364 1131 1415 foras,
1151 1370 1194 1406 et
1207 1379 1270 1416 ea,
1286 1363 1514 1421 quaeextra
1530 1373 1668 1416 erunt,

108 1421 419 1484 contemplans,
444 1436 574 1477 quam
591 1436 776 1462 maxime
798 1436 842 1461 se
861 1436 885 1461 a
904 1435 1080 1476 corpore
1098 1422 1333 1464 abstrahet.
1391 1420 1505 1462 Nam
1521 1435 1669 1462 eorum

107 1492 254 1530 an1m1‚
269 1493 343 1533 qul
361 1492 405 1519 se
423 1478 613 1533 emporis
628 1477 922 1541 voluptatibus
944 1477 1215 1530 dedideiunt,
1236 1492 1469 1535 earumque
1485 1492 1531 1519 se
1544 1477 1669 1533 quasi

105 1534 322 1576 ministros
336 1535 621 1590 praebuerunt,
632 1534 902 1598 impulsuque
914 1533 1144 1576 libidinum
1156 1535 1452 1598 voluptatibus
1468 1534 1672 1576 obedien·

102 1591 228 1641 tium,
261 1590 438 1633 deorum
468 1598 513 1633 et
542 1591 764 1632 hominum
790 1605 889 1647 Jura
922 1590 1204 1645 violaverunt,
1238 1591 1492 1656 corporibus
1518 1591 1670 1654 elapsi,

105 1647 267 1689 circum
287 1654 369 1689 teri
373 1663 440 1689 am
461 1648 601 1704 ipsam
621 1649 882 1700 volutantur,
912 1662 994 1690 nec
1015 1648 1161 1692 hunc
1152 1664 1196 1693 111
1223 1649 1381 1704 locum,
1411 1648 1496 1692 msi
1521 1648 1670 1692 multis

106 1705 314 1760 exagitati
334 1705 520 1757 saeculis,
550 1711 831 1747 revertuntur.

166 1761 245 1804 Ille
267 1761 492 1806 discessit:
527 1776 608 1820 ego
630 1776 782 1806 somno
802 1761 967 1807 solutus
989 1777 1096 1807 sum.
