1858 3095
867 120 987 153 VITA.
1214 135 1218 139 ”
1619 126 1723 168 xxiii

123 206 286 234 merum
295 193 470 245 cecidit,
481 194 657 236 castella
669 193 956 236 munitissima
968 202 1178 238 nocturno
1191 196 1406 253 Pomptini
1421 197 1550 252 legati
1566 199 1629 238 sui
1647 198 1718 239 ad-

121 256 269 300 ventu,
286 259 327 291 et
344 265 422 291 suo
440 250 649 291 matutino
665 251 794 305 cepit,
809 257 937 306 atque
953 251 1166 293 incendit:
1199 268 1384 308 moxque
1404 253 1635 308 Imperator
1651 262 1718 295 est

121 307 375 362 appellatus.
410 305 516 347 Inde
531 306 1059 362 Pindenissum,oppidum
1073 309 1418 359 munitissimum,
1432 310 1568 349 modis
1585 312 1717 350 omni-

121 362 203 404 bus
221 370 534 426 oppugnatum‚
546 370 644 418 post
661 363 888 418 septimum
902 372 944 406 et
957 365 1359 421 quinquagesimum
1375 366 1487 406 diem
1500 366 1717 406 deditione

121 427 303 475 accepit.
363 418 471 459 Tum
493 433 538 460 in
558 419 736 460 hiberna
753 420 987 462 exercitum
1009 422 1188 473 dimisit,
1209 422 1332 478 eique
1350 422 1403 470 Q.
1421 422 1592 462 fratrem
1614 436 1717 478 prce-

123 474 240 526 fecit,
263 475 337 531 qui
360 482 403 516 et
425 475 518 531 ipse
541 475 584 516 in
606 477 641 531 ej
652 491 698 516 us
720 476 876 532 legatis
898 477 994 519 fuit.

545 596 715 625 ANNUS
752 597 896 624 unms
931 595 1163 624 conTAE
1195 582 1297 623 703.

144 656 260 697 Coss.
284 653 335 696 L.
358 656 537 697 AEmt'lio
559 657 715 705 Paulo,
741 657 789 697 C.
814 657 997 698 Claudio
1019 655 1241 704 Marcello,
1265 661 1366 697 ante
1390 656 1611 697 Christum
1632 657 1698 699 49.

497 714 716 754 Cicero-nis
735 714 1119 766 quinquagesimus
1138 714 1358 765 septimus.

172 817 243 859 Ad
263 816 341 858 hos
352 817 565 858 Consules
580 815 603 858 ὲ
620 816 776 858 Cilicia
792 817 967 873 scripsit
977 816 1368 872 Cicero,petiitque
1384 823 1433 857 ut
1445 816 1574 873 quam
1588 817 1721 858 hono-

122 874 484 919 rificentissimum
492 873 931 915 senatus-consultum
940 874 992 915 de
1007 874 1133 915 rebus
1150 873 1175 915 a
1190 888 1235 914 se
1245 873 1378 927 gestis
1390 874 1633 915 faciendum
1648 889 1720 914 cu-

121 937 275 972 rarent.
336 930 389 971 Ei
407 930 553 972 revera
585 945 660 986 pro
681 945 723 972 re
744 931 855 972 bene
877 930 1002 986 gest-21
1034 927 1376 985 supplicationes
1399 930 1582 972 decretae
1605 938 1719 971 sunt.

125 986 262 1028 Nonis
282 985 472 1028 Januarii
492 986 624 1027 Tarso
645 988 862 1043 profectus
880 988 962 1028 fuit
982 987 1026 1027 in
1044 986 1207 1037 Asiam,
1225 993 1272 1027 ut
1290 986 1332 1026 in
1351 987 1440 1029 suis
1459 987 1721 1028 dioecesibus

119 1043 193 1099 jus
210 1043 388 1085 diceret.
420 1042 486 1084 Ex
503 1043 610 1084 Asi-21
622 1042 666 1084 in
682 1043 880 1085 Ciliciam
894 1044 1034 1085 Nonis
1052 1043 1159 1084 Maii
1176 1043 1383 1098 perrexit:
1415 1043 1637 1100 provincia
1651 1044 1722 1084 de-

125 1100 302 1146 cedens,
325 1101 375 1142 C.
397 1099 584 1141 Coelium
605 1100 876 1146 Quaestorem
897 1115 1021 1141 suum
1053 1099 1091 1140 ei
1120 1100 1338 1155 praefecit:
1371 1099 1565 1142 Athenas
1591 1099 1721 1149 venit,

125 1155 226 1198 inde
249 1155 539 1207 Brundisium,
561 1156 674 1197 unde
693 1157 876 1198 Romam
897 1171 1090 1198 reversus
1112 1163 1192 1198 est.
1592 1152 1597 1158 ’

546 1285 719 1314 ANNUS
755 1286 903 1314 imnis
940 1285 1175 1313 CONDITAE
1210 1272 1308 1313 704.

136 1344 249 1385 Coss.
296 1343 344 1384 C.
390 1343 576 1386 Claudio
616 1346 839 1393 Marcello,
877 1345 928 1385 L.
972 1343 1165 1384 Cornelio
1199 1343 1385 1383 Lentulo
1429 1339 1583 1390 Crure,
1626 1345 1727 1382 ante

330 1397 551 1443 Christum
574 1400 640 1442 48.
705 1402 922 1443 Ciceronis
942 1401 1328 1452 quinquagesimus
1349 1403 1538 1439 octavus.

188 1504 399 1546 M.Tullio
409 1504 772 1561 Ciceroni,pridie
786 1503 1083 1545 Non.Janua1-.
1094 1502 1147 1543 ad
1158 1501 1322 1544 Urbem
1335 1501 1576 1552 accedenti,
1586 1501 1649 1542 sic
1663 1507 1729 1542 est

129 1560 304 1602 obviam
322 1561 550 1618 proditum,
568 1569 616 1603 ut
635 1561 744 1603 nihil
763 1561 891 1603 fuerit
909 1559 1256 1616 magnificentius
1272 1575 1280 1599 :
1313 1566 1357 1599 at
1374 1558 1535 1599 invenit
1556 1558 1728 1613 plenam

130 1618 318 1659 motibus
338 1618 514 1659 internis
534 1618 858 1674 rempublicam,
875 1616 1231 1658 dissentientibus
1249 1615 1460 1671 Pompeio
1480 1623 1522 1655 et
1540 1615 1724 1656 Caesare.

133 1673 259 1715 Dixit
272 1674 415 1715 omnia
431 1681 473 1715 et
490 1675 609 1725 fecit,
623 1689 718 1730 quae
736 1675 790 1716 ad
808 1674 1082 1715 concordiam
1104 1672 1374 1728 pertinerent.
1425 1671 1493 1711 Ad
1513 1670 1727 1712 Caesarem

133 1737 176 1771 et
198 1731 451 1787 Pompeium
473 1731 659 1788 scripsit,
677 1738 725 1772 ut
753 1738 979 1778 utrumque
1000 1731 1204 1785 placaret,
1227 1734 1455 1769 attestatus
1486 1727 1592 1767 nihil
1614 1727 1726 1768 civili

131 1787 247 1828 bello
262 1787 545 1829 miserabilius
560 1802 654 1829 esse
668 1787 711 1827 in
726 1781 964 1843 republica.
997 1786 1107 1827 Cum
1120 1785 1265 1840 itaque
1280 1784 1418 1825 varias
1431 1783 1474 1824 in
1488 1791 1631 1840 partes
1643 1784 1726 1825 Ita-

131 1843 190 1884 lia
203 1844 418 1899 descripta
431 1851 559 1895 esset,
573 1850 622 1885 ut
634 1843 817 1900 quisque
831 1858 952 1884 suam
966 1851 1129 1899 partem
1143 1841 1459 1883 defendendam
1475 1839 1729 1895 susciperet,

135 1899 328 1955 Capuam
351 1900 504 1942 Cicero
525 1901 723 1957 sumpsit.
783 1899 927 1941 Roma
956 1899 1087 1955 igitur
1108 1898 1312 1954 Capuam⁷
1330 1897 1547 1953 profectus
1569 1904 1635 1937 est
1662 1897 1726 1938 14.

134 1955 233 1997 Kal.
255 1956 358 1998 Feb.
377 1957 656 2014 lustratisque
676 1956 873 2008 Formiis,
894 1956 1048 1997 iterum
1065 1955 1260 2011 Capuam
1281 1953 1422 2004 rediit,
1444 1952 1517 1994 ubi
1538 1952 1728 1994 triduum

135 2011 230 2054 fuit.
271 2013 321 2053 In
337 2013 538 2069 Apuliam
555 2013 580 2054 a
597 2013 806 2068 Pompeio
823 2013 1058 2054 advocatus
1076 2020 1155 2053 est.
1207 2010 1307 2061 Sed,
1323 2010 1421 2051 cum
1438 2009 1482 2050 in
1496 2009 1568 2050 via
1585 2009 1731 2050 Caesar

135 2075 262 2118 esset,
272 2068 435 2110 Theani
449 2069 632 2110 Sidicini
645 2069 937 2120 mansit,unde
953 2069 1130 2124 Leptam
1145 2082 1243 2108 curn
1256 2066 1390 2107 literis
1405 2066 1459 2107 ad
1473 2064 1731 2121 Pompeium

136 2124 268 2175 misit,
276 2139 556 2181 reversusque
566 2125 758 2166 Formias
769 2132 848 2166 est.
876 2125 1109 2180 Pompeius
1116 2123 1214 2164 vero
1228 2122 1505 2163 Brundisium
1518 2121 1598 2162 iter
1609 2122 1730 2174 fecit,

139 2179 225 2236 quo
242 2180 496 2222 Ciceronem
514 2181 708 2223 vocavit:
743 2181 820 2222 sed
842 2181 1000 2222 mansit
1019 2180 1062 2221 in
1084 2179 1326 2221 Formiano.
1396 2178 1541 2219 Caesar
1559 2178 1731 2220 interim

140 2237 388 2288 Brundisio,
410 2237 497 2293 quo
514 2238 731 2293 ingressus
753 2244 843 2279 erat
863 2244 1034 2293 postero
1057 2236 1140 2282 die,
1163 2251 1249 2292 quo
1271 2235 1501 2291 Pompeius
1525 2234 1731 2290 oppidum

142 2293 400 2344 deseruerat,
413 2294 597 2336 Romam
613 2309 803 2336 reversus
821 2301 902 2335 est.
945 2294 1010 2334 Eo
1033 2293 1076 2333 in
1096 2293 1245 2333 itinere
1264 2291 1416 2332 Cicero
1436 2291 1558 2332 illum
1579 2306 1733 2334 conve-

140 2350 222 2390 nit:
240 2349 395 2391 deinde
405 2351 613 2407 Arpinum
627 2349 1077 2407 profectus,ibiTullio
1087 2349 1176 2390 filio
1186 2363 1264 2389 suo
1279 2355 1424 2404 togam
1438 2348 1731 2404 puramdedit,

142 2406 383 2462 mansitque
404 2407 448 2447 in
467 2408 576 2448 villis
597 2422 743 2448 mense
759 2407 915 2463 Aprili,
933 2414 976 2447 et
993 2406 1140 2454 Mai0;
1172 2413 1215 2446 et
1231 2407 1253 2444 7
1279 2405 1382 2445 Idus
1398 2404 1513 2445 Junii
1530 2405 1583 2445 ad
1603 2404 1732 2446 Pom-

142 2463 285 2519 peium
303 2463 347 2504 in
361 2463 571 2505 Graeciam
587 2463 817 2520 navigavit.
875 2462 983 2518 Ejus
995 2462 1204 2503 adventus
1216 2460 1363 2502 multis
1380 2467 1524 2517 gratus
1542 2461 1639 2511 fuit,
1655 2463 1731 2503 sed

147 2533 234 2561 non
259 2519 429 2571 Catoni,
451 2520 473 2560 ὲ
493 2535 581 2576 quo
602 2520 882 2575 reprehensus
903 2526 984 2570 est,
1001 2518 1115 2575 quod
1138 2518 1390 2574 Pompeium
1411 2524 1582 2559 secutus
1605 2526 1734 2570 esset,

144 2589 283 2632 neque
303 2577 533 2618 mansisset
550 2577 595 2617 in
617 2577 761 2628 Italia,
773 2577 898 2618 rebus
920 2581 1237 2632 prospecturus.
1289 2574 1466 2615 Catonis
1488 2573 1625 2614 verbis
1645 2589 1733 2615 non

151 2632 674 2674 mediocritercommotus
689 2640 767 2683 est,
779 2632 913 2688 eoque
927 2632 1112 2688 gravius,
1122 2630 1238 2687 quod
1248 2630 1362 2671 nulla
1373 2631 1464 2686 ejus
1474 2629 1734 2685 operaPom-

149 2688 272 2744 peius
285 2689 502 2732 utebatur:
521 2689 652 2746 quare
666 2705 763 2732 eum
776 2689 877 2731 facti
892 2688 1109 2745 poenituit,
1119 2694 1300 2728 nontam
1314 2695 1485 2743 propter
1493 2701 1616 2730 suum
1629 2687 1738 2744 peri-

153 2743 311 2798 culum,
332 2745 467 2802 quam
486 2753 660 2806 propter
679 2746 785 2788 vitia
804 2746 952 2797 multa,
975 2760 1070 2802 quae
1087 2743 1148 2788 ibi
1168 2743 1362 2786 offendit.
