1858 3095
688 173 778 204 Pizo
803 171 994 205 Mitomz.
1624 174 1712 219 349

52 248 132 292 mi:
163 263 249 293 non
268 251 382 293 male
403 249 633 308 aliquando
655 251 708 292 de
730 265 797 294 me
818 251 974 303 meriti,
1006 250 1082 292 sed
1105 263 1271 315 semper
1292 250 1468 310 optime.
1530 251 1639 294 Nul-

54 307 142 349 lum
174 324 374 367 unquam,
403 309 589 365 judices,
621 309 724 349 mihi
759 317 927 350 tantum
960 309 1149 350 dolorem
1177 309 1372 351 sinuretis
1402 310 1518 362 (etsi,
1541 311 1639 366 quis

54 372 198 422 potest
219 382 312 408 esse
347 374 492 407 tantus
509 366 539 417 ?)
571 365 645 406 sed
680 381 731 407 ne
764 366 881 407 hunc
916 366 1089 422 quidem
1122 366 1275 422 ipsum,
1313 375 1359 408 ut
1395 367 1640 418 obliviscar,

56 423 205 478 quanti
240 439 306 465 rne
338 438 506 479 semper
539 422 745 465 feceritis:
779 439 873 479 qnae
908 423 943 464 si
976 439 1051 464 vos
1085 424 1200 480 cepit
1237 424 1413 472 oblivio,
1447 431 1521 466 aut
1541 424 1574 464 si
1599 424 1638 464 in
1660 422 1714 463 80

57 493 125 520 me
166 480 328 536 aliquid
365 479 627 532 oll'endistis3
670 495 742 522 cur
774 496 859 521 non
897 480 939 521 id
975 488 1095 521 ssmeo
1137 481 1276 536 capite
1312 481 1455 537 potius
1497 482 1642 529 luitur,

59 535 189 592 quam
216 537 417 578 Milonis?
498 537 705 579 l'rwclarc¹
740 538 853 579 enim
883 537 1046 589 vixero,
1085 537 1119 577 si
1154 537 1258 593 quid
1293 538 1396 578 mihi
1436 538 1645 580 acciderit

60 592 192 648 prius,
225 593 356 650 qu31m
389 595 472 635 hoc
506 602 671 635 tantum
702 595 800 635 mali
831 594 993 635 videro.
1053 593 1181 634 Nunc
1214 608 1279 635 me
1299 608 1383 635 una
1404 594 1644 636 consolatio

59 658 289 702 sustentat,
330 651 448 708 quod
487 651 579 702 tibi,
619 651 667 692 T.
706 651 836 699 Anni,
885 652 1049 691 nullum
1092 649 1117 690 ἓι
1158 665 1225 691 me
1266 651 1438 703 amoris,
1480 651 1646 692 nullum

62 706 210 758 studii,
233 709 398 749 nullum
417 708 602 764 pietatis,
621 707 807 750 officium
826 707 976 748 defuit.
1029 705 1123 761 Ego
1139 706 1388 748 inimicitias
1405 708 1646 764 potentium
1665 705 1719 746 85

63 777 140 820 pro
171 772 213 807 te
245 765 454 822 appetivi:
497 780 576 819 ego
608 780 749 806 meum
782 762 894 820 saepe
927 778 1081 819 corpus
1119 770 1162 804 et
1191 764 1319 805 vitam
1349 764 1490 821 objeci
1518 764 1646 806 armis

65 821 334 863 inimicorum
377 830 570 863 tuorum:
623 836 703 878 ego
750 835 816 861 me
863 820 1055 876 plurimis
1095 835 1171 876 pro
1213 828 1253 862 te
1295 822 1536 878 supplicem
1576 822 1648 863 ab-

57 878 169 933 jeci:
202 879 330 929 bona,
363 878 555 919 fortunas
591 893 708 919 meas
742 893 793 918 ac
825 877 1053 918 liberorum
1089 892 1279 919 meorum
1311 879 1353 919 in
1385 879 1649 920 communio-

64 949 162 976 nem
183 941 352 976 tuorum
373 941 614 990 temporum
636 934 821 977 contuli:
854 935 938 976 hoc
960 934 1144 990 denique
1169 934 1260 991 ipso
1284 936 1370 987 die,
1402 935 1437 976 si
1470 950 1553 992 qua
1584 935 1649 977 vis

68 1001 133 1033 est
169 1000 329 1049 parata,
361 992 393 1034 si
417 1008 501 1049 qua
523 992 742 1034 dimicatio
772 992 926 1048 capitis
958 991 1112 1042 futura,
1145 991 1349 1049 deposco,
1429 992 1543 1042 Quid
1558 993 1649 1049 jam
1666 990 1722 1032 90

64 1048 225 1090 restat?
257 1049 360 1105 quid
389 1049 528 1091 habeo
551 1049 667 1106 quod
690 1049 845 1097 dicam,
868 1048 984 1104 quod
1007 1048 1178 1100 faciam,
1209 1064 1283 1106 pro
1306 1049 1388 1090 tuis
1412 1049 1454 1090 in
1477 1065 1542 1091 me
1566 1064 1650 1091 me-

69 1105 174 1154 ritis,
196 1105 279 1146 nisi
309 1114 354 1148 ut
379 1121 472 1148 eam
501 1106 729 1156 fortunam,
761 1121 1041 1162 qurecumque
1073 1106 1150 1146 erit
1181 1113 1268 1158 tua,
1301 1107 1455 1148 ducam
1487 1107 1649 1148 meam?

71 1162 169 1203 Non
191 1178 356 1213 recuso,
388 1178 473 1204 non
495 1165 658 1205 abnuo:
691 1178 853 1219 vosque
873 1163 1066 1214 obsecro,
1082 1163 1269 1218 judices,
1293 1171 1339 1205 ut
1360 1170 1500 1205 vestra
1523 1164 1651 1205 bene-

68 1219 182 1271 ficia,
213 1235 308 1277 quae
327 1221 370 1261 in
393 1235 458 1261 me
480 1220 736 1271 contulistis,
766 1227 839 1261 aut
860 1219 903 1260 in
933 1219 1059 1275 hujus
1090 1221 1227 1261 salute
1257 1220 1466 1276 augeatis,
1501 1230 1574 1262 ant
1606 1220 1649 1261 in

70 1277 264 1332 ejusdem
286 1277 427 1318 exitio
447 1292 654 1319 occasura
677 1292 769 1317 esse
790 1275 989 1317 videatis.
1042 1275 1122 1318 His
1139 1277 1336 1332 lacrymis
1354 1293 1440 1320 non
1457 1285 1651 1319 movetur
1667 1276 1723 1318 95

72 1332 204 1375 Milo:
237 1340 305 1375 est
326 1333 514 1390 quodam
535 1333 775 1375 incredibili
796 1333 947 1374 robore
968 1332 1119 1374 animi:
1161 1333 1358 1376 exsilium
1380 1335 1439 1376 ibi
1463 1350 1556 1377 esse
1577 1349 1652 1391 pu-

72 1396 152 1442 tat,
170 1390 244 1433 ubi
266 1390 413 1432 virtuti
433 1406 519 1432 non
542 1391 598 1432 sit
618 1391 759 1432 locus:
792 1396 972 1432 mortem
993 1396 1153 1432 naturoe
1174 1391 1303 1433 finem
1325 1407 1434 1443 esse,
1457 1407 1542 1434 non
1560 1407 1653 1449 poe-

73 1461 188 1489 nam.
249 1448 316 1488 Sit
345 1447 416 1490 hic
445 1448 497 1490 eit
529 1454 686 1499 mente,
718 1447 805 1504 quii
836 1454 961 1489 natus
983 1454 1068 1488 est:
1101 1447 1230 1504 quid?
1261 1450 1535 1505 vosjudices‚
1567 1464 1652 1506 quo

72 1505 248 1546 tandem
283 1503 428 1547 animo
460 1505 603 1546 eritis?
635 1504 883 1546 memoriam
915 1503 1096 1545 Milonis
1128 1504 1383 1555 retinebitis,
1415 1506 1555 1562 ipsum
1580 1506 1652 1563 eji-

75 1560 224 1602 cietis?
256 1567 299 1603 et
320 1561 402 1602 erit
428 1561 600 1618 dignior
625 1561 746 1603 locus
768 1561 811 1602 in
831 1561 952 1603 terris
974 1561 1101 1612 ullus,
1134 1562 1206 1618 qui
1229 1562 1341 1604 hanc
1360 1562 1559 1604 virtutem
1581 1578 1652 1605 ex·
1674 1561 1755 1604 lOO

76 1617 221 1674 cipiat‚
245 1617 375 1674 quiim
396 1618 482 1670 hic,
505 1619 576 1674 qui
599 1618 861 1674 procreavit?
899 1618 1005 1668 Vos,
1029 1632 1103 1659 vos
1121 1619 1304 1674 appello,
1322 1620 1542 1661 fortissimi
1561 1620 1652 1670 viri,

74 1674 147 1731 qui
168 1676 446 1731 multum-pro
468 1675 687 1731 republica
709 1675 961 1732 sanguinem
990 1675 1221 1716 effudistis!
1254 1690 1329 1717 vos
1356 1677 1398 1718 in
1427 1677 1504 1717 viri
1537 1684 1579 1718 et
1609 1677 1653 1718 in

77 1731 185 1773 civis
207 1731 357 1773 invicti
378 1732 547 1789 appello
569 1732 776 1788 periculo,
809 1732 1096 1783 centuriones,
1127 1747 1305 1790 vosque,
1325 1733 1499 1776 milites!
1532 1734 1652 1775 vobis

75 1802 161 1830 non
183 1788 312 1830 modo
336 1789 693 1845 inspectantibils,
725 1789 801 1831 sed
823 1789 951 1831 etiam
972 1791 1160 1840 armatiS,
1183 1798 1226 1831 et
1246 1790 1525 1846 huicjudicio
1547 1806 1654 1847 prae-

74 1845 330 1898 sidentibus,
361 1846 453 1887 haec
485 1852 606 1888 tanta
632 1846 764 1888 virtus
790 1861 842 1887 ex
869 1846 953 1888 hirc
982 1846 1082 1888 urbe
1111 1847 1369 1904 expelletur?
1400 1848 1654 1890 extermina·
1678 1847 1755 1890 105

70 1902 214 1944 bitur?
246 1903 520 1960 projicietur?
601 1902 640 1945 Ο
673 1918 740 1945 me
772 1903 990 1945 miserum!
1032 1917 1057 1944 o
1088 1918 1155 1945 me
1187 1904 1422 1946 infelicem!
1455 1919 1653 1948 revocare

78 1966 125 2000 tu
147 1974 215 2000 me
237 1960 279 2000 in
302 1960 497 2016 patriam,
521 1960 648 2012 Milo,
669 1960 849 2016 potuisti
867 1975 940 2017 per
958 1960 1057 2008 hos3
1089 1975 1170 2015 ego
1192 1968 1234 2002 te
1252 1961 1293 2002 in
1312 1960 1449 2017 patrii).
1469 1977 1543 2018 per
1561 1977 1656 2004 eos-

81 2017 180 2058 dem
195 2016 374 2058 retinere
389 2032 472 2058 non
492 2018 665 2073 potero?
698 2017 812 2064 Quid
833 2017 1099 2072 respondebo
1117 2018 1262 2059 liberis
1283 2018 1405 2069 meis,
1428 2020 1499 2075 qui
1519 2027 1559 2060 te
1582 2034 1657 2076 pa-

83 2081 245 2115 rentem
263 2074 443 2114 alterum
461 2074 637 2129 putant?
661 2074 761 2130 quid
775 2073 868 2124 tibi,
881 2074 1083 2124 Q.frater,
1093 2075 1164 2130 qui
1180 2090 1295 2116 nunc
1309 2076 1426 2126 abes,
1441 2075 1656 2117 hconsorti

83 2143 252 2172 mecum
267 2137 504 2187 temporum
519 2130 708 2171 illorum?
739 2145 805 2171 me
824 2145 907 2171 non
928 2130 1118 2186 potuisse
1143 2131 1322 2172 Milonis
1344 2133 1526 2174 salutem
1548 2131 1656 2174 tueri
1679 2131 1761 2175 110

84 2202 160 2244 per
180 2187 370 2238 eosdem,
400 2202 472 2243 per
492 2201 600 2243 quos
622 2194 810 2229 nostram
834 2186 902 2228 ille
920 2187 1160 2228 servasset?
1193 2195 1237 2229 at
1257 2188 1298 2228 in
1319 2188 1405 2244 quit
1422 2189 1552 2231 causa
1571 2191 1658 2231 nOn

84 2239 300 2301 potuisse?
319 2259 415 2300 quae
432 2252 498 2284 est
511 2251 631 2300 grata
645 2244 866 2300 gentibus:
896 2243 921 2284 {t
934 2244 1092 2300 quibus
1108 2259 1192 2285 non
1210 2245 1425 2301 potuisse?
1446 2247 1499 2288 ab
1514 2246 1566 2288 iis
1583 2246 1658 2302 qui

87 2301 273 2343 maxime
295 2301 346 2342 P.
368 2301 508 2342 Clodii
530 2308 665 2342 morte
688 2301 963 2357 nequierunt:
985 2315 1070 2357 quo
1089 2301 1369 2357 deprecante?
1390 2318 1469 2345 me.
1511 2304 1659 2352 Quod-

87 2372 186 2400 nam
207 2373 288 2415 ego
318 2358 499 2414 concepi
528 2364 695 2399 tantum
725 2358 877 2409 scelus,
910 2365 984 2399 aut
1014 2358 1132 2414 quod
1154 2358 1198 2398 in
1220 2373 1285 2400 me
1308 2366 1475 2402 tantum
1495 2360 1659 2402 facinus

211 2457 440 2514 ‘infin-etis.
573 2462 687 2501 ‘meri
704 2465 849 2502 morte.
981 2459 1113 2501 ”socio
1134 2474 1240 2502 meae
1259 2463 1531 2503 calamitatis.

114 2572 199 2643 5⁸81..
214 2569 410 2620 Offendistis]
434 2571 473 2601 Id
485 2577 544 2611 est,
561 2571 852 2614 aliquidinvenistis
941 2571 993 2602 86.
1017 2572 1141 2613 Armis]
1188 2572 1297 2603 Cicero
1323 2584 1444 2615 semper
1470 2572 1572 2603 adfuit
1595 2571 1662 2602 Mi-

93 2624 110 2644 0
138 2624 279 2644 L'llblOsslS.

898 2614 959 2644 loni
987 2615 1017 2644 in
1051 2617 1202 2655 petitione
1229 2616 1415 2652 consulatus,
1443 2616 1515 2646 licet
1548 2614 1660 2656 saepii'is

138 2658 190 2687 85.
225 2656 397 2688 Inimicitias
418 2659 608 2700 potentium]
668 2658 768 2688 Tanta
795 2657 854 2688 fuit
898 2657 917 2686 εὶ
933 2657 1045 2688 Clodio
1061 2660 1151 2688 armis
1164 2660 1255 2689 fuerit
1270 2660 1349 2689 Milo
1365 2659 1532 2700 appetitus.

94 2698 252 2730 Ciceronis
280 2701 311 2730 in
339 2701 491 2732 Milonem
518 2702 664 2737 amicitia,
691 2707 723 2731 ut
748 2711 851 2741 neque
940 2702 993 2731 89.
1019 2699 1213 2743 Temporum.]
1262 2702 1371 2732 Cicero
1387 2702 1553 2742 significat,
1576 2711 1661 2731 corn-

95 2742 251 2778 Clodiani,
267 2753 368 2784 neque
380 2744 775 2786 Pompeius,quiinscnsus
789 2748 855 2774 erat
898 2743 1054 2774 municare
1081 2755 1186 2775 secum
1212 2756 1319 2778 omues
1342 2755 1411 2777 suan
1437 2744 1573 2777 fortunas
1597 2744 1661 2774 Mi-

96 2785 222 2821 Miloni,
259 2786 412 2817 deterrere
450 2797 521 2817 eum
556 2788 691 2828 potuerit
725 2787 764 2820 ab
795 2787 855 2820 hinc
899 2785 1003 2818 ionem
1020 2787 1166 2821 voluisse.

97 2828 225 2861 Milonis
240 2829 422 2862 defensione
438 2830 646 2872 suscipienda.
