1790 3090
100 167 186 227 252
811 188 864 220 IN
887 173 1104 223 PISONEM.

182 259 365 319 populus
406 259 627 301 Romanus
659 260 899 315 universus,
930 264 1007 306 illa
1038 263 1081 304 in
1113 263 1336 317 concione,
1368 278 1455 306 non
1483 263 1610 307 unius
1641 262 1726 310 diei

102 354 115 357 ,
137 355 154 357 Ἥ
176 317 525 372 gratulationem,
539 317 613 357 sed
635 320 915 362 aeternitatem
937 321 1386 378 immortalitatemque
1408 321 1597 374 donavit,
1629 323 1726 366 'cum

99 372 153 413 45
175 385 315 414 meum
337 373 637 428 jusjurandum
658 375 742 415 tale
765 382 892 431 atque
920 383 1098 426 tantum,
1125 377 1294 432 juratus
1316 380 1422 434 ipse,
1453 378 1540 419 una
1556 393 1660 420 voce
1682 387 1726 421 et

173 444 389 471 consensu
420 429 686 485 approbavit.
747 431 843 478 Quo
882 433 1056 488 quidem
1088 439 1275 489 tempore
1317 434 1353 475 is
1399 449 1518 476 meus
1549 434 1724 476 domum

171 485 252 526 fuit
272 484 295 526 ὲ
311 485 403 526 foro
425 485 600 535 reditus,
618 492 666 527 ut
687 501 827 538 nemo,
859 489 942 529 nisi
965 489 1037 545 qui
1059 504 1228 530 mecum
1249 496 1376 541 esset,
1392 491 1549 532 civium
1571 506 1664 532 esse
1679 491 1722 532 in

169 555 344 583 numero
373 541 600 584 videretur.
662 543 806 598 Atque
827 544 888 585 ita
922 553 988 586 est
1016 547 1040 585 a
1071 560 1138 587 me
1161 547 1409 588 consulatus
1430 554 1643 603 peractus,
1675 554 1722 589 ut

166 597 272 638 nihil
293 597 386 639 sine
409 598 590 639 consilio
612 601 801 651 senatus,
833 600 938 641 nihil
958 616 1044 643 non
1065 603 1329 658 approbante
1345 605 1505 659 populo
1524 603 1720 645 Romano

92 657 148 697 50
167 654 346 710 egerim:
368 661 416 695 ut
437 669 603 710 semper
618 656 662 696 in
680 656 847 698 Rostris
863 658 1035 706 curiam,
1056 658 1100 698 in
1115 665 1266 700 senatu
1287 660 1722 715 populum,defende-

166 710 264 762 rim3
295 717 343 752 ut
363 711 682 754 multitudinem
704 728 801 754 cuni
837 714 1117 771 principibus,
1149 723 1390 772 equestrem
1407 716 1600 757 ordinem
1622 731 1720 758 cum

165 774 330 819 senatu,
364 769 675 824 conjunxerim.

221 824 304 865 III.
336 824 528 880 Exposui
548 826 732 867 breviter
763 828 1033 869 consulatum
1067 843 1223 870 meum.
1282 829 1408 871 Aude
1429 843 1557 881 nunc,
1589 844 1614 871 o
1636 828 1720 870 Fu-

162 880 243 922 ria!
276 881 329 921 de
363 891 437 921 tuo
477 880 641 932 dicere3
673 883 794 937 cujus
836 883 918 925 fuit
953 885 1122 926 initium
1163 886 1254 926 ludi
1286 885 1596 941 Compitalicii,
1626 892 1717 927 turn

160 936 345 991 primum
364 936 468 977 faeti
489 944 587 992 post
610 937 655 978 L.
679 938 902 980 Metellum
926 947 969 981 et
988 941 1042 988 Q.
1066 942 1278 983 Marcium
1300 941 1426 983 Coss.
1450 949 1599 983 contra
1619 956 1718 982 auc-

161 993 376 1034 toritatem
406 993 533 1048 hujus
566 993 751 1041 ordinis;
788 1010 895 1049 quos
919 996 970 1043 Q.
996 997 1201 1038 Metellus
1236 999 1366 1053 (facio
1398 998 1597 1053 injuriam
1630 998 1716 1038 for-

114 1053 140 1091 5
160 1048 327 1090 tissimo
358 1048 448 1089 viro
481 1056 666 1100 mortuo,
697 1050 769 1105 qui
805 1051 941 1102 illurn,
975 1053 1098 1107 cujus
1120 1068 1280 1109 paucos
1303 1069 1427 1108 pares
1448 1055 1542 1094 haec
1563 1053 1714 1095 civitas

159 1106 273 1157 tulit,
305 1120 404 1147 cum
423 1104 508 1146 hac
545 1105 790 1162 importuna
823 1107 967 1148 bellust
989 1108 1225 1160 conferam)
1248 1111 1324 1149 sed
1344 1109 1431 1159 ille,
1463 1108 1714 1163 designatus

159 1163 325 1214 consul,
357 1161 454 1203 cum
475 1161 649 1218 quidam
669 1163 865 1204 tribunus
887 1163 1026 1220 plebis
1049 1179 1126 1205 suo
1149 1164 1308 1205 auxilio
1329 1164 1558 1220 magistros
1588 1165 1714 1217 ludos}

157 1225 307 1260 contra
343 1218 779 1260 senatus-consultum
809 1219 949 1262 facere
973 1220 1193 1276 jussisset,
1224 1221 1413 1277 privatus
1433 1220 1523 1262 fieri
1551 1220 1713 1276 vetuit;

157 1279 288 1331 atque
310 1275 368 1327 id,
400 1275 519 1331 quod
549 1276 742 1317 nondum
771 1282 985 1332 potestate
1017 1283 1207 1333 poterat,
1231 1277 1418 1319 obtinuit
1444 1277 1714 1319 auctoritate.

86 1333 138 1376 10
156 1330 235 1384 Tu,
285 1331 383 1373 cum
422 1332 466 1372 in
501 1331 587 1373 ΙΙΙ.
619 1332 712 1373 Cal.
754 1332 850 1374 Jan.
883 1333 1281 1389 Compitaliciorum
1323 1334 1415 1375 dies
1444 1333 1715 1383 incidissent,

157 1387 257 1430 Sex.
307 1387 523 1440 Clodium,
554 1388 628 1445 qui
666 1403 888 1445 nunquam
922 1389 1051 1431 antea
1081 1396 1359 1446 praetextatus
1389 1389 1555 1442 fuisset,
1585 1390 1712 1431 ludos

154 1445 310 1497 facere,
341 1451 385 1487 et
414 1451 714 1501 praetextatum
753 1446 932 1487 volitare
955 1461 1107 1502 passus
1143 1462 1204 1497 es,
1234 1447 1452 1488 hominem
1486 1446 1713 1502 impurum,

155 1507 286 1559 atque
328 1516 417 1544 non
464 1500 592 1544 modo
641 1500 768 1555 facie,
818 1503 894 1544 sed
939 1502 1069 1545 etiam
1114 1504 1240 1545 oculo
1290 1510 1363 1544 tuo
1395 1502 1714 1559 dignissimum.

197 1692 251 1725 45.
273 1692 401 1726 Juratus
423 1696 508 1737 ipsa]
553 1695 675 1727 Audito
692 1695 913 1736 Ciceronisju-

154 1740 305 1774 ramento,
328 1748 390 1779 quo
418 1749 450 1769 se
471 1739 556 1779 leges
580 1744 611 1769 et
634 1739 793 1778 Rerupub.
810 1749 914 1769 serva-

154 1780 234 1810 visse
263 1782 446 1818 testabatur,
470 1782 605 1822 populus
633 1782 768 1811 vicissim
791 1781 909 1822 juravit

154 1821 199 1852 ita
214 1825 294 1860 esse,
319 1829 351 1854 et
375 1824 458 1854 illius
475 1824 570 1866 opera
586 1829 799 1855 conservatam
814 1825 910 1855 fuisse

153 1863 313 1906 Rempub.

196 1909 249 1939 47.
275 1907 378 1949 Eforo
392 1909 530 1949 reditus]
548 1909 652 1950 Saepe,
664 1909 788 1939 honoris
803 1909 909 1949 causa,

152 1950 233 1981 viros
249 1951 405 1992 principes
416 1957 448 1982 et
459 1952 538 1982 bene
552 1954 676 1982 meritos
686 1953 726 1982 de
737 1952 910 1992 republica,

151 1993 285 2034 populus
301 1995 466 2025 redeuntes
483 1994 499 2025 ἐ
515 1995 580 2024 soro
594 1995 643 2024 vel
658 2001 766 2025 senatu
783 1995 908 2025 domum

152 2036 344 2072 deducebat,
381 2042 414 2067 et
442 2037 668 2074 comitabatur,·
706 2038 791 2078 quod
830 2048 909 2078 prae-

152 2078 243 2120 cipue
268 2079 411 2110 Ciceroni
441 2080 584 2120 contigit,
621 2079 691 2111 cum
732 2079 909 2119 conjuratos

147 2121 240 2161 jussit
259 2122 290 2151 in
306 2132 428 2153 carcere
444 2123 601 2154 trucidari.
648 2123 732 2153 Vide
749 2122 909 2153 Plutarch.

152 2165 184 2194 in
200 2164 263 2194 vita
276 2164 344 2195 Cic.

196 2208 248 2237 48.
272 2208 368 2247 Atque
382 2209 425 2238 ita
448 2208 514 2249 est.]
560 2208 693 2239 Brevem
715 2209 804 2250 quasi
829 2208 908 2249 gesti

153 2249 199 2280 sui
215 2250 388 2281 consulatfis
415 2251 574 2292 epilogum
599 2251 735 2292 subjicit,
760 2252 799 2282 ad
817 2251 908 2282 aliam

152 2299 271 2333 partem
288 2293 478 2325 transiturus.

197 2339 227 2365 1.
251 2336 334 2365 Aude
356 2336 462 2377 uuna]
507 2335 579 2366 Jam
595 2337 773 2377 aggreditur
798 2337 836 2368 de
853 2337 908 2367 Pi-

154 2378 236 2408 sonis
259 2378 420 2409 consulatu
448 2378 562 2414 dicere,
585 2383 671 2418 cujus
684 2380 903 2420 indignitatem

153 2421 290 2451 ostendit
312 2421 343 2451 in
358 2422 439 2451 hunc
456 2422 599 2452 modum:
625 2423 761 2462 pertinet
774 2423 813 2452 ad
830 2433 905 2452 con-

155 2463 250 2494 sulem
293 2463 575 2494 senatus-consulta
605 2464 704 2502 tueri;
741 2470 772 2494 at
797 2465 904 2494 contra.

153 2504 227 2536 Piso
242 2506 332 2536 ludos
348 2505 425 2542 fieri,
437 2505 521 2546 leges
536 2507 680 2542 convelli,
703 2511 735 2536 et
748 2507 809 2537 alia
822 2507 904 2547 ejus-

152 2548 250 2585 modi,
264 2559 370 2589 passus
386 2553 448 2579 est:
467 2549 628 2585 Metellus,
642 2549 822 2589 designatus
832 2560 908 2579 con-

154 2591 213 2627 sul,
234 2591 367 2621 obtinuit
381 2602 420 2621 ne
436 2591 502 2621 ludi
523 2596 735 2631 spectarentur
749 2604 758 2622 z
788 2592 906 2629 contra,

153 2633 228 2664 Piso
243 2634 351 2664 consul
361 2634 446 2669 fecit,
463 2633 522 2665 &c.

197 2680 226 2708 2.
252 2676 334 2708 Ludi
350 2676 567 2717 Compitalicii.]
598 2676 679 2707 Ludi
696 2677 906 2718 Compitalicii

152 2718 228 2750 dicti
249 2725 319 2750 sunt
334 2719 353 2749 a
375 2720 530 2759 compitis,
556 2719 608 2749 ubi
622 2720 653 2750 in
668 2720 791 2762 Larium
807 2722 905 2751 hono-

151 2773 215 2793 rem
232 2762 476 2793 celebrabantur.
523 2762 637 2792 Nullus
659 2763 703 2792 eis
720 2764 787 2793 dies
802 2769 903 2794 certus

151 2805 321 2847 praefinitus
343 2810 427 2838 erat:
452 2805 506 2837 sed
530 2815 592 2837 non
616 2805 707 2847 longe
722 2806 742 2837 ἃ
757 2807 888 2838 Saturna

956 1696 1035 1727 libus
1065 1695 1160 1726 fuisse
1187 1696 1371 1732 celebratos,
1394 1695 1568 1735 Dionysius
1596 1695 1651 1726 lib.
1678 1697 1712 1726 4.

956 1743 1096 1780 testatur.
1139 1738 1184 1769 Hi
1209 1738 1342 1779 primum
1369 1738 1388 1768 a
1418 1738 1522 1769 Servio
1537 1737 1642 1769 Tullio
1664 1738 1713 1768 in-

955 1782 1053 1812 stituti
1070 1786 1162 1820 sunt3
1185 1783 1254 1819 sed,
1277 1781 1405 1812 sublatis
1431 1781 1583 1821 collegiis,
1606 1780 1714 1812 aboliti

956 1830 1037 1855 sunt.

998 1868 1029 1897 3.
1053 1865 1092 1899 L.
1119 1866 1280 1902 Metellum,
1306 1873 1333 1897 et
1350 1867 1386 1901 Q.
1404 1867 1579 1907 Marcium]
1625 1866 1710 1898 Con-

956 1909 1036 1940 sules
1049 1910 1172 1940 fuerant
1186 1921 1297 1940 novem
1313 1910 1424 1941 abhinc
1440 1910 1538 1940 annis.

997 1954 1029 1984 7.
1071 1952 1197 1986 Quidam
1227 1953 1388 1993 tribunus]
1433 1951 1621 1988 Herennius,
1658 1952 1710 1982 vel

953 1995 1137 2027 Illummius.

996 2037 1046 2067 Ib.
1069 2037 1230 2078 Magistros
1241 2037 1349 2078 ludos]
1393 2037 1491 2067 Multi
1502 2036 1578 2067 editi
1593 2035 1709 2066 habent

951 2091 1086 2121 magnos:
1110 2082 1165 2111 sed
1192 2079 1320 2119 inepte3
1361 2089 1433 2110 nam
1462 2090 1526 2110 non
1555 2080 1596 2109 de
1624 2079 1706 2109 ludis

952 2124 1085 2163 magnis,
1108 2124 1163 2153 sed
1182 2122 1406 2162 Compitaliciis
1431 2121 1483 2153 hic
1509 2122 1625 2162 agitur;
1650 2131 1706 2162 per

952 2167 1103 2206 magistros
1129 2165 1275 2204 intelligit
1316 2166 1444 2195 vicorum
1467 2170 1630 2206 magistros,
1653 2165 1708 2205 qui

952 2208 1042 2238 ludos
1070 2208 1302 2248 Compitalicios
1327 2208 1430 2238 facere
1459 2208 1602 2238 solebant
1627 2217 1705 2248 prae-

952 2251 1072 2287 textati,
1095 2256 1130 2281 ut
1144 2262 1182 2281 ex
1194 2251 1316 2281 Asconio
1329 2250 1440 2291 liquet.

995 2297 1028 2325 8.
1039 2294 1205 2334 Privatus]
1251 2293 1441 2334 Designatus
1457 2293 1585 2334 quidem
1598 2292 1706 2323 consul

951 2342 1027 2373 erat,
1049 2338 1105 2367 sed
1121 2343 1193 2367 tunc
1209 2334 1327 2366 tantum
1347 2336 1493 2375 privatus.

993 2382 1022 2410 9.
1048 2379 1192 2410 Potestace
1214 2378 1355 2419 poterat]
1405 2378 1548 2409 Potestas
1577 2377 1705 2418 respicit

948 2423 1170 2463 magistratum,
1195 2429 1227 2452 et
1241 2421 1404 2453 auctoritas
1420 2431 1593 2460 personam.

992 2469 1044 2495 10.
1069 2465 1134 2497 Cal.
1162 2465 1233 2495 Jan.
1264 2465 1323 2494 dies
1350 2462 1544 2503 incidissent]
1590 2462 1704 2493 Paucis

949 2507 1060 2537 diebus
1069 2513 1140 2547 post
1149 2507 1333 2542 Saturnalia,
1343 2517 1412 2547 quae
1419 2505 1587 2536 Decembri
1599 2515 1704 2540 mense

949 2550 1195 2586 celebrabantur,
1206 2550 1365 2580 incidebat
1375 2549 1433 2579 iste
1443 2549 1510 2579 dies
1520 2547 1704 2588 Compitali-

947 2592 1076 2623 ciorum.
1121 2592 1348 2632 Compitalibus
1377 2589 1449 2621 vero
1475 2590 1598 2632 publice
1623 2590 1704 2620 servi

947 2635 1175 2671 auctoritatem,
1198 2641 1230 2665 et
1246 2633 1458 2665 Saturnalibus
1470 2633 1555 2663 dorni
1568 2633 1702 2664 auetori-

950 2684 1059 2714 tatem,
1083 2678 1252 2707 habebant.

992 2723 1044 2752 11.
1068 2719 1289 2760 Praetextatus]
1335 2719 1497 2750 Praetextae
1512 2717 1632 2749 tantum
1647 2718 1701 2759 jus

947 2763 1085 2796 habuere
1098 2764 1304 2805 magistratus,
1328 2767 1360 2794 et
1375 2762 1429 2805 qui
1443 2761 1524 2794 ludis
1538 2767 1703 2805 praeerant.
