1858 3095
715 197 767 234 m
790 198 1050 235 CATILINAM
1073 200 1102 235 1.

121 288 388 320 commovere
418 281 461 320 te
490 280 639 320 contra
669 277 978 334 rempublicam
1008 277 1175 334 possis;
1214 277 1446 321 multorum
1475 283 1518 321 te
1549 279 1681 329 etiam

121 335 235 376 oculi
257 342 300 377 et
320 349 456 387 aures,
477 349 564 376 non
584 334 600 358 ‘¹
614 335 886 385 sentientem,
909 335 1023 378 sicut
1053 335 1195 377 adhuc
1228 336 1433 387 fecerunt,
1455 339 1679 392 “specula-

120 391 280 434 buntur
309 400 436 448 atque
467 391 728 433 custodient.

790 390 962 432 Etenim
998 392 1102 448 quid
1124 399 1204 444 est,
1228 392 1432 444 Catilina,
1452 393 1678 450 quodjam

119 448 300 504 amplius
317 454 558 503 exspectes,
575 447 610 490 si
624 463 763 504 neque
777 462 862 489 nox
879 449 1066 490 tenebris
1080 449 1308 490 obscurare
1325 456 1464 490 coetus
1479 449 1677 502 nefarios,
1694 450 1750 492 20

118 519 199 546 nec
220 505 385 562 privata
408 505 561 546 domus
599 505 828 560 parietibus
857 505 1078 547 continere
1099 520 1229 548 voces
1260 506 1570 562 conjurationis
1590 513 1678 553 tuae

119 561 287 618 potest?
324 561 360 602 si
396 560 697 614 ‘illustrantun
723 562 758 602 si
782 569 1010 618 erumpunt
1045 563 1216 604 omnia?
1279 562 1407 604 Muta
1427 563 1519 618 jam
1550 563 1678 610 istam

117 624 323 659 mentem:
373 617 478 659 mihi
519 618 663 660 crede:
713 618 965 660 obliviscere
1010 619 1140 660 caedis
1186 625 1318 674 atque
1363 619 1677 662 incendiorum.

116 673 290 721 Teneris
319 675 536 731 undique:
582 676 677 716 luce
705 682 805 716 sunt
834 675 1015 717 clariora
1044 676 1169 716 nobis
1201 682 1276 719 tua
1300 675 1483 724 consilia
1514 677 1675 729 omnia,

114 745 211 839 ἓιιω,
239 731 371 773 etiam
401 746 571 774 mecum
601 732 704 773 licet
739 745 1039 787 recognoscas.

146 787 231 830 iem
269 802 361 831 ΧΗ.
392 789 578 831 Kalend.
608 787 820 830 Novemb.
865 788 1008 830 dicere
1038 788 1082 830 in
1127 795 1294 840 senatu,
1324 795 1441 830 certo
1487 789 1556 831 die
1587 790 1677 833 fore

112 842 159 893 in
188 844 318 893 armis
348 846 441 902 (qui
472 846 564 887 dies
595 844 761 886 futurus
793 851 910 887 esset
939 852 1037 887 ante
1076 845 1191 887 diem
1223 859 1331 886 v111.
1362 845 1462 887 Kal.
1492 845 1678 890 Novem-

111 899 233 953 bris),
265 901 315 944 C.
333 901 560 954 Manlium,
590 901 784 944 audaciae
812 901 1042 944 satellitem
1072 908 1203 958 atque
1233 901 1532 950 administrum
1561 905 1678 947 tuae‘?

113 957 230 1000 Num
256 973 323 1000 me
351 959 520 1010 fefellit,
551 958 754 1010 Catilina,
776 973 864 1000 non
896 958 1026 1000 modo
1056 974 1122 1001 res
1143 965 1276 1009 tanta,
1304 965 1393 1000 tam
1428 966 1565 1013 atrox,
1586 968 1676 1005 tam

111 1014 393 1068 incredibilis,
415 1016 559 1058 verum
579 1016 658 1072 (id,
679 1016 797 1071 quod
817 1016 954 1057 multo
976 1016 1114 1073 magis
1136 1023 1203 1058 est
1220 1015 1537 1069 admirandum)
1558 1018 1674 1064 dies?
1692 1017 1750 1059 30

111 1070 217 1122 Dixi
247 1087 329 1129 ego
360 1073 476 1115 idem
506 1073 550 1114 in
582 1080 753 1124 senatu,
781 1073 947 1114 caedem
975 1080 1020 1115 te
1050 1073 1307 1130 optimatum
1337 1075 1603 1117 gcontulisse
1630 1075 1676 1122 in

111 1134 212 1170 ante
242 1129 359 1171 diem
377 1145 418 1172 v.
438 1130 536 1172 Kal.
559 1127 829 1179 Novembris,
851 1137 956 1182 tum,
985 1130 1083 1172 cum
1112 1130 1234 1172 multi
1270 1130 1486 1187 principes
1527 1131 1677 1176 civita·

109 1184 166 1233 tis
187 1184 342 1237 Roma,
363 1201 449 1230 non
478 1193 567 1230 tam
601 1187 667 1228 sui
702 1187 1000 1238 conservandi,
1026 1186 1158 1243 quam
1189 1193 1361 1234 tuorum
1396 1187 1676 1231 consiliorum

108 1242 472 1298 reprimendorum
493 1243 639 1295 causa,
658 1243 954 1300 profugerunt.
1014 1244 1130 1286 Num
1151 1243 1332 1286 inficiari
1359 1251 1496 1301 potes,
1520 1251 1578 1297 te,
1599 1245 1674 1289 illo

109 1298 206 1355 ipso
222 1299 309 1356 die,
324 1301 431 1344 meis
447 1300 674 1357 praesidiiS‚
690 1300 787 1342 mea
798 1300 1025 1356 diligentia
1040 1301 1387 1352 circumclusum,
1404 1316 1673 1349 commovere
1691 1301 1747 1344 35

108 1362 152 1402 te
166 1362 317 1399 contra
331 1357 638 1414 rempublicam
653 1371 740 1398 non
755 1357 974 1412 potuisse?
1006 1357 1103 1399 cnm
1119 1364 1181 1409 tu,
1195 1357 1393 1400 discessu
1409 1365 1673 1412 caeterorum,

109 1412 255 1459 nostra
291 1419 451 1467 tamen,
478 1413 552 1467 qui
583 1413 951 1466 remansissemus,
983 1414 1101 1459 caede
1131 1419 1384 1460 contentum
1413 1422 1456 1458 te
1487 1430 1583 1458 esse
1612 1416 1674 1458 di-

107 1535 402 1593 deogitantem.
546 1545 562 1563 Ε
575 1539 870 1582 observabunt.

1014 1538 1332 1591 medai-antur,
1367 1545 1409 1583 et
1438 1542 1672 1599 patefiunt.

741 1603 757 1628 g
769 1598 1015 1639 destinasse.

150 1722 202 1752 17.
241 1721 445 1765 cmnmovere]
487 1721 682 1765 Hyberbole,
712 1720 866 1763 significat

107 1765 190 1796 enim
215 1764 384 1802 Catilinam
398 1767 444 1797 ita
464 1766 618 1798 observari
638 1766 671 1797 in
682 1764 814 1807 Repub.
831 1770 866 1795 ut

106 1808 182 1838 nibil
197 1809 306 1839 contra.
320 1810 428 1850 possit.

147 1852 201 1883 24.
228 1851 343 1883 Teneris
355 1851 510 1894 undique]
539 1851 688 1883 Declarat
700 1850 784 1893 quod
799 1861 866 1882 om-

103 1894 157 1925 nia
170 1895 299 1926 consilia
311 1896 454 1927 Catilinae
466 1895 626 1937 patefacta
640 1900 722 1925 sunt.

149 1938 203 1971 25.
224 1938 307 1970 Licet
319 1939 526 1981 recognoscas]
571 1938 638 1975 Ait,
654 1937 752 1979 quod,
767 1936 793 1968 si
804 1936 866 1978 ipsi

105 1980 122 2011 ὀ
139 1981 287 2013 memoria
310 1983 501 2019 exciderunt,
517 1992 555 2013 ea
577 1982 624 2013 illi
648 1981 753 2012 omnia.
774 1991 863 2015 revo-

104 2025 201 2055 cubit.

148 2067 199 2098 Ib.
221 2068 297 2101 Ante
308 2068 384 2099 diem
407 2077 473 2098 xn.
495 2067 581 2108 Kal]
627 2067 674 2098 Ex
702 2067 861 2098 Prisciano

104 2109 158 2140 lib.
177 2113 228 2142 18.
244 2111 366 2147 dicitur,
389 2111 525 2147 tertium,
541 2116 573 2141 et
598 2111 688 2140 tertio
713 2110 788 2141 Kal.
811 2109 861 2139 vel

107 2154 343 2185 Kalendarum:
368 2154 453 2195 quod
478 2154 518 2185 ad
544 2153 631 2183 illum
657 2153 740 2183 diern
766 2151 862 2194 perti-

105 2202 169 2233 net,
193 2195 324 2238 primum
353 2197 432 2227 scias
454 2195 486 2226 in
516 2197 599 2226 hunc
633 2196 735 2235 edicta
765 2196 861 2226 fuisse

104 2240 230 2271 comitia
252 2239 434 2271 consularia.
480 2239 555 2275 Sed,
573 2236 643 2269 cuni
671 2238 771 2278 pridie
795 2237 860 2278 ejus

102 2283 168 2314 diei
191 2283 301 2314 Cicero
328 2282 471 2314 Catilinae
504 2281 633 2312 consilia
655 2283 695 2312 ad
719 2287 860 2312 senatum

102 2325 276 2362 detulisset,
310 2326 428 2357 factum
461 2331 509 2356 est
544 2325 575 2356 S.
602 2324 639 2356 C.
663 2335 703 2355 ne
736 2329 860 2365 postero

100 2369 152 2402 die
170 2370 297 2401 comitia
318 2370 516 2405 haberentur,
530 2373 564 2399 ut
587 2367 628 2398 de
653 2367 690 2398 iis
713 2368 804 2399 rebus
827 2367 859 2397 in

103 2418 214 2449 senatu
244 2413 296 2454 agi
331 2417 447 2454 posset.
472 2411 558 2442 Nam
591 2411 678 2442 aliter
711 2410 860 2442 comitiali

101 2456 155 2488 die
182 2463 309 2487 senatus
330 2456 439 2486 haberi
467 2465 529 2486 non
562 2459 698 2496 poterat.
742 2453 860 2485 Postri-

103 2499 155 2531 die
176 2499 280 2541 igitur,
301 2499 337 2530 id
358 2504 416 2535 est,
439 2503 474 2528 ut
495 2498 539 2529 ait
572 2497 767 2534 Plutarchus,
787 2497 857 2538 ipso

103 2542 296 2574 comitiorum
331 2542 395 2579 die,
425 2541 537 2573 Cicero
562 2541 720 2582 frequenti
747 2545 858 2572 senatu

103 2584 270 2619 Catilinam
297 2585 454 2617 excitavit.
499 2584 580 2616 Tum
602 2589 727 2615 senatus
749 2584 858 2615 decre-

101 2629 147 2659 vit
168 2634 203 2659 ut
223 2629 366 2660 viderent
399 2628 553 2664 consules,
575 2638 615 2658 ne
649 2627 725 2668 quid
758 2625 854 2658 detri-

102 2672 199 2702 menti
223 2670 324 2712 Resp.
348 2677 487 2713 caperet.
529 2669 609 2702 Cum
635 2671 731 2712 igitur
756 2670 855 2702 Asco-

100 2714 169 2746 nius
182 2715 279 2754 dicat,
290 2716 376 2746 diem
389 2725 452 2756 quo
466 2716 535 2746 haec
559 2714 665 2745 habita
679 2719 727 2746 est
747 2714 856 2750 oratio,

103 2758 123 2788 i
148 2758 313 2790 commissa
337 2758 514 2790 consulibus
542 2757 671 2799 Repub.
701 2757 856 2788 duodevi-

104 2801 254 2842 gesimum
277 2801 384 2838 fuisse,
405 2801 527 2833 videbit
551 2799 690 2844 profecto
716 2801 855 2832 habitam

100 2844 195 2876 fuisse
212 2854 261 2876 vx.
275 2843 326 2876 Id.
342 2843 501 2877 Novemb.

952 1722 1006 1753 29.
1044 1720 1126 1753 Num
1147 1733 1191 1754 me
1212 1721 1353 1765 fefellit-J
1411 1721 1538 1754 Iudicat
1561 1723 1671 1755 Cicero

909 1763 1063 1802 Catilinae,
1077 1777 1109 1796 se
1127 1766 1193 1808 ejus
1215 1765 1319 1797 omnia
1342 1769 1412 1796 acta
1433 1766 1558 1798 rescire.
1603 1766 1672 1798 Re-

908 1808 997 1840 scivit
1030 1814 1145 1846 autern,
1179 1814 1258 1840 teste
1293 1808 1453 1846 Sallustio,
1481 1820 1519 1840 ex
1541 1809 1668 1848 Fulviam

909 1862 1002 1893 quam
1027 1852 1138 1883 Curius
1164 1853 1307 1893 quidam,
1330 1852 1500 1892 flagitiosus
1534 1860 1669 1890 senator,

907 1895 1127 1935 conjurationis
1162 1896 1329 1936 particeps,
1360 1896 1540 1931 adamabat,
1564 1901 1596 1926 et
1617 1897 1669 1927 cui

907 1937 1047 1978 ejusdem
1070 1938 1289 1979 conjurationis
1316 1938 1421 1969 omnia
1435 1939 1563 1970 consilia
1577 1945 1669 1980 pate-

906 1981 1033 2014 fecerat.

951 2027 1005 2056 31.
1042 2023 1081 2055 In
1100 2032 1170 2056 ante
1193 2023 1292 2064 diem]
1340 2023 1377 2054 Id
1403 2030 1461 2061 est,
1482 2024 1515 2056 in
1537 2025 1590 2056 die
1612 2026 1671 2068 qui

905 2073 987 2099 esset
1018 2073 1089 2100 ante
1113 2069 1207 2104 diem,
1231 2068 1262 2098 in
1286 2078 1380 2108 quem
1415 2068 1513 2101 dilata
1543 2069 1666 2101 fuerant

905 2111 1050 2143 comitia:
1075 2116 1180 2142 tamen
1205 2111 1248 2142 ait
1271 2111 1436 2146 Sallustius
1461 2110 1495 2143 C.
1513 2112 1666 2145 Manlium

905 2165 988 2184 arma
1017 2155 1117 2193 cepisse
1152 2165 1218 2184 cum.
1251 2154 1442 2190 multitudine
1468 2161 1536 2185 ante
1557 2161 1666 2187 sertum

905 2197 990 2228 diem.

948 2242 1001 2271 34.
1026 2238 1282 2279 Reprimndorum
1295 2238 1410 2280 causa]
1455 2238 1561 2272 Roma
1575 2241 1666 2272 multi

906 2282 1063 2323 principes
1085 2282 1216 2314 civitatis
1240 2281 1456 2318 discesserunt,
1472 2293 1513 2313 ne
1535 2283 1554 2313 -ἷι
1577 2283 1665 2315 Cati-

905 2326 971 2357 lina
993 2326 1170 2367 optimates,
1193 2331 1228 2355 ut
1252 2330 1412 2364 statuerat,
1437 2336 1508 2357 cum
1534 2327 1662 2359 consule

902 2370 1135 2401 occiderentur:
1173 2379 1211 2399 cx
1246 2368 1293 2397 liis
1332 2368 1445 2399 dicitur
1479 2368 1574 2401 fuisse
1610 2370 1662 2402 Μ.

902 2411 1042 2448 Crassus,
1057 2422 1150 2453 quem
1167 2421 1223 2452 per
1253 2411 1355 2442 literas
1379 2411 1516 2443 Catilina
1530 2423 1662 2444 monue-

902 2460 949 2486 rat
964 2461 998 2486 ut
1011 2455 1127 2486 abiret:
1153 2455 1207 2486 sed
1222 2454 1274 2485 ille
1291 2454 1393 2486 literas
1416 2456 1455 2485 ad
1476 2455 1660 2487 Ciceronem

900 2499 1023 2530 detulit.

944 2542 993 2573 Ib.
1017 2541 1075 2574 Illo
1085 2543 1144 2581 ipso
1154 2539 1227 2581 dia]
1271 2539 1310 2571 Id
1325 2544 1374 2572 est
1387 2546 1459 2573 ante
1473 2541 1556 2574 diem
1569 2542 1660 2584 quin-

901 2589 966 2616 tum
982 2585 1120 2616 Kalend.
1138 2584 1292 2615 Novemb.

940 2630 994 2659 37.
1016 2627 1283 2667 Remanstssemus]
1326 2626 1405 2658 Nam
1426 2628 1507 2664 alios,
1523 2627 1566 2657 ait
1589 2626 1657 2657 Sal-

897 2670 1017 2708 lustius,
1032 2673 1065 2702 in
1086 2672 1147 2701 alia
1170 2671 1230 2702 loca
1247 2670 1377 2701 Catilina
1398 2672 1486 2707 misit,
1501 2671 1551 2709 qui
1571 2671 1657 2702 initi-

897 2725 948 2744 um
951 2714 1107 2756 facerent:
1126 2724 1207 2754 seque
1220 2714 1260 2744 ad
1272 2716 1425 2745 exercitum
1443 2713 1656 2754 Iit-(ficturum,

898 2758 986 2797 docet,
1001 2760 1027 2791 si
1035 2757 1121 2799 prist-s
1135 2757 1297 2789 Ciceronem
1310 2757 1494 2797 oppressisset.
1653 2765 1657 2768 ⁴

1243 2883 1310 2925 12

1698 204 1755 249 85

1102 731 1431 783 Meministi-ne,
1462 747 1545 784 me,
1577 740 1675 781 ante
1693 734 1750 775 25
