1838 3017
825 159 974 192 Nomi.
1593 154 1678 202 529

116 250 190 290 eas
203 240 323 295 ipsas
338 238 533 293 perditas
548 238 874 280 candidatorum
891 236 1195 287 contentiones,
1210 245 1298 278 non
1310 237 1497 290 possent,
1514 239 1554 278 et
1571 236 1617 277 ob
1635 237 1682 279 id

118 310 261 341 mense
289 297 511 338 Januario
533 298 644 336 nulli
666 297 765 336 dune
790 309 925 347 neque
942 295 1134 334 «mnesides
1151 308 1286 347 neque
1303 298 1510 346 praetores
1526 299 1680 343 essent,

121 355 448 406 tralaereturque
463 354 552 393 dies
568 354 703 393 eodem
723 367 805 404 quo
819 351 944 391 antea
965 352 1094 398 modu,
1114 353 1215 391 dum
1237 351 1348 391 Milo
1368 351 1683 402 quamprimum

120 412 289 452 comitia
312 412 459 462 confici
478 411 610 456 vellet,
628 412 929 464 conjiceretque
945 410 1033 448 vitm
1053 409 1255 448 bonorum
1273 408 1444 455 studiis,
1461 408 1538 460 qui
1557 407 1685 449 obsis-

121 467 267 519 tebant
286 466 545 514 Clodmtum
561 469 686 506 ctiam
701 467 866 519 populi,
881 470 1055 518 propter
1069 468 1227 519 effusas
1244 465 1508 516 largitiones,
1525 464 1687 516 impen-

120 537 192 564 sas
212 537 378 576 quoque
398 523 600 563 ludorum
619 525 878 564 scenicorum
905 537 955 561 a(-
978 522 1228 573 gladiatorii
1250 522 1441 561 muneris
1462 522 1687 570 mamimus,

122 580 171 627 in
202 593 312 632 quas
332 582 416 620 tria
436 582 699 633 patrimonia
721 579 920 632 effudisse
951 593 1044 618 eum
1067 579 1212 618 Cicero
1233 579 1471 631 significan·
1495 578 1690 629 competi-

123 641 233 677 tores
256 638 346 678 cero
363 638 456 688 eJ‘us
478 638 647 677 trahere
670 638 836 683 vellent,
859 636 1030 686 ideoque
1052 633 1286 686 Pompeius
1301 647 1435 685 gener
1456 634 1689 685 Scipionis,

123 698 164 734 et
178 692 232 734 T.
243 691 482 734 Munatius
495 694 698 734 tribunus
710 693 858 746 plebis,
875 692 1025 744 referri
1039 691 1094 729 ad
1106 695 1305 730 senatum
1320 690 1371 730 de
1382 691 1582 742 patriciis
1595 703 1693 731 corb.

123 751 340 799 vocandis,
367 752 443 802 qui
469 752 719 801 interregem
748 748 992 801 proderent,
1021 761 1108 786 non
1131 751 1270 786 essent
1286 748 1421 798 passi,
1446 746 1539 786 cam
1564 748 1694 791 inter.

125 820 265 859 regem
281 807 461 859 prodere
482 808 610 846 moris
629 810 756 846 esset:
789 804 840 844 A.
863 804 901 843 d.
919 805 1014 843 aviii.
1031 803 1133 843 Kal.
1153 803 1250 843 Feb.
1274 801 1404 856 (Acta
1425 804 1538 843 enim
1553 803 1695 856 magis

126 864 359 916 sequenda,
391 867 433 903 et
463 865 602 916 *ipsam
636 863 885 909 orationem,
918 874 1018 912 quce
1039 858 1161 900 Actis
1187 861 1402 911 congruit,
1421 865 1544 912 puto,
1565 858 1695 912 quam

126 919 427 967 Fenestellam,
461 921 536 971 qui
566 933 604 958 a.
627 919 665 958 d.
687 920 771 958 (vio.
795 918 895 957 Kal.
917 918 1018 957 Feb.
1039 917 1194 969 tradit)
1218 917 1274 957 M
1275 917 1329 957 ilo
1351 914 1620 966 Lanuvium,
1643 930 1696 958 em

127 989 210 1029 quo
230 981 325 1018 erat
344 978 594 1029 municipia,
616 980 656 1016 et
676 976 733 1016 ibi
754 980 847 1016 tum
868 975 1064 1022 dictator,
1083 974 1303 1027 projectus
1320 978 1381 1014 est
1402 974 1698 1028 adsta-minem

122 1033 395 1087 prodendum
421 1035 591 1085 postera
621 1033 704 1073 die.
756 1033 955 1072 Occurrit
982 1032 1020 1071 ei
1039 1032 1151 1070 circa
1169 1032 1317 1070 lun-am
1342 1044 1504 1070 nonam
1520 1028 1698 1071 Clodius

125 1091 262 1143 paulo
285 1092 405 1130 ultra
427 1090 632 1138 Bovillas,
660 1090 830 1130 rediens
851 1088 901 1127 ab
922 1086 1087 1135 Aricia,
1111 1101 1243 1140 prope
1263 1101 1360 1128 eum
1381 1088 1519 1127 locum
1545 1089 1596 1128 in
1614 1100 1699 1140 quo

132 1147 273 1187 Bonae
290 1147 400 1187 Dece
426 1148 626 1187 sacellum
649 1151 737 1186 est:
769 1150 862 1186 erat
893 1149 1035 1184 autem
1058 1146 1271 1185 allocutus
1291 1145 1540 1185 decuriones
1559 1144 1700 1185 Arici-

132 1217 301 1253 norum.
369 1204 601 1244 Velzebatur
621 1200 798 1243 Clodius
818 1216 947 1254 equo;
979 1203 1089 1241 seri-i
1109 1215 1198 1240 amr
1208 1201 1305 1255 fere
1326 1201 1526 1254 erpediti,
1549 1205 1601 1241 ut
1626 1202 1700 1242 illo

132 1264 317 1313 tempore
351 1274 438 1301 mos
473 1265 566 1301 erat
600 1261 681 1300 iter
705 1259 988 1314 facientibus,
1019 1258 1182 1310 gladiis
1211 1260 1355 1307 cincti,
1384 1259 1699 1310 sequebantur,-

132 1321 260 1358 erant
277 1331 376 1357 cum
398 1317 544 1358 Clodio
560 1315 772 1370 praeterea
806 1321 891 1356 tres
910 1317 1078 1355 comites
1099 1315 1208 1366 ejus,
1229 1329 1281 1355 ea}
1300 1315 1454 1367 quibus
1475 1328 1602 1367 eques
1617 1315 1703 1356 Ro-

133 1387 293 1414 manus
314 1388 434 1414 unus
457 1375 504 1415 C.
526 1375 755 1416 Cossinius
776 1374 918 1421 Scala,
951 1373 1036 1412 duo
1071 1372 1121 1412 de
1147 1372 1266 1425 plebe
1285 1373 1386 1412 novi
1406 1372 1610 1421 homines,
1647 1372 1702 1412 P.

136 1429 419 1484 Pomponius,
437 1430 479 1471 C.
495 1428 682 1471 Clodius.
729 1430 786 1470 M
787 1431 841 1469 ilo
856 1430 984 1469 rheda
1005 1429 1249 1477 vehebatur,
1266 1442 1364 1468 eum
1383 1442 1517 1469 ua‘ore
1532 1428 1575 1469 F
1574 1429 1705 1469 austci

119 1483 225 1542 filici
245 1488 296 1528 L.
316 1486 456 1528 Sullce
476 1488 710 1535 dictatoris,
732 1492 773 1527 et
794 1484 857 1526 M.
881 1487 1017 1526 Fusio
1033 1486 1255 1539 familiari
1283 1499 1375 1526 suo.
1437 1484 1707 1538 Sequebatur

136 1558 204 1585 eos
234 1558 442 1597 magnum
477 1557 695 1584 servorum
731 1557 910 1595 agmen‚·
958 1544 1073 1582 inter
1106 1556 1209 1594 quos
1239 1543 1504 1594 gladiatores
1539 1555 1707 1595 quoque

138 1605 280 1650 erant,
303 1616 354 1642 ea:
369 1602 524 1653 quibus
544 1601 630 1640 duo
651 1603 757 1647 noti,
774 1601 1008 1640 Eudamus
1029 1604 1070 1639 et
1094 1600 1244 1639 Birria
1260 1616 1272 1639 .·
1309 1600 1368 1647 lii,
1392 1600 1438 1638 in
1459 1599 1611 1639 ultimo
1631 1613 1707 1651 ag-

138 1659 254 1707 mine
273 1659 440 1699 tardius
461 1662 626 1705 euntes,
648 1671 742 1698 eum
761 1659 894 1696 servis
911 1654 966 1695 P.
985 1654 1125 1696 Clodii
1144 1657 1280 1696 rioeam
1298 1657 1624 1703 commiserunt;
1649 1656 1708 1696 ad

139 1728 262 1768 quem
283 1716 518 1756 tumultum
541 1715 634 1754 eum
656 1715 906 1766 respeoeisset
925 1713 1102 1753 Clodius
1117 1713 1463 1762 minitabundus,
1480 1713 1706 1753 liwmerum

137 1773 234 1822 ejus
255 1772 410 1812 Birria
428 1772 646 1824 romphaea
668 1772 857 1822 trajecit:
890 1770 988 1810 ind&
1009 1770 1099 1810 cum
1121 1774 1215 1809 orta
1236 1774 1342 1810 esset
1368 1783 1540 1822 pugna,
1556 1771 1708 1822 plures

141 1825 382 1868 Miloniani
414 1831 713 1868 accurrerunt.
780 1824 958 1866 Clodius
978 1827 1235 1866 vulneratus
1255 1827 1305 1866 in
1325 1827 1548 1866 tabernam
1564 1827 1709 1879 promi-

140 1898 253 1929 mam
289 1885 516 1925 Bovillana
551 1885 721 1924 delatus
742 1887 818 1924 est.
880 1883 1007 1932 Milo,
1029 1887 1081 1923 ut
1100 1884 1295 1934 cognovit
1316 1883 1594 1923 vulneratum
1619 1882 1710 1923 Clo-

141 1942 278 1990 dium,
294 1941 407 1991 (cum
423 1942 503 1981 sibi
514 1941 802 1993 periculosius
819 1941 931 1980 illud
951 1941 1081 1980 etiam
1101 1941 1192 1979 vivo
1209 1953 1255 1979 eo
1264 1940 1480 1993 futurum
1500 1940 1710 1992 intellige-

141 2003 222 2046 ret,
243 1999 375 2038 occiso
395 2001 537 2038 autem
560 2010 768 2048 magnum
788 1997 988 2036 solatium
1016 2000 1123 2036 esset
1141 1996 1385 2044 habiturus,
1406 1997 1535 2036 etiam
1555 1997 1593 2035 si
1613 1996 1713 2036 sub-

142 2055 287 2095 eunda
307 2059 414 2095 esset
429 2054 579 2106 poena)
597 2053 819 2093 eoeturbari
835 2053 1057 2092 tabernam
1068 2053 1216 2103 jussit.
1263 2052 1374 2092 Fuit
1394 2053 1714 2104 antesignanus

141 2124 360 2152 servorum
379 2111 474 2161 ejus
494 2109 563 2150 M.
587 2110 629 2149 F
631 2114 835 2155 ustenus,·
869 2113 998 2160 atque
1028 2110 1091 2148 ita
1116 2108 1295 2149 Clodius
1323 2109 1463 2149 latens
1493 2113 1714 2151 eaetractus

145 2173 222 2217 est,
251 2169 482 2219 multisque
510 2167 761 2206 vulneribus
797 2166 1026 2219 confectus.
1090 2165 1286 2205 Cadaver
1306 2166 1414 2217 ejus,
1436 2166 1485 2205 in
1506 2166 1576 2206 via
1595 2167 1716 2206 relic-

145 2229 253 2273 tum,
279 2223 402 2276 (quia
423 2225 534 2264 servi
556 2221 695 2262 Clodii
722 2227 802 2262 aut
834 2224 957 2262 occisi
978 2226 1118 2269 erant,
1141 2226 1221 2262 aut
1239 2223 1433 2273 graviter
1452 2223 1593 2262 saucii
1613 2223 1715 2264 late-

147 2282 269 2334 bant)
289 2279 405 2322 Seoet.
420 2281 584 2321 Tedius
598 2284 785 2326 senator,
797 2281 872 2331 qui
878 2279 994 2333 fort&
1007 2292 1057 2318 ev
1070 2291 1173 2319 rure
1189 2280 1238 2318 in
1250 2279 1395 2319 urbem
1408 2279 1713 2328 revertebatur,

146 2340 341 2386 sustulit,
363 2341 405 2378 et
430 2338 575 2377 lectica
600 2338 682 2376 suci
705 2337 886 2376 Romam
910 2336 1028 2389 ferri
1054 2336 1218 2386 jussit:
1249 2337 1340 2388 ipse
1371 2348 1529 2376 rursus
1561 2336 1713 2385 eodem,

147 2396 265 2436 unde
286 2398 475 2442 venerat,
491 2407 687 2446 gressum
708 2394 880 2446 recepit.
941 2390 1171 2432 Perlatum
1197 2396 1259 2433 est
1276 2405 1432 2445 corpus
1456 2389 1595 2433 Clodii
1614 2397 1717 2432 ante

142 2454 332 2506 primam
350 2452 487 2492 noctis
506 2451 674 2497 lioram;
708 2451 953 2505 inflmceque
968 2449 1098 2501 plebis
1115 2453 1155 2489 et
1169 2462 1387 2489 servorum
1403 2451 1591 2490 maoeima
1607 2450 1717 2488 mul-

149 2509 289 2550 titudo
318 2521 474 2560 magno
504 2508 626 2547 luctu
662 2520 816 2559 corpus
844 2508 893 2546 in
918 2507 1028 2545 atrio
1050 2505 1194 2546 domus
1208 2507 1398 2558 positum
1417 2507 1714 2548 circumstetit:

151 2566 336 2618 augebat
355 2566 470 2606 enim
487 2564 604 2618 facti
624 2564 833 2604 invidiam
853 2576 964 2603 uam·
987 2560 1126 2603 Clodii
1146 2562 1324 2611 Fulvia,
1344 2575 1446 2615 quoe
1464 2576 1562 2604 cum·
1579 2562 1718 2618 effusa

152 2623 458 2664 lamentatione
487 2620 670 2661 vulnera
704 2621 798 2671 ejus
830 2619 1088 2660 ostendebat.
1145 2619 1295 2671 Alajor
1320 2619 1490 2671 posterii
1522 2619 1590 2660 die
1622 2619 1718 2660 luce

149 2681 293 2732 prima
325 2679 557 2718 multitudo
597 2678 783 2729 ejusdem
810 2678 982 2728 generis
1015 2677 1236 2731 constumit,
1269 2677 1587 2728 compluresque
1624 2677 1718 2716 noti

154 2737 343 2777 homines
362 2736 456 2778 elisi
474 2739 594 2783 sunt,
616 2735 732 2774 inter
751 2746 855 2786 quos
878 2733 927 2774 C.
957 2733 1154 2774 Vibienus
1174 2737 1360 2774 senator.
1412 2728 1550 2785 [Erat
1567 2732 1718 2772 domus

159 2790 314 2842 Clodii,
349 2796 452 2837 ante
476 2804 642 2844 paucos
671 2804 835 2832 menses
869 2794 1010 2843 empta
1044 2790 1096 2833 de
1135 2787 1204 2831 M.
1225 2787 1405 2839 Scauro,
1433 2790 1483 2835 in
1507 2788 1722 2846 Palatio]
