1858 3095
727 158 817 192 mo
840 156 1052 192 muniam.
1694 162 1774 205 173

126 236 390 279 tissimorum
418 236 616 288 virorum,
648 243 692 278 et
712 251 810 278 cum
830 236 906 277 illa
927 236 1017 278 lata
1038 237 1281 293 insignique
1299 235 1452 287 lorica,
1475 250 1561 277 non
1581 251 1676 293 quae

127 308 195 335 me
213 300 376 350 tegeret
390 293 565 345 (etenim
587 292 773 334 sciebam
795 293 1038 342 Catilinam,
1057 308 1141 334 non
1158 296 1268 335 latus
1289 300 1363 335 aut
1381 300 1584 343 ventrem,
1600 294 1676 334 sed

129 359 260 407 caput
279 359 321 392 et
338 351 508 400 collum,
532 350 668 391 solere
686 354 864 406 petere),
886 349 1031 390 verum
1053 358 1099 391 ut
1121 365 1268 391 omnes
1290 351 1389 391 boni
1411 350 1678 390 animadver-

128 414 283 457 terent;
316 414 357 448 et
377 406 472 447 cum
505 406 548 446 in
583 413 699 448 metu
723 413 766 447 et
787 406 977 462 periculo
1015 408 1235 448 consulem
1255 407 1449 447 viderent
1478 405 1540 458 (id
1561 405 1678 460 quod

129 470 194 504 est
214 462 409 513 factum),
424 463 477 503 ad
493 477 618 518 opem
634 462 965 519 praesidiumque
982 477 1121 504 meum
1137 469 1450 504 concurrerent.
1515 462 1680 517 Itaque,
1701 462 1733 503 l·
1755 476 1763 498 :

129 519 226 561 cum
260 526 317 570 te,
349 518 482 570 Servi,
513 526 540 543 ¹¹¹
562 519 845 561 remissiorem
873 519 916 560 in
937 520 1122 573 petendo
1146 526 1356 575 putarent,
1377 518 1609 558 Catilinam
1638 525 1682 558 et

129 591 204 632 spe
222 582 266 616 et
286 574 520 630 cupiditate
542 576 851 616 inflammatum
871 576 1078 626 viderent,
1100 589 1262 625 omnes,
1294 575 1365 629 qui
1389 574 1503 614 illam
1521 574 1574 614 ab
1597 573 1682 614 Re-

128 631 227 687 pub.
249 640 414 687 pestem
434 633 645 689 depellere
667 632 915 688 cupiebant,
937 631 989 672 ad
1013 630 1240 672 Murenam
1261 646 1306 671 se
1323 630 1468 671 statim
1490 630 1683 671 contule-

126 693 235 729 runt.
296 687 461 744 Magna
481 697 546 730 est
578 696 722 730 autem
753 688 939 729 comitiis
973 687 1270 728 consularibus
1294 686 1516 742 repentina
1535 687 1683 726 volun-

127 750 265 785 tatum
299 745 537 795 inclinatio,
568 744 800 800 praesertim
841 742 939 785 cum
970 744 1167 784 incubuit
1187 743 1240 784 ad
1272 743 1408 783 virum
1438 743 1610 792 bonum,
1642 749 1685 783 et
1705 744 1784 787 130

127 801 274 841 multis
306 800 401 841 aliis
429 801 687 857 adjumentis
719 800 942 857 petitionis
971 807 1185 841 ornatum:
1220 799 1292 856 qui
1315 799 1412 840 cnm
1432 798 1684 840 honestissi-

128 871 198 898 mo
217 863 335 912 patre
357 863 484 913 atque
507 858 753 914 majoribus,
784 855 1101 898 modestissima
1123 855 1428 907 adolescentia,
1451 855 1685 897 clarissima

129 913 359 970 legatione,
379 914 564 969 praeturit
598 913 777 970 probat-21
812 914 856 954 in
881 914 994 969 jure,
1026 913 1148 969 gratfi
1184 912 1226 953 in
1248 927 1436 963 munere,
1470 912 1620 952 ornata
1641 911 1683 952 in

130 969 366 1025 provincia,
396 970 577 1026 petisset
612 970 854 1026 diligenter,
883 977 927 1011 et
950 970 1011 1010 ita
1042 970 1235 1025 petisset,
1269 977 1315 1010 ut
1345 983 1484 1024 neque
1506 968 1684 1008 minanti

130 1026 314 1077 cederet,
334 1041 471 1083 neque
495 1027 697 1083 cuiquam
719 1027 966 1078 minaretur3
1004 1027 1118 1077 huic,
1151 1026 1389 1066 mirandum
1420 1032 1498 1075 est,
1531 1038 1686 1079 magno
1710 1026 1787 1069 135

129 1083 377 1139 adjumento
395 1083 595 1125 Catilinae
616 1084 800 1126 subitam
820 1098 941 1140 spem
962 1082 1212 1125 consulatus
1234 1082 1503 1138 adipiscendi
1526 1081 1687 1122 fuisse?

1729 464 1750 503 (υ

1759 465 1779 503 ks!

714 1204 741 1222 ¹¹¹
758 1200 1123 1251 negligentiorem.

175 1310 252 1340 122.
276 1307 344 1338 Non
370 1309 448 1340 latus
475 1315 530 1339 aut
554 1310 708 1350 ventrem]
754 1310 892 1347 Iudicat,
934 1311 1002 1351 ipse
1018 1309 1158 1340 manibus
1174 1309 1296 1341 detulit.

131 1351 216 1390 quod
230 1361 292 1381 non
304 1351 456 1392 abjectos,
471 1353 528 1383 sed
545 1353 720 1392 praecipuos
730 1354 814 1383 cives
827 1353 891 1384 Ca·
979 1355 1053 1384 125.
1078 1352 1194 1392 ltaque,
1219 1353 1285 1382 ειὶπι
1307 1358 1344 1387 te,
1366 1351 1475 1392 Servi]
1521 1350 1692 1384 Concludit

132 1393 219 1424 tilina
245 1395 465 1435 aggrediatur:
505 1395 554 1425 vel
583 1394 685 1436 potius
711 1396 823 1426 alludit
851 1396 890 1426 ad
936 1400 1033 1425 totam
1055 1396 1134 1426 hanc
1161 1400 1279 1436 partem
1314 1395 1352 1425 ab
1375 1393 1523 1436 improbis
1545 1394 1692 1425 Catilinae

131 1435 206 1466 illud
224 1439 291 1476 ejus
301 1437 432 1475 facinus,
444 1437 526 1474 cum,
538 1438 569 1468 in
581 1437 807 1479 proscriptione
819 1438 890 1480 Syl-
934 1438 1106 1474 conatibus,
1131 1443 1163 1468 et
1185 1438 1203 1468 εἰ
1227 1437 1458 1478 comparatione
1474 1437 1605 1478 Sulpicii
1621 1448 1692 1470 cum

131 1478 181 1515 lae,
197 1479 483 1511 MariiGratidiani
498 1481 612 1512 collum
628 1482 738 1517 secuit,
754 1487 786 1512 et
796 1486 892 1523 caput
934 1481 1080 1518 Murena,
1104 1480 1194 1521 hujus
1219 1481 1358 1516 virtutes,
1379 1487 1412 1511 et
1439 1479 1564 1513 alterius
1587 1481 1693 1514 remis-

131 1521 149 1552 ὲ
159 1521 179 1553 J
182 1522 304 1555 aniculo
317 1523 357 1554 ad
366 1524 466 1554 aedem
475 1523 634 1566 Apollinis
644 1526 682 1556 ad
694 1524 813 1566 Syllam
829 1525 891 1556 suis
934 1524 1053 1556 sionem
1068 1524 1174 1562 animi,
1197 1524 1395 1566 proferendo.

739 1752 925 1781 TERTIA
960 1751 1101 1780 PARS.

659 1868 729 1910 De
749 1871 930 1911 erimine
948 1870 1141 1910 ambita&

333 2002 382 2042 L.
404 2002 598 2043 Murena
618 2005 732 2045 nihil
750 2005 956 2045 commisit
975 2011 1126 2046 contra
1146 2006 1278 2057 legem
1299 2002 1494 2045 ambibas.

192 2112 273 2154 XI.
304 2112 432 2155 Nunc
452 2114 557 2155 mihi
574 2115 725 2156 tertius
744 2115 814 2156 ille
830 2116 951 2157 locus
973 2122 1039 2157 est
1055 2116 1259 2158 orationis
1277 2117 1329 2157 de
1350 2114 1535 2156 ambitus
1551 2114 1690 2156 crimi-

134 2169 275 2218 nibus,
297 2176 602 2227 aperpurgatus
624 2171 678 2212 ab
700 2171 752 2212 iis
774 2172 847 2228 qui
868 2178 966 2214 ante
988 2188 1056 2213 me
1086 2173 1298 2224 dixerunt,
1321 2172 1346 2213 ἐι
1376 2187 1460 2223 me,
1490 2171 1693 2227 quoniam

135 2227 196 2267 ita
218 2225 398 2268 Murena
417 2228 569 2279 voluit,
589 2228 932 2271 bretractandus.
992 2229 1088 2277 Quo
1107 2229 1151 2270 in
1172 2230 1285 2281 loco,
1308 2229 1548 2279 Postumio,
1571 2228 1693 2269 fami-

132 2282 225 2324 liari
246 2298 355 2333 meo,
371 2285 643 2325 ornatissimo
661 2285 826 2336 viro‚de
840 2285 1268 2337 divisorumindiciis‚
1283 2292 1327 2326 et
1346 2286 1398 2326 de
1415 2285 1693 2340 deprehensis

133 2340 346 2396 pecuniis;
368 2341 634 2383 adolescenti
648 2341 872 2399 ingenioso
890 2348 934 2384 et
951 2343 1079 2394 bono,
1102 2342 1192 2384 Ser.
1204 2341 1409 2399 Sulpicio,
1428 2342 1481 2383 de
1497 2342 1691 2399 equitum
1709 2345 1736 2387 5

475 2462 492 2480 ³
507 2457 722 2512 defensus.
895 2456 913 2480 b
925 2458 1183 2498 tractandus
1203 2455 1369 2498 iterum.

178 2569 209 2598 2.
233 2566 294 2602 Qui
308 2574 376 2599 ante
389 2579 432 2599 me
446 2568 611 2610 dixerunt]
656 2569 840 2600 Hortensius
858 2574 891 2601 et
977 2570 1008 2600 5.
1032 2569 1212 2601 Adolescenti
1227 2569 1379 2610 Sulpicia]
1437 2568 1590 2609 Sulpicius
1612 2567 1690 2598 filius

136 2609 184 2641 M.
198 2609 397 2653 Crassusjam
410 2622 465 2653 pro
479 2611 616 2642 Murena
630 2612 782 2643 dixerant.
935 2617 982 2643 est
995 2611 1122 2643 alterius
1135 2613 1276 2653 Sulpicii,
1290 2613 1433 2643 Murenae
1448 2611 1668 2650 competitoris.

178 2656 210 2684 4.
234 2652 400 2685 Divisorum
416 2655 561 2698 indiciis]
605 2654 765 2686 Divisores
782 2655 892 2686 dicun·
978 2653 1028 2685 ΙΙ).
1065 2653 1206 2696 Equitum
1230 2655 1396 2695 centuriis.]
1445 2653 1600 2693 Sulpicius
1637 2653 1690 2683 ille

136 2700 197 2732 tur,
219 2696 272 2736 qui
285 2698 446 2737 pecuniam
462 2709 518 2739 per
532 2698 627 2729 tribus
643 2698 826 2729 dividebant
835 2709 891 2739 po·
935 2698 1089 2728 centurias
1110 2698 1244 2739 pecunia
1268 2703 1426 2737 corruptas
1441 2697 1459 2726 a
1472 2695 1608 2726 Mur-enit
1622 2706 1691 2726 esse

136 2737 211 2778 pulo
223 2738 261 2768 ad
273 2742 498 2781 corrumpenda
510 2741 805 2784 suffragia,quorum
814 2751 892 2784 ope·
935 2740 1070 2771 dicebat.
1115 2741 1201 2771 Nota
1224 2745 1339 2776 autem,
1362 2738 1447 2780 quod
1479 2738 1543 2769 Ser.
1572 2738 1693 2769 Tullius

134 2780 168 2811 ra
183 2781 334 2814 curiarum
348 2783 486 2824 magistri
498 2783 677 2818 utebantur.
936 2793 1059 2817 omnem
1076 2783 1228 2826 populum
1242 2782 1337 2815 Rom.
1351 2782 1382 2814 in
1398 2792 1451 2814 sex
1465 2781 1580 2813 classes
1591 2781 1694 2812 distri-
