1858 3095
696 196 787 232 PRO
812 197 973 235 coeuo.
1615 184 1703 241 22²9

73 284 241 331 cantus,
271 275 562 342 symphoniaS,
591 274 762 333 navigia
775 277 965 332 jactant3
998 273 1212 332 iidemque
1232 273 1494 332 significant,
1513 270 1620 319 nihii
1641 273 1696 315 70

72 350 132 383 se,
155 344 195 377 te
216 334 364 386 invita,
379 333 539 384 dicere;
572 348 666 389 quae
683 341 728 374 tu
745 332 962 388 quoniam,
983 339 1123 374 mente
1137 332 1282 373 nescio
1297 330 1378 389 qua
1391 330 1621 374 sseffrenat‘a

71 399 197 449 atque
219 393 236 416 '¹
250 389 471 448 praecipiti,
489 389 530 429 in
544 390 682 430 forum
702 389 863 430 deferre
878 388 1174 445 judiciumque
1193 388 1380 440 voluisti,
1394 394 1468 430 aut
1483 386 1619 430 diluas

73 456 253 504 oportet,
286 454 328 489 et
356 446 463 486 falsa
483 460 576 487 esse
595 445 768 496 doceas,
799 452 872 485 aut
892 444 998 486 nihil
1019 459 1158 501 neque
1177 444 1362 486 *crimini
1385 452 1458 487 tuo
1479 450 1619 502 nequ'e

70 502 316 545 testimonio
339 502 599 544 credendum
622 516 714 543 esse
735 501 911 544 fateare.

127 559 229 601 VII.
260 558 337 601 Sin
358 566 500 600 autem
522 558 722 599 urbanius
739 572 806 598 me
827 572 951 614 agere
972 557 1121 608 mavis,
1142 556 1205 598 sic
1224 570 1349 613 agam
1365 563 1532 599 tecum:
1554 571 1616 599 re-

68 615 247 658 movebo
283 616 402 656 illum
434 629 579 656 senem
600 614 766 666 durum,
799 629 848 655 ac
870 613 989 669 paene
1007 620 1242 668 agrestem3
1273 626 1326 654 ex
1348 612 1500 669 hisque
1528 613 1615 654 tuis

67 682 231 713 sumam
252 671 453 728 aliquem,
484 686 534 713 ac
556 669 824 727 potissimum
844 669 1065 710 minimum
1097 668 1269 710 fratrem
1294 675 1429 720 tuum,
1452 669 1525 726 qui
1548 675 1616 710 est

66 727 110 768 in
126 727 209 769 isto
230 743 384 785 genere
401 727 718 777 urbanissimus,
750 724 823 781 qui
844 732 885 766 te
908 732 1022 766 amat
1043 724 1292 781 plurimum3
1323 725 1412 781 qui,
1441 731 1616 783 propter

66 784 213 826 nescio
237 798 366 841 quam
397 783 564 836 (credo)
599 781 886 832 timiditatem,
918 790 961 823 et
980 788 1211 822 nocturnos
1233 782 1445 837 quosdam
1464 782 1612 824 inanes
1657 778 1684 819 5

65 848 217 889 metus,
247 848 390 882 tecum
411 853 577 895 semper
596 838 721 894 pusio
743 852 840 879 cum
870 838 1028 894 majore
1050 851 1192 879 sorore
1217 837 1441 880 cubitavit.
1500 834 1612 880 Eum

66 902 215 952 putato
256 903 399 938 tecum
446 895 585 951 loqui:
630 893 747 942 Quid
785 894 1072 945 tumultuaris,
1109 893 1254 935 soror?
1284 893 1389 950 quid
1421 892 1613 936 insanis?

64 952 180 1009 quid,
195 952 379 993 clamore
400 965 565 1003 exorsa,
578 950 716 992 verbis
731 965 900 1006 parvam
919 964 1007 992 rem
1027 964 1226 1006 magnam
1242 950 1378 991 facis?
1408 951 1612 992 Vicinum

63 1007 431 1050 adolescentulum
465 1007 721 1064 adspexisti:
753 1007 913 1048 candor
928 1007 1054 1063 hujus
1070 1013 1112 1047 te
1134 1014 1177 1047 et
1195 1006 1439 1062 proceritas,
1470 1007 1610 1050 vultus

63 1064 274 1122 oculique,
306 1065 629 1121 ‘'perpulerunt:
662 1063 816 1119 saepius
847 1063 989 1104 videre
1028 1062 1227 1104 voluisti:
1270 1063 1388 1104 fuisti
1415 1078 1610 1106 nonnun-
1630 1059 1683 1101 10

62 1135 190 1178 quam
210 1121 255 1162 in
286 1121 440 1162 iisdem
468 1120 602 1161 hortis
622 1119 712 1161 visa
732 1119 888 1160 nobilis
909 1119 1083 1160 mulier:
1115 1119 1233 1160 illum
1252 1119 1609 1173 filium-familias,

61 1185 180 1233 patre
210 1191 338 1234 parco
361 1191 412 1218 ac
441 1176 596 1228 tenaci,
627 1175 782 1217 habere
804 1175 890 1216 tuis
908 1174 1068 1232 1’copiis
1091 1174 1337 1217 devinctum
1357 1190 1439 1218 non
1461 1183 1607 1233 potes:

62 1233 271 1285 calcitrat,
292 1233 465 1289 respuit,
487 1246 572 1273 non
591 1238 712 1287 putat
733 1238 806 1272 tua
827 1231 940 1272 dona
956 1246 1049 1272 esse
1070 1231 1190 1273 tanti.
1255 1232 1412 1274 Confer
1431 1239 1473 1274 te
1494 1232 1606 1275 alib:

59 1289 194 1331 habes
218 1289 364 1330 hortos
385 1289 438 1330 ad
468 1288 678 1338 Tiberim;
710 1302 761 1328 ac
783 1287 1009 1343 diligenter
1029 1302 1080 1329 eo
1108 1287 1205 1329 loco
1226 1289 1490 1344 praeparasti,
1521 1288 1606 1345 quo

59 1345 198 1386 omnis
227 1346 430 1401 juventus
453 1343 626 1385 natandi
648 1343 780 1384 caus&
796 1343 934 1394 venit3
965 1343 1067 1384 hinc
1087 1343 1188 1384 licet
1208 1343 1477 1386 conditiones
1498 1360 1605 1402 quo·
1627 1341 1678 1384 15

58 1401 162 1443 tidie
183 1402 325 1457 legas:
357 1415 432 1442 cur
451 1400 565 1451 huic,
588 1399 661 1455 qui
677 1406 718 1440 te
739 1399 914 1455 spernit,
944 1400 1126 1440 molesta
1146 1399 1220 1440 es?
1250 1399 1398 1442 Redeo
1415 1415 1528 1442 nunc
1550 1402 1606 1443 ad

56 1464 113 1510 te,
145 1458 269 1507 Coeli,
285 1456 502 1506 ,vicissim‚
533 1470 584 1497 ac
611 1455 715 1497 mihi
736 1455 1035 1497 auctoritatem
1053 1456 1232 1512 patriam
1249 1456 1605 1514 severitatemque

57 1513 266 1571 suscipio:
298 1513 375 1556 sed
397 1513 560 1561 dubito,
579 1527 707 1569 quem
726 1519 889 1568 patrem
909 1511 1179 1568 potissimum
1198 1527 1388 1565 sumam3
1410 1513 1605 1556 Caecilia-

55 1585 230 1612 num-ne
251 1570 452 1628 aliquem,
483 1570 777 1611 vehementem
798 1575 927 1624 atque
949 1568 1125 1610 durum?
1145 1570 1282 1611 Nunc
1302 1572 1416 1611 enim
1436 1572 1605 1613 demum

53 1629 159 1669 mihi
178 1630 352 1668 animus
373 1628 517 1674 ardet;
540 1641 661 1667 nunc
682 1640 819 1667 meum
838 1640 909 1667 cor
923 1627 1174 1666 cumulatur
1189 1628 1276 1668 iret.-
1298 1632 1371 1668 aut
1400 1626 1536 1678 illum,
1566 1629 1604 1670 0
1619 1624 1676 1667 20

53 1685 230 1740 infelix!
243 1699 266 1726 ο
281 1686 469 1726 sceleste!
493 1681 634 1723 Feri-ei
650 1688 749 1723 sunt
760 1681 832 1723 isti
845 1687 1000 1738 patres.
1021 1683 1192 1735 Ego-ne
1202 1684 1308 1736 quid
1325 1684 1490 1726 dicam?
1511 1699 1605 1738 ego-

51 1804 329 1851 ssimmodestci.
393 1807 642 1849 bit-aeundd.
706 1805 1002 1849 flaccusationi.
1059 1807 1342 1849 aalleoeermzt.
1400 1802 1603 1852 bdivitiis.

52 1948 196 1984 Vitellio,
217 1948 322 1986 refert,
345 1948 429 1990 quod
456 1948 508 1979 ille
530 1946 639 1989 epulas
654 1947 801 1978 trifariam
846 1951 912 1978 est:
927 1946 1088 1978 translatio
1104 1946 1143 1977 ab
1154 1945 1255 1987 equis,
1265 1947 1318 1988 qui
1331 1948 1463 1989 pedibus
1475 1948 1603 1989 feriunt,

51 1990 355 2032 semper,aliquando
366 1991 584 2032 quadrifariam
596 1989 760 2025 divideret,
769 1991 802 2020 in
845 1989 916 2020 cum
929 1994 1117 2030 repugnant.

47 2034 545 2075 jentacula‚prandia,coenas,et
558 2032 800 2067 comissationes.
889 2034 941 2063 15.
966 2031 1046 2062 Hinc
1074 2033 1141 2062 licet
1167 2032 1366 2074 conditiones]
1410 2033 1538 2070 Monet,
1560 2045 1598 2066 ex

95 2079 147 2107 70.
171 2075 390 2116 Symphonias]
423 2076 630 2117 Symphonia,
652 2080 731 2104 teste
744 2074 802 2104 Isi·
839 2073 1008 2113 juvenibus
1036 2073 1109 2108 illis,
1131 2074 1184 2114 qui
1211 2075 1354 2114 quotidie
1384 2076 1542 2107 confluunt
1556 2079 1597 2108 ad

53 2120 140 2155 doro,
161 2119 215 2151 lib.
239 2123 289 2149 11.
308 2128 378 2159 cap.
401 2120 454 2149 19.
478 2118 801 2157 modulationisltempe-
844 2117 959 2152 hortos,
981 2127 1059 2157 quos
1073 2116 1179 2146 Tiberi
1205 2116 1322 2147 vicinos
1337 2119 1443 2154 habet,
1466 2120 1596 2150 natandi

51 2169 214 2193 ramentum
237 2167 277 2191 est
299 2171 330 2191 er
355 2162 443 2202 gravi
475 2166 502 2190 et
527 2166 613 2190 acuto
637 2170 713 2195 sono,
735 2170 801 2189 con·
843 2158 948 2194 causa,
971 2168 1063 2198 posse
1078 2158 1135 2188 sibi
1148 2158 1283 2199 aliquem
1298 2159 1424 2201 eligere,
1445 2161 1596 2203 quicupi·

49 2205 233 2235 coo-dantibus
255 2205 341 2240 sonis,
363 2205 419 2234 sive
432 2205 465 2234 in
486 2212 559 2239 voce,
581 2203 638 2233 sive
659 2203 692 2232 in
702 2201 800 2243 flatu,
845 2201 934 2231 ditati
950 2200 1016 2241 ejus
1029 2201 1154 2233 serviat.

47 2249 107 2278 sive
119 2249 156 2282 in,
162 2248 263 2288 pulsu.
890 2246 940 2275 18.
965 2242 1224 2282 Caecilianum-ne]
1273 2242 1416 2275 Caecilius
1430 2246 1526 2286 poeta
1539 2256 1593 2278 co·

92 2289 142 2321 Ib.
168 2288 324 2331 Navigia]
347 2288 441 2320 Juxta
455 2287 549 2319 Baias
564 2287 648 2318 cives
662 2285 798 2317 Romani
841 2286 935 2317 micus
948 2286 1016 2322 fuit,
1039 2287 1093 2328 qui
1108 2285 1190 2328 saepe
1213 2296 1301 2317 senes
1324 2296 1461 2319 morosos
1476 2295 1508 2320 et
1522 2299 1592 2331 gra.

49 2333 173 2365 delicati
188 2332 274 2364 lacus
297 2332 329 2362 in
355 2331 449 2362 hortis
463 2331 525 2361 suis
541 2331 697 2361 habebant
711 2340 749 2360 ex
765 2339 799 2358 a·
842 2339 895 2359 ves
906 2328 1039 2360 inducit.

48 2385 117 2418 quae
132 2376 275 2406 ductibus
289 2375 453 2410 derivatos,
468 2374 499 2403 in
525 2374 636 2414 quibus
656 2372 750 2402 animi
766 2376 799 2401 et
884 2373 936 2403 20.
957 2372 1021 2402 Aut
1041 2371 1154 2411 illum]
1204 2371 1393 2403 Subauditur
1414 2373 1592 2413 potissimum

49 2419 228 2450 deliciarum
252 2417 347 2448 causa
378 2417 548 2448 natabant:
573 2425 688 2457 eosque
710 2414 799 2445 Baias
840 2424 962 2450 sumam,
994 2414 1106 2454 nempe
1133 2414 1215 2444 hunc
1241 2414 1345 2451 alium,
1368 2417 1422 2457 qui
1446 2417 1466 2447 εὶ
1493 2415 1591 2458 poeta.

47 2461 258 2502 appellabant.
837 2457 946 2498 plenus
960 2456 1119 2488 iracundia
1133 2456 1164 2487 in
1180 2457 1274 2487 filium
1290 2456 1426 2490 effertur.

93 2506 122 2535 2.
144 2502 388 2544 Senemdmum]
411 2501 551 2543 Appium
565 2501 650 2531 illum
666 2500 795 2532 Claudi·
881 2499 929 2530 Ib.
956 2502 982 2531 Ο
1006 2499 1127 2541 infelix!
1141 2499 1309 2541 osceleste!]
1366 2501 1590 2543 Prosopopoeia

48 2557 100 2576 um
115 2556 271 2577 censorem
283 2545 439 2586 intelligit,
452 2546 492 2575 de
508 2555 570 2585 quo
577 2544 641 2585 jam
657 2543 759 2584 supra.
839 2542 906 2572 duri
919 2541 1015 2583 patris
1030 2547 1062 2572 et
1076 2542 1175 2572 severi
1185 2542 1317 2573 Coelium
1331 2542 1531 2585 objurgantis.

91 2591 122 2620 6.
146 2588 236 2619 Fusio
248 2599 313 2619 cum
327 2588 444 2629 sorore]
498 2587 614 2618 Incesti
631 2585 795 2617 Claudiam
882 2588 934 2616 21.
958 2584 1056 2615 Ferret:
1065 2590 1134 2615 sunt
1147 2586 1195 2615 isti
1204 2587 1329 2628 patres-1
1378 2585 1480 2617 Verba
1496 2586 1586 2617 Cice.

50 2631 160 2672 arguit.
204 2630 320 2662 Verum
339 2632 427 2672 pusio
449 2640 562 2671 parvus
581 2639 658 2671 puer
672 2629 794 2663 dicitur,
838 2628 917 2658 tonis
937 2632 1007 2657 sunt
1036 2627 1112 2666 ista3
1137 2628 1251 2658 ferreos
1270 2633 1372 2658 autem
1388 2633 1489 2663 vocat,
1511 2629 1586 2669 quia

47 2672 238 2715 frequentius
252 2679 355 2704 tamen
366 2674 533 2705 masculum
545 2678 697 2709 scortum;
715 2670 794 2701 anti·
837 2669 922 2700 nulla
947 2669 1169 2700 benevolentiae
1183 2675 1216 2701 et
1237 2670 1347 2701 amoris
1362 2670 1585 2710 significatione

47 2717 100 2760 qui
117 2717 198 2746 enim
222 2717 341 2755 pusiam
369 2722 400 2747 et
421 2717 535 2756 pusiam
564 2725 620 2757 pro
643 2714 748 2756 puello
763 2718 796 2743 et
836 2713 1002 2744 ducuntur.

70 2758 150 2790 uella
165 2758 321 2789 dicebant.
884 2755 934 2786 Ib.
955 2754 1070 2796 Ego-ne
1081 2756 1152 2796 quid
1164 2756 1256 2786 dicam
1265 2753 1292 2796 .⁷]
1340 2754 1446 2786 Verba
1459 2755 1535 2788 citat
1548 2765 1586 2789 ex

93 2804 144 2834 13.
170 2801 337 2842 calcitrat]
375 2800 536 2837 Calcitrat,
547 2799 580 2831 id
597 2804 654 2837 est,
677 2798 799 2832 rebellis
843 2797 936 2839 poeta
952 2797 1079 2830 Caecilio
1091 2799 1264 2880 desumpti.

1178 2853 1197 2878 S
