1858 3095
646 141 699 174 m
721 141 980 176 cA'rrthn
1002 141 1057 174 111
1642 142 1719 185 121

86 225 132 257 re
152 212 337 266 debetis,
364 226 512 257 omnes
538 213 740 258 Catilinae
767 217 933 273 copias,
966 231 1114 259 omnes
1146 230 1244 274 spes
1278 223 1408 273 atque
1439 232 1558 274 opes,
1577 219 1645 261 his

88 269 280 325 depulsis
303 271 429 313 Urbis
453 271 670 327 periculis,
698 274 958 315 concidisse.
1018 274 1157 322 Quem
1178 274 1352 330 quidem
1373 289 1453 330 ego
1476 275 1569 315 cum
1591 291 1642 317 ex

89 325 204 370 Urbe
240 328 465 384 pellebam‚
488 328 572 370 hoc
596 330 874 384 providebam
903 330 1060 382 animo,
1084 331 1290 382 Quirites,
1311 338 1473 372 remoto
1497 331 1644 372 Catili-

87 383 162 435 nsi,
185 399 264 426 nec
284 385 387 427 mihi
409 399 503 427 esse
527 385 576 426 P.
594 386 763 427 Lentuli
785 401 996 438 somnum,
1018 402 1097 429 nec
1122 388 1166 428 L.
1193 387 1333 428 Cassii
1357 387 1542 443 adipem,
1564 402 1644 429 nec

87 439 140 483 C.
162 440 344 497 Cethegi
366 440 568 483 furiosam
589 443 874 486 temeritatem
896 444 1293 501 pertimescendam.
1338 444 1415 485 Ille
1431 451 1521 485 erat
1536 459 1646 485 unus

88 496 303 540 timendus
324 511 377 541 ex
398 497 464 540 his
485 499 700 552 omnibus,
720 501 798 542 sed
828 501 1007 551 tamdiu,
1028 502 1130 542 dum
1163 500 1375 542 moenibus
1397 500 1524 542 Urbis
1546 516 1645 542 con-

89 552 317 597 tinebatur.
376 553 534 597 Omnia
568 557 719 599 norat:
765 558 956 599 omnium
986 558 1128 598 aditus
1162 558 1358 599 tenebat:
1389 564 1405 580 ²¹
1420 558 1646 612 appellare,

89 616 267 662 tentare,
291 610 524 653 sollicitare
546 620 729 668 poterat,
751 614 961 655 audebat:
994 620 1084 654 erat
1099 613 1137 654 ei
1161 613 1387 655 consilium
1404 614 1458 654 ad
1480 614 1644 655 facinus
1669 619 1719 660 10

84 672 260 722 aptum;
289 667 471 710 consilio
498 676 644 711 autem
664 684 804 726 neque
824 670 974 726 lingua
994 684 1133 725 neque
1164 684 1315 711 manus
1343 670 1512 711 deerat:
1538 671 1645 726 jam,

86 722 142 765 ad
162 730 339 766 caeteras
359 739 425 766 res
448 726 754 777 conficiendas,
771 733 911 768 certos
932 726 1127 767 homines
1147 726 1340 768 delectos
1360 741 1411 768 ac
1430 726 1646 784 bdescrip-

83 784 153 823 tos
173 779 383 823 habebat:
415 796 553 838 neque
569 781 682 834 vero,
700 782 798 824 cum
816 782 979 839 aliquid
999 784 1288 834 mandaverat,
1305 784 1551 825 confectum
1572 799 1646 839 pu-

83 835 229 879 tabat:
261 837 368 879 nihil
388 844 494 890 erat,
517 839 633 894 quod
654 853 740 881 non
771 840 864 896 ipse
899 839 1052 892 obiret,
1075 847 1330 892 occurreret,
1350 840 1560 896 vigilaret,
1588 841 1646 881 la-

83 891 277 936 boraret:
308 893 460 951 frigus,
477 895 607 948 sitim,
620 895 790 947 famem,
805 896 912 938 ferre
929 903 1110 952 poterat.
1170 897 1300 938 Hunc
1316 910 1396 952 ego
1414 897 1644 949 hominem,
1668 902 1719 944 15

82 954 172 992 tam
205 964 361 1003 acrem,
382 958 471 993 tam
501 960 709 1009 paratum,
742 960 830 994 tam
865 953 1088 1004 audacem,
1121 959 1210 994 tam
1242 954 1459 1005 callidum,
1482 961 1570 994 tam
1601 954 1646 995 in

83 1007 243 1049 scelere
261 1007 522 1064 vigilantem,
538 1016 627 1051 tam
642 1010 686 1050 in
701 1009 879 1066 perditis
892 1010 1018 1051 rebus
1033 1010 1299 1066 diligentem,
1315 1009 1397 1051 nisi
1414 1025 1466 1051 ex
1480 1011 1646 1052 domes-

84 1062 183 1105 ticis
213 1063 381 1106 insidiis
410 1065 455 1106 in
485 1073 733 1108 ccastrense
766 1066 1038 1108 latrocinium
1065 1067 1381 1123 compulissem,
1403 1067 1566 1120 (dicam
1586 1068 1645 1118 id,

87 1120 204 1176 quod
235 1121 390 1173 sentio,
423 1121 631 1174 Quirites)
658 1137 746 1164 non
777 1122 902 1164 facile
938 1124 1050 1164 hanc
1077 1130 1241 1164 tantam
1271 1123 1460 1164 dmolem
1491 1124 1590 1164 mali
1622 1124 1647 1164 ἐι

86 1176 324 1219 cervicibus
356 1177 508 1219 vestris
533 1179 806 1236 depulissem.
867 1179 966 1221 Non
987 1180 1059 1220 ille
1080 1180 1203 1220 vobis
1227 1179 1469 1221 Saturnalia
1489 1179 1645 1222 consti-
1664 1186 1720 1225 20

86 1233 257 1285 tuisset3
278 1249 430 1291 neque,
443 1241 564 1276 tanto
578 1236 694 1288 ante,
707 1236 886 1278 exitium
899 1251 950 1277 ac
964 1236 1042 1278 fati
1055 1236 1169 1277 diem
1181 1236 1383 1292 Reipubl.
1397 1237 1649 1278 denuntias—

85 1296 174 1332 set:
205 1304 345 1346 neque
367 1291 668 1341 commisisset,
689 1300 738 1334 ut
757 1292 942 1349 signum,
960 1298 1009 1333 ut
1028 1292 1163 1333 literae
1184 1307 1288 1344 suae,
1309 1299 1440 1334 testes
1463 1293 1648 1350 denique

85 1346 304 1388 manifesti
323 1347 509 1396 sceleris,
529 1349 972 1404 deprehenderentur,
1003 1363 1101 1404 quae
1120 1363 1249 1398 nunc,
1269 1349 1343 1390 illo
1371 1350 1563 1402 absente,
1586 1351 1648 1392 sic

85 1409 210 1460 gesta
227 1409 341 1455 sunt,
363 1410 412 1444 ut
429 1404 593 1445 nullum
624 1405 669 1446 in
702 1404 870 1461 privata
904 1405 1031 1446 domo
1064 1405 1224 1445 furtum
1252 1420 1442 1461 unquam
1470 1406 1527 1446 sit
1559 1413 1647 1447 tam

84 1458 229 1516 palam
246 1459 481 1513 inventum,
497 1460 630 1518 quam
649 1461 744 1503 haec
763 1467 884 1502 tanta
898 1460 943 1502 in
956 1461 1170 1517 Rempub.
1186 1462 1425 1517 conjuratio
1446 1462 1646 1504 manifes-
1666 1467 1721 1508 25

84 1515 132 1558 to
148 1515 322 1558 inventa
336 1523 464 1573 atque
485 1518 752 1574 deprehensa
771 1525 851 1559 est.
883 1517 1010 1565 Quod
1025 1517 1060 1557 si
1075 1516 1262 1558 Catilina
1274 1519 1317 1559 in
1329 1517 1446 1560 Urbe
1465 1520 1519 1560 ad
1536 1519 1649 1561 hanc

87 1573 204 1614 diem
231 1574 522 1626 remansisset,
544 1588 819 1630 quamquam,
837 1574 980 1630 quoad
1001 1573 1097 1625 fuit,
1120 1573 1320 1615 omnibus
1343 1576 1433 1631 ejus
1455 1576 1649 1617 consiliis

87 1629 254 1672 occurri
274 1636 402 1686 atque
420 1630 585 1681 obstiti,
601 1637 760 1681 tamen,
782 1638 830 1672 ut
851 1629 1065 1672 levissime
1083 1630 1240 1681 dicam,
1262 1631 1554 1672 dimicandum
1574 1648 1650 1674 no-

87 1686 158 1728 bis
179 1700 278 1729 eum
292 1686 367 1728 illo
388 1686 561 1738 fuisset3
591 1702 731 1744 neque
752 1702 831 1729 nos
862 1702 1067 1743 unquam,
1088 1687 1190 1728 dum
1213 1687 1286 1729 ille
1306 1688 1350 1728 in
1372 1687 1487 1729 Urbe
1512 1689 1650 1730 hostis

85 1743 255 1795 fuisset,
275 1743 406 1785 tantis
422 1743 624 1800 periculis
642 1744 966 1801 rempublicam,
982 1742 1105 1785 tanta
1125 1758 1246 1800 pace,
1263 1750 1384 1786 tanto
1401 1744 1507 1797 otio,
1524 1752 1644 1787 tanto
1667 1751 1723 1792 30

88 1799 279 1850 silentio,
290 1799 608 1843 liberassemus.
666 1801 939 1857 Quamquam
958 1801 1054 1842 haec
1075 1799 1232 1852 omnia,
1249 1800 1453 1853 Quirites,
1469 1801 1530 1843 ita
1550 1810 1652 1844 sunt
1724 1812 1791 1857 ζ

89 1856 117 1904 ὲ
132 1871 199 1899 me
220 1857 532 1910 administrata,
547 1865 596 1900 ut
615 1858 792 1900 deorum
811 1857 1117 1900 immortalium
1132 1863 1240 1898 nutu
1259 1864 1389 1914 atque
1406 1859 1588 1901 consilio
1607 1866 1651 1901 et
1741 1855 1752 1859 ”

91 1919 216 1970 gesta
234 1919 279 1955 et
296 1913 468 1971 provisa
488 1929 583 1957 esse
602 1914 852 1967 videantur;
882 1915 1013 1971 idque
1041 1914 1140 1956 cum
1162 1914 1414 1971 conjectura
1444 1917 1651 1973 consequi

87 1984 334 2027 possumus,
354 1970 469 2028 quod
479 1972 552 2013 vix
567 1971 636 2015 vid
643 1978 734 2014 etur
745 1970 921 2014 humani
939 1970 1106 2013 consilii
1118 1977 1334 2012 tantarum
1349 1986 1486 2013 rerum
1499 1974 1651 2029 guber-

89 2026 208 2071 natio
228 2041 324 2070 esse
342 2027 559 2086 potuisse3
587 2035 681 2072 tum
699 2027 798 2072 vero
818 2029 880 2070 ita
898 2034 1132 2085 praesentes
1150 2027 1218 2070 his
1239 2028 1501 2084 temporibus
1523 2044 1650 2086 opem
1667 2035 1724 2076 35

1690 341 1716 378 C]

87 2170 104 2188 ²¹
115 2165 324 2206 salutare.
409 2162 428 2188 ¹²
439 2165 676 2219 dispositos.
765 2170 781 2189 ⁰
795 2164 949 2207 bellum
968 2168 1010 2206 et
1023 2168 1178 2206 castra.
1264 2163 1281 2188 ‘¹
1292 2166 1652 2218 magnitudinem.

133 2299 166 2330 6.
197 2295 320 2329 Lentuli
342 2297 500 2339 somnum]
556 2297 698 2330 Adducit
718 2298 751 2329 in
773 2307 848 2329 con·
937 2298 988 2328 10.
1027 2295 1177 2340 Tentare.]
1233 2298 1388 2328 Tentabat
1419 2303 1452 2329 et
1472 2300 1653 2340 explorabat

87 2345 242 2382 temptum
254 2341 476 2382 conjurationis
494 2340 604 2373 socios.
649 2341 701 2373 De
714 2341 848 2372 Lentulo
893 2339 1042 2377 Catilina,
1051 2341 1119 2382 quis
1131 2340 1281 2382 cujusque
1297 2347 1379 2371 esset
1391 2342 1521 2380 animus,
1533 2343 1583 2373 vel
1595 2354 1652 2384 pro

91 2384 188 2428 paulo
203 2383 274 2415 ante
288 2385 405 2416 dictum
421 2389 479 2416 est.
892 2382 1032 2424 Republ.
1050 2383 1101 2413 vel
1116 2388 1223 2414 contra
1237 2384 1397 2425 Rempub.

134 2426 184 2460 Ib.
211 2426 302 2459 Cassii
326 2428 466 2469 adipem]
516 2427 642 2459 Cassius
664 2433 730 2459 erat
752 2428 848 2459 obeso
934 2426 985 2457 Ib.
1008 2426 1210 2468 Adfirmans]
1257 2428 1320 2458 Seu
1334 2429 1451 2459 bonum
1465 2439 1521 2460 seu
1536 2429 1651 2460 malum

93 2480 235 2511 corpore,
250 2481 286 2502 ac
302 2472 405 2502 animo
416 2471 541 2502 stolido.
892 2469 1083 2500 obeundum.

135 2516 168 2544 ⁷.
191 2512 309 2556 Cethegi
312 2514 461 2556 furiosam
478 2514 692 2556 temeritatem]
732 2514 849 2546 Cethe-
934 2515 986 2543 20.
1011 2513 1183 2544 Saturnalia
1205 2515 1420 2556 constituisset]
1463 2516 1654 2545 Saturnalio-

96 2567 153 2598 gun
179 2557 260 2588 candi
289 2558 471 2600 praepositus
499 2558 611 2593 suerat,
632 2563 665 2588 et
687 2557 850 2588 damnatat
891 2566 958 2586 rum
978 2556 1088 2587 diebus
1115 2556 1232 2587 Urbem
1261 2558 1442 2597 incendere,
1457 2564 1488 2588 et
1509 2558 1653 2589 occidere

95 2610 179 2641 sepe
193 2600 345 2633 sociorum
366 2601 536 2642 ignaviam,
550 2606 582 2631 et
606 2601 783 2633 tarditatem
808 2600 850 2630 ad
893 2598 992 2636 cives,
1007 2603 1168 2630 statuerat.

96 2643 217 2674 facinus
228 2644 418 2677 obeundum.
941 2644 994 2673 28.
1035 2642 1076 2673 Ut
1105 2642 1241 2674 levissime?
1278 2643 1398 2683 dicam]
1455 2642 1494 2672 Id
1528 2647 1587 2678 est,
1615 2653 1656 2674 ne

139 2685 360 2730 Ib.1uaeerat.]
405 2687 542 2720 Catilina
563 2685 694 2718 maxime
715 2685 854 2717 omnium
898 2685 1087 2726 gravioribus
1123 2690 1156 2717 et
1190 2686 1390 2717 atrocioribus
1429 2685 1530 2716 verbis
1564 2690 1654 2723 utar3

96 2729 312 2762 formidandus
339 2736 419 2770 crat,
439 2735 548 2772 utpote
576 2729 632 2771 qui
653 2729 742 2760 notat
761 2728 855 2761 ratio-
897 2739 970 2759 nam
1005 2729 1124 2762 bellum
1155 2729 1247 2761 civile
1276 2739 1348 2760 cum
1379 2728 1449 2769 ipso
1484 2729 1655 2770 gerendum

98 2783 171 2805 nem
185 2770 368 2816 alloquendi
379 2784 501 2816 omnes,
514 2778 547 2806 et
560 2771 762 2805 sollicitandi.
897 2771 1020 2804 fuisset.
