1858 3095
741 131 834 165 PRO
865 133 1076 165 MURENA.

862 204 1126 259 Adjungitur
1157 203 1270 245 enim
1301 201 1591 244 accusationis
1612 217 1683 244 co-

125 205 336 261 petitione
357 219 442 246 non
461 204 599 260 possit
629 218 801 260 ponere.

126 262 292 317 gitatio‚
314 277 397 303 non
420 275 545 318 parva
567 275 647 310 res,
669 261 743 301 sed
772 260 969 301 nimirum
991 260 1181 301 omnium
1213 260 1410 301 maxima.

1474 258 1682 313 Magnum

126 326 193 359 est
227 320 339 359 enim
374 325 415 358 te
452 331 696 372 comparare
729 331 793 367 ea,
825 317 982 372 quibus
1018 318 1156 372 possis
1189 317 1403 357 hominem
1437 314 1460 356 ὲ
1495 314 1683 365 civitate,

126 375 360 429 praesertim
378 387 463 414 non
484 373 655 429 inopem
686 388 823 428 neque
845 374 1072 423 infirmum,
1094 374 1343 424 exturbare3
1375 371 1464 428 qui,
1481 378 1525 412 et
1546 385 1683 432 per-se
1703 371 1758 412 30

129 439 172 471 et
192 446 268 487 per
287 445 402 479 sumt,
425 437 468 470 et
487 444 583 470 vero
606 431 735 471 etiam
756 445 830 486 per
859 430 1036 477 alienos,
1058 430 1323 471 defendatur.

1386 428 1550 468 Omnes
1571 441 1685 468 enim

124 487 178 528 ad
220 486 407 543 pericula
443 487 730 542 propulsanda
765 487 1082 535 concurrimus3
1111 494 1168 536 et,
1200 485 1272 541 qni
1304 499 1390 524 non
1431 481 1577 538 aperte
1608 483 1686 523 ini-

127 543 226 585 mici
256 557 417 592 sumus,
439 543 565 584 etiam
598 543 884 593 alienissimis,
908 543 950 584 iu
980 543 1135 598 capitis
1168 541 1382 597 periculis,
1405 539 1686 580 amicissimo-

125 613 215 640 rum
236 599 378 639 officia
399 606 442 639 et
461 600 603 640 studia
625 608 891 655 praestamuS.

123 663 168 696 et
197 655 455 696 defendendi
485 664 528 696 et
561 655 793 697 accusandi
825 655 1078 704 molestiam,
1101 655 1163 695 sic
1186 653 1399 702 intellexi3
1433 652 1474 692 in
1495 653 1683 707 petendo
1703 653 1759 693 35

952 597 1094 646 Quart·
1117 611 1213 653 ego,
1236 604 1436 651 expertus
1450 604 1493 636 et
1509 596 1683 651 petendi

121 711 311 752 studium
334 726 427 753 esse
458 712 727 762 acerrimum,
766 712 807 751 in
845 711 1116 752 defendendo
1139 709 1342 760 officium,
1365 709 1408 749 in
1440 708 1684 750 accusando

121 767 309 809 laborem
317 799 326 807 .

389 768 542 824 Itaque
580 769 642 809 sic
677 776 834 818 statuo,
868 767 957 808 fieri
991 768 1108 807 nullo
1141 766 1270 808 modo
1306 780 1448 821 posse,
1480 772 1528 806 ut
1568 765 1683 806 idem

121 824 458 872 accusationem,
479 831 522 865 et
551 824 804 880 petitionem
825 823 1088 874 consulatus,
1109 823 1336 878 diligenter
1356 822 1536 863 adornet
1555 829 1684 878 atque

121 879 324 921 instruat:
358 895 487 921 uuum
524 880 734 922 sustinere
763 880 885 936 pauci

123 935 222 977 cum
255 943 297 977 te
330 937 383 978 de
411 937 646 978 ccurriculo
678 937 895 993 petitionis
927 936 1192 983 deflexisses,
1222 950 1497 997 annuumque
1530 934 1584 976 ad
1616 949 1684 976 ac-
1702 935 1760 974 40

920 887 1116 936 possunt,
1147 889 1370 934 utrumque
1404 893 1545 919 nemo.
1603 878 1686 930 Tu,

121 993 359 1034 cus-andum
392 993 698 1044 transtulisses,
733 993 989 1035 existimasti
1023 1001 1065 1033 te
1100 993 1265 1049 utrique
1306 1001 1481 1047 negotio
1516 991 1685 1032 satisfa-

122 1063 218 1090 cere
250 1050 407 1105 posse?
468 1050 756 1092 Vehementer
787 1050 961 1100 errasti3
993 1049 1090 1105 quis
1123 1050 1237 1090 enim
1268 1048 1358 1089 dies
1390 1047 1483 1099 fuit,
1514 1056 1685 1104 postea-

122 1105 254 1161 quam
285 1106 352 1146 din
387 1106 515 1146 istam
546 1107 778 1148 accusandi
815 1106 1181 1147 denuntiationem
1214 1106 1433 1160 ingressus
1465 1119 1526 1155 es,
1556 1119 1684 1160 quem

121 1169 165 1202 tu
190 1176 277 1204 non
296 1170 434 1203 totum
454 1163 499 1203 in
519 1163 606 1204 ista
626 1163 789 1204 ratione
811 1162 1129 1218 consumpseris
1146 1163 1161 1202 ’ἒ

121 1218 289 1274 gitasti,
311 1234 406 1274 quae
427 1219 506 1260 tibi
538 1234 623 1261 non
645 1220 818 1270 deerat3
851 1227 941 1260 erat
961 1219 1074 1259 enim
1105 1216 1373 1260 severissime
1407 1218 1565 1271 scripta
1588 1217 1686 1258 Cal·
1701 1219 1758 1259 45

120 1274 298 1329 purnia;
329 1281 500 1330 egestus
523 1283 590 1316 est
619 1290 712 1316 mos
735 1283 778 1316 et
796 1275 1007 1316 voluntati
1028 1282 1070 1316 et
1090 1274 1291 1330 dignitati
1323 1281 1421 1315 tuae.

1224 1162 1382 1217 Legem
1402 1161 1586 1202 ambitus
1607 1161 1686 1202 fla.-

1484 1273 1570 1314 Sed
1591 1281 1684 1315 tota

121 1330 195 1372 illa
215 1331 284 1372 lex
315 1331 636 1372 accusationem
657 1338 788 1382 tuam,
810 1331 846 1372 si
878 1331 1054 1372 haberes
1086 1339 1315 1372 nocentem
1345 1345 1476 1380 reum,
1501 1329 1682 1371 fortasse

119 1386 355 1428 armasset:
388 1387 588 1443 petitioni
605 1389 703 1429 vero
723 1386 958 1442 fresi-agata
978 1395 1057 1428 est.
1098 1387 1237 1428 Poena
1259 1385 1427 1442 gravior
1445 1386 1490 1426 in
1511 1386 1683 1441 plebem

120 1443 195 1484 tua
204 1457 310 1485 voce
323 1443 652 1499 efflagitataest:
671 1445 876 1485 commoti
889 1443 1018 1484 animi
1032 1450 1133 1485 sunt
1145 1443 1407 1484 tenuiorum:
1426 1442 1626 1483 exsilium
1639 1443 1686 1483 in

119 1507 312 1542 nostrum
329 1501 544 1543 ordinem:
576 1501 792 1543 concessit
808 1507 982 1542 senatus
998 1499 1278 1557 postulationi
1293 1506 1403 1551 tuae;
1435 1500 1512 1541 sed
1526 1512 1614 1541 non
1634 1498 1685 1540 li-
1701 1505 1759 1544 50

115 1686 284 1723 ‘carew

119 1860 234 1902 profert
245 1862 284 1892 ab
293 1862 508 1895 imminutione
516 1863 686 1905 diligentiae
695 1863 726 1893 in
739 1864 877 1904 petendo

117 1904 291 1941 consulatu,
304 1915 373 1946 quae
391 1911 476 1937 tanto
493 1906 590 1948 major
605 1913 662 1944 est,
679 1912 798 1948 quanto
814 1906 877 1937 dif-

119 1946 227 1977 ficilior
238 1948 404 1979 accusatio.

162 1990 216 2019 29.
241 1989 414 2030 comparare
435 1991 496 2031 effi]
544 1992 654 2022 Multis
680 1993 771 2023 rebus
798 2003 876 2033 opus

119 2038 178 2068 est,
195 2038 228 2062 ut
243 2033 311 2073 quis
327 2034 525 2064 accusatione
549 2035 714 2075 dejiciatur
737 2036 755 2065 εἴ
778 2037 877 2075 magi-

119 2080 234 2105 stratu:
258 2081 381 2117 oportet
395 2076 550 2106 enimvero
571 2078 725 2117 inquirere
739 2077 877 2113 crimina,

118 2127 298 2190 (ἔτυμα-ατε
320 2123 425 2156 testes,
448 2119 679 2160 subscriptores,
695 2121 877 2158 advocatos,

149 2170 179 2191 c.

161 2205 215 2234 30.
240 2203 430 2245 Eum-bara]
465 2203 636 2236 Exturbare
651 2203 785 2245 aliquam
801 2204 817 2235 ὲ
833 2205 876 2235 ci-

119 2246 228 2282 vitate,
243 2253 291 2277 est
305 2257 376 2276 eum
391 2246 578 2285 compellere
594 2248 626 2277 in
640 2248 777 2278 exsilium
791 2259 797 2276 :
821 2249 876 2287 qui

118 2288 199 2319 enirn
215 2300 278 2320 suae
293 2299 394 2320 causae
409 2289 603 2326 diffidebant,
619 2301 682 2320 non
697 2295 876 2332 exspectato

113 2331 250 2372 judicio,
267 2332 395 2362 abibant
408 2332 440 2362 in
457 2333 609 2364 exsilium.

161 2376 213 2406 34.
239 2374 340 2409 Quart?
364 2385 415 2416 ego
441 2376 594 2416 expertus]
650 2375 875 2406 Difficultatem

117 2417 150 2446 in
163 2419 338 2448 accusando
355 2418 373 2447 ὲ
388 2418 521 2458 persona
536 2419 672 2448 assumit.

159 2463 212 2490 40.
237 2460 282 2490 De
296 2461 468 2502 curricula]
501 2460 658 2496 Ostendit,
670 2460 753 2501 quod
770 2460 876 2500 Sulpi-

120 2501 186 2532 cius
199 2504 341 2543 petitioni
353 2502 529 2534 consulatus
542 2509 574 2534 et
585 2504 774 2535 accusationi
785 2503 874 2534 simul

119 2554 181 2575 non
200 2546 333 2586 potuerit
346 2545 536 2577 satisfacere.

161 2590 214 2619 45.
234 2587 349 2628 Scripta
365 2589 554 2629 Calpurnia]
595 2589 679 2620 Tulit
691 2589 728 2621 C.
741 2589 873 2630 Calpur-

121 2629 191 2660 nin·
207 2629 291 2666 Piso,
305 2631 414 2662 consul
431 2641 501 2662 cum
526 2632 574 2662 M.
597 2632 767 2663 Glabrione
792 2643 873 2662 anno

122 2670 216 2702 Urbis
238 2673 364 2714 686‚-ut
382 2673 515 2705 ambitus
537 2675 677 2705 damnati
698 2674 797 2705 omnis
819 2675 875 2705 ho-

120 2713 204 2745 noris
215 2714 369 2756 petitione
391 2717 636 2758 prohiberentur,
651 2716 798 2757 certaque
820 2727 875 2758 pe-

119 2756 215 2789 cufi
233 2757 447 2791 mit-mtur-
489 2759 568 2798 Sed,
580 2759 652 2792 dm
670 2759 737 2792 haec
750 2759 802 2791 lez
814 2768 879 2790 non

373 1681 652 1738 ‘suscepisses
671 1685 999 1725 accusationem.

1089 1683 1321 1723 ‘obeditum
1341 1687 1414 1723 est.
1504 1679 1683 1723 ‘noenia

922 1862 996 1892 satis
1023 1862 1163 1903 Sulpicio
1190 1862 1289 1902 gravis
1312 1861 1480 1898 videretur,
1501 1861 1570 1902 ipso
1592 1861 1681 1893 armi-

921 1910 1007 1936 tente
1023 1904 1134 1937 Cicero
1158 1905 1249 1936 aliam
1274 1904 1356 1940 tulit,
1371 1905 1434 1945 qua
1458 1907 1588 1944 majores
1612 1915 1681 1946 poe-

921 1959 976 1978 nas
999 1948 1139 1985 addidit;
1164 1947 1276 1988 nempe
1303 1953 1338 1977 ut
1364 1948 1556 1978 senatoribus
1582 1948 1680 1978 ambi-

920 1991 975 2021 tfis
992 1991 1146 2021 damnatis
1162 1991 1243 2032 aqua
1259 1996 1291 2022 et
1313 1991 1378 2030 igni
1394 1991 1434 2021 ad
1458 2000 1555 2020 annos
1569 1991 1680 2022 decem

919 2034 1166 2065 interdiceretur.

964 2078 1018 2106 46.
1038 2076 1108 2106 Tota
1124 2077 1176 2106 illa
1192 2075 1264 2115 less]
1305 2074 1425 2114 Objicit
1437 2075 1566 2115 quidem
1577 2074 1681 2116 Sulpi-

920 2119 980 2154 cio,
997 2118 1078 2159 quod
1104 2119 1204 2159 legem
1228 2117 1361 2148 ambitus
1377 2118 1480 2153 habet,
1496 2117 1559 2158 qua
1581 2118 1682 2158 possit

921 2171 1077 2197 accusare,
1093 2163 1147 2191 sed
1171 2171 1233 2191 non
1257 2162 1371 2190 habere
1385 2166 1550 2191 nocentem
1570 2171 1652 2191 reum
1667 2172 1680 2198 ς

920 2215 988 2234 reus
1005 2210 1108 2234 autem
1121 2204 1243 2239 dicitur,
1252 2203 1305 2244 qui
1317 2203 1462 2233 defendit
1473 2208 1505 2233 et
1518 2203 1681 2243 propulsat

921 2247 1090 2277 actionem.-
1114 2257 1230 2278 nocens
1246 2245 1328 2281 vero,
1344 2246 1398 2286 qui
1414 2244 1530 2286 objecti
1544 2246 1683 2277 criminis

919 2290 1120 2320 convincitur.

963 2335 1016 2363 48.
1041 2332 1179 2362 Petitioni
1193 2331 1256 2362 veri)
1267 2331 1419 2373 refragata
1432 2332 1498 2373 est]
1535 2330 1613 2362 Haec
1628 2331 1680 2362 lex

919 2374 1064 2411 ambitus,
1081 2375 1144 2415 quii
1161 2375 1205 2405 uti
1219 2375 1319 2405 voluit
1342 2373 1499 2414 Sulpicius
1522 2374 1562 2404 ad
1586 2384 1680 2405 accu-

918 2419 1048 2448 sandum
1078 2417 1256 2457 Murenam,
1278 2418 1429 2448 contraria
1456 2422 1504 2447 est
1533 2417 1681 2458 petitioni

918 2459 1113 2491 consulatus.

960 2503 1009 2534 Ib.
1035 2503 1125 2533 Poena
1137 2504 1284 2544 graviora]
1322 2502 1450 2538 Exsilio,
1467 2513 1529 2543 quo
1550 2503 1676 2532 damna·

916 2546 969 2576 bat
995 2546 1187 2581 ambitiosos,
1210 2545 1309 2575 voluit
1335 2545 1490 2584 Sulpicius
1518 2550 1553 2574 ut
1580 2544 1679 2573 multa

918 2589 1095 2629 pecuniaria
1118 2588 1323 2628 adjiceretur;
1348 2588 1442 2628 quare
1468 2597 1530 2616 non
1558 2587 1680 2616 medio-

917 2631 1008 2662 criter
1022 2631 1134 2661 offensi
1150 2636 1222 2661 sunt
1237 2630 1350 2671 plebeii
1367 2635 1399 2660 et
1414 2629 1489 2659 viles
1505 2629 1656 2660 homines.

961 2675 1014 2704 49.
1035 2673 1177 2705 Eaesilium
1200 2674 1230 2703 in
1244 2678 1372 2704 vwstrum
1386 2672 1542 2714 ordinm]
1579 2671 1683 2702 Periit

919 2716 1014 2747 etiam
1037 2721 1072 2747 ut
1092 2716 1162 2748 aliis
1182 2716 1282 2758 poenis
1302 2715 1468 2746 adderetur
1480 2714 1623 2746 exsilium
1650 2714 1688 2744 i-

920 2763 1089 2791 tenorem.
1663 2770 1666 2773 ·

1678 133 1759 175 169
