1858 3095
677 164 768 198 PRO
794 163 953 198 effluo.
1597 154 1684 199 243

40 243 288 300 reipublicae
317 255 487 300 poenas,
519 240 595 283 sed
628 241 683 283 ad
712 241 900 283 mulieris
929 239 1130 281 libidines
1161 243 1205 282 et
1231 236 1420 287 delicias,
1453 237 1608 295 depos-

42 301 164 342 citur.
226 301 370 356 Atque
393 300 475 340 hoc
497 299 627 340 etiam
656 299 753 339 loco
784 297 846 338 M.
870 297 1059 337 Camurti
1082 302 1124 337 et
1146 296 1196 337 C.
1218 294 1367 336 Eserni
1389 294 1606 336 damnatio

55 357 307 398 ›raedicatun
383 355 438 406 O,
470 355 770 396 stultitiam-ne
810 354 965 405 dicam,
1006 368 1060 394 an
1099 350 1424 408 impudientiam
1461 351 1606 407 singu·
1628 352 1679 394 10

38 372 200 455 larem?
242 413 500 463 audetis-ne,
532 427 628 453 cum
660 412 712 452 ab
743 410 794 452 eft
825 410 998 451 muliere
1029 409 1226 460 veniatis,
1258 408 1396 448 facere
1428 407 1608 450 istorum

38 468 256 510 hominum
285 469 575 509 mentionem?
606 467 843 510 audetis-ne
877 467 1061 508 excitare
1088 465 1195 506 tanti
1229 464 1380 519 flagitii
1411 463 1607 505 memori-

37 540 120 574 am,
153 539 238 566 non
261 525 518 566 exstinctam
539 525 655 565 illam
677 524 864 580 quidem,
888 523 962 564 sed
985 536 1218 578 repressam
1238 521 1474 561 vetustate?
1506 520 1605 568 Quo

38 581 150 622 enim
186 580 248 621 illi
283 581 458 622 crimine
492 588 757 637 peccatoque
788 580 1028 635 perierunt?
1059 576 1228 633 nempe,
1260 576 1375 631 quod
1411 576 1605 631 ejusdem

36 636 226 678 mulieris
248 637 439 678 dolorem
461 646 503 678 et
523 637 718 692 iujuriam
740 636 941 676 Vettiano
963 634 1123 674 nefario
1145 639 1246 674 sunt
1265 639 1411 687 stupro
1439 632 1605 687 bperse·
1622 633 1676 674 15

37 693 141 733 cuti.
201 693 330 743 Erero,
365 701 411 735 ut
437 694 652 735 audiretur
670 691 808 733 Vettii
829 705 983 732 nomen
1004 690 1048 730 in
1065 689 1210 739 causti,
1242 694 1289 728 ut
1309 688 1381 728 illa
1400 694 1524 728 vetus
1546 690 1605 729 A-

39 748 231 790 franiana
258 730 402 791 'fabula
429 750 705 796 refricaretur,
736 746 900 788 idcirco
921 745 1113 787 Camurti
1135 752 1178 786 et
1194 744 1344 785 Eserni
1376 758 1506 785 causa
1538 750 1606 785 est

34 806 264 846 renovata?
294 807 381 861 qui,
412 819 668 861 quamquam
699 805 793 859 lege
824 804 877 844 de
905 803 946 844 vi
979 801 1093 844 certe
1130 816 1217 843 non
1249 801 1517 851 tenebantur,
1549 815 1602 842 eo

37 861 249 902 maleficio
271 868 414 902 tamen
442 869 561 903 erant
582 860 806 916 implicati,
837 866 886 900 ut
906 873 958 901 ex
980 859 1139 899 nullius
1162 857 1269 914 legis
1290 857 1457 913 laqueis
1481 857 1603 898 emit-

36 917 155 957 tendi
185 917 442 959 viderentur.
503 918 567 958 M.
589 916 688 958 verb
711 916 875 957 Coelius
905 930 980 957 cur
999 915 1041 955 in
1061 915 1146 955 hoc
1160 914 1370 970 judicium
1392 913 1601 955 vocatur?
1619 917 1675 958 20

35 972 103 1013 cui
134 987 272 1029 neque
303 974 516 1030 proprium
549 973 800 1029 quaestionis
842 972 1001 1014 crimen
1031 971 1245 1027 objicitur,
1285 985 1365 1012 nec
1395 969 1493 1011 verb
1525 970 1603 1011 ali-

36 1028 140 1084 quid
172 1030 398 1085 ejusmodi,
438 1031 576 1086 cquod
609 1029 665 1070 sit
697 1029 722 1070 ὰ
750 1030 844 1085 lege
877 1029 1132 1083 sejunctum,
1163 1034 1207 1068 et
1237 1041 1335 1068 cum
1365 1026 1506 1067 vestr-21
1536 1042 1601 1068 se-

35 1085 210 1127 veritate
232 1087 531 1142 conjunctum3
565 1087 687 1141 cujus
705 1086 837 1142 prima
857 1092 959 1126 aetas
981 1084 1126 1125 dedita
1147 1083 1386 1139 disciplinis
1406 1083 1500 1134 fuit,
1530 1082 1601 1124 iis-

37 1155 118 1196 que
139 1142 317 1193 artibus,
347 1142 503 1198 quibus
526 1142 772 1183 instruimur
792 1142 982 1182 adhunc
1009 1155 1133 1181 usum
1160 1140 1386 1191 forensem,
1418 1140 1473 1181 ad
1503 1139 1600 1181 dca-

35 1198 289 1252 pessendam
308 1199 626 1254 rempublicam,
655 1199 709 1239 ad
740 1199 958 1249 honorem,
990 1197 1180 1252 gloriam,
1212 1196 1486 1251 dignitatem:
1526 1196 1599 1238 ‘iis
1616 1201 1674 1242 25

38 1261 180 1295 autem
215 1254 296 1295 fuit
326 1255 528 1296 amicitiis
560 1255 767 1310 majorum
800 1262 918 1304 natu,
949 1268 1129 1309 quorum
1161 1252 1316 1293 imitari
1348 1252 1602 1294 industriam

39 1310 435 1366 continentiamque
455 1310 639 1351 maximi:
660 1311 784 1360 velit;
814 1311 865 1351 iis
887 1309 1116 1365 aequalium
1137 1308 1306 1358 studiis,
1326 1316 1374 1349 ut
1390 1309 1601 1358 eumdem,

68 1380 165 1407 uem
204 1366 356 1421 optimi
392 1381 442 1408 ac
480 1366 751 1416 nobilissimi,
802 1372 947 1421 petere
986 1379 1156 1406 cursum
1196 1365 1335 1405 laudis
1373 1364 1603 1407 videretur.

37 1379 148 1462 gum
181 1430 324 1464 autem
353 1424 527 1479 paulum
556 1424 648 1478 jam
676 1423 841 1463 roboris
872 1421 1129 1464 accessisset
1157 1420 1288 1471 aetati,
1329 1420 1374 1461 in
1409 1421 1602 1462 Africam

38 1478 255 1532 profectus
289 1486 369 1529 est,
401 1479 453 1527 Q.
476 1479 685 1534 Pompeio
715 1478 962 1535 proconsuli
994 1477 1328 1529 contubernalis,
1359 1477 1601 1520 castissimo
1617 1482 1673 1525 30

35 1533 140 1585 viro,
191 1540 319 1591 atque
371 1535 509 1577 omnis
557 1535 687 1576 officii
736 1534 1094 1591 diligentissimo:
1157 1533 1202 1574 in
1249 1532 1336 1589 qu&
1383 1534 1605 1589 provincia

37 1588 136 1631 cum
176 1590 258 1631 sres
291 1598 411 1632 erant
445 1597 488 1633 et
521 1591 816 1648 possessiones
852 1597 1053 1648 paternae,
1089 1596 1178 1631 tum
1214 1590 1343 1631 etiam
1379 1605 1481 1632 usus
1512 1590 1606 1646 qui-

37 1646 136 1688 dam
157 1646 444 1702 provincialis,
465 1661 550 1689 non
571 1647 663 1689 sine
685 1648 818 1689 caus-Si
839 1648 865 1689 a
884 1647 1117 1703 majoribus
1136 1646 1239 1687 huic
1262 1646 1378 1687 aetati
1404 1647 1604 1689 tributus.

40 1702 254 1746 Discessit
264 1703 383 1747 illinc
391 1703 589 1761 Pompeii
599 1703 768 1761 judicio
781 1703 1123 1762 probatissimus,
1144 1709 1192 1744 ut
1202 1702 1337 1759 ipsius
1354 1703 1601 1746 testimonio

82 1872 190 1914 bulti
209 1879 316 1916 szmt
334 1876 492 1916 υἰοῖαίᾶ
501 1875 717 1928 pudicitia
741 1875 876 1915 Vettii.
936 1875 1071 1927 equod
1089 1886 1179 1914 non
1199 1874 1296 1915 licet
1310 1886 1390 1927 per
1404 1875 1550 1928 legem.

32 1928 393 1983 “gubernandam
439 1933 611 1973 ‘habuit
623 1946 694 1974 eas
707 1932 920 1972 amicitias
934 1945 1031 1972 cum
1042 1931 1295 1972 senioribus.
1338 1928 1598 1985 (facultates.

84 2113 114 2141 9.
139 2110 273 2141 Camurti
293 2117 320 2142 et
344 2111 378 2142 C.
399 2111 500 2143 Esemi
521 2111 696 2152 damnatio]
739 2110 798 2142 Vi-

44 2153 156 2183 dentur
171 2154 201 2183 hi
216 2154 366 2192 damnati,
388 2154 470 2196 quod
487 2165 524 2185 ex
539 2155 575 2184 iis
595 2155 722 2190 fuerint,
745 2154 799 2194 qui

42 2196 162 2237 legatos
178 2195 403 2228 Alexandrinos
424 2197 617 2233 interfecere,
639 2202 674 2227 ut
696 2197 800 2238 placet

43 2239 253 2270 Hotomanno.
300 2241 362 2270 Sed
373 2240 440 2270 aliis
453 2240 597 2270 videntur
607 2240 700 2270 fuisse
710 2240 797 2270 dam-

44 2282 123 2318 nati,
144 2281 226 2322 qmid
252 2282 357 2313 Vettio
380 2283 502 2313 cuidam
525 2282 717 2312 adolescenti
736 2282 797 2311 vim

46 2323 231 2360 intulissent,
255 2330 289 2355 ut
305 2324 425 2356 Clodiae
439 2325 576 2356 facerent
591 2325 678 2361 satis,
700 2324 719 2354 a
737 2324 799 2365 quit

46 2365 112 2406 ejus
127 2367 276 2407 pudicitia
292 2378 352 2397 non
367 2369 469 2408 potuit
483 2369 664 2409 expugnari.

88 2411 140 2440 16.
166 2408 206 2440 Ut
225 2410 279 2440 illa
297 2417 376 2441 vetus
399 2411 566 2452 Afraniana
582 2410 692 2451 fabula
713 2408 800 2451 refri-

44 2453 189 2494 caretur-,J
247 2452 386 2483 Videtur·
410 2455 470 2484 hoc
499 2453 634 2483 facinore
663 2452 800 2483 renovari

50 2495 194 2525 memoria
208 2494 316 2536 flagitii
330 2495 389 2526 illis
404 2496 510 2526 similis
525 2495 658 2535 flagitiis,
674 2495 714 2525 de
731 2494 799 2535 qui-

45 2536 103 2566 bus
118 2536 263 2568 Afranius
283 2539 390 2578 poeta,
412 2539 466 2579 qui
489 2544 610 2579 togatas
626 2537 799 2578 turpissime

47 2578 184 2618 scripsit:
207 2580 266 2610 nisi
286 2581 413 2611 fortasse
429 2581 571 2622 designet
586 2581 693 2612 Caiam
710 2579 786 2610 Afra

46 2621 141 2659 niam,
153 2621 450 2662 impudentissimam
464 2624 622 2659 seminam,
638 2623 800 2664 po'etriam,

48 2668 81 2692 et
96 2663 256 2694 multarum
271 2666 442 2696 fabularum
456 2666 668 2703 inventricem,
684 2667 724 2696 de
736 2665 798 2706 qua

45 2704 181 2746 loquitur
195 2706 268 2738 val.
278 2707 367 2739 Max.
379 2709 432 2739 lib.
443 2712 474 2741 8.
489 2719 559 2750 cap.
574 2711 605 2740 3.

94 2750 146 2778 18.
170 2747 243 2791 Lege
272 2751 306 2781 de
327 2753 356 2781 vi
377 2762 435 2782 non
457 2751 654 2792 tenebantur]
699 2751 801 2782 Tene-

45 2791 155 2822 bantur
170 2792 211 2823 de
227 2791 257 2823 vi
271 2792 411 2836 quidem,
434 2805 498 2826 non
521 2794 603 2838 quod
616 2793 709 2828 armis
722 2804 802 2827 rem-

841 2110 996 2151 publicam
1012 2109 1204 2147 turbassent3
1229 2110 1283 2140 sed
1307 2110 1381 2151 quia
1404 2110 1464 2141 vim
1487 2110 1600 2142 intule-

840 2152 1041 2193 rantjuvcnis
1056 2152 1238 2183 sanctissimi
1251 2153 1419 2194 pudicitiae,
1435 2153 1519 2193 quod
1531 2154 1600 2195 qui·

841 2197 912 2226 dem
930 2196 968 2226 ad
985 2195 1045 2225 vim
1062 2195 1216 2236 publicam
1233 2195 1387 2236 pertinere
1402 2196 1577 2227 videbatur.

884 2240 936 2269 ⁶28.
960 2237 1161 2279 Nobilissirni]
1206 2238 1360 2268 Eumdeni
1385 2239 1455 2269 vitae
1479 2249 1599 2270 cursum

841 2282 941 2311 tenuit
954 2280 1080 2317 Coelius,
1095 2291 1186 2321 quem
1200 2280 1379 2312 nobilissimi
1394 2281 1511 2323 quique
1521 2292 1601 2314 sem-

843 2334 899 2364 per
914 2328 1088 2354 tennerunt.

885 2368 937 2396 530.
962 2366 1155 2406 Proconsuli]
1201 2365 1405 2397 Proconsules
1426 2367 1502 2398 dicti
1515 2373 1599 2407 sunt,

843 2408 923 2449 quod
939 2417 993 2449 pro
1006 2408 1194 2448 consulibus,
1210 2409 1248 2438 ad
1260 2409 1516 2441 administrandas
1531 2421 1601 2453 pro-

843 2451 960 2482 vincias
976 2451 1176 2482 mitterentur.

885 2493 933 2524 Ib.
952 2493 1201 2535 Contubernalis]
1231 2494 1475 2526 Contubernales
1487 2496 1600 2527 milites

843 2537 1036 2574 dicebantur,
1058 2538 1112 2579 qui
1127 2538 1235 2569 decem
1265 2537 1321 2568 sub
1351 2548 1411 2569 uno
1440 2539 1600 2580 papilione

844 2580 1012 2620 degebant.

885 2625 939 2653 32.
965 2621 1039 2652 Usus
1063 2623 1182 2663 quidam
1208 2623 1416 2663 provincialis]
1462 2622 1602 2655 Romani

840 2665 982 2695 solebant
1009 2665 1224 2696 adolescentes
1254 2667 1293 2695 ad
1323 2666 1492 2706 provincias
1528 2676 1600 2697 cum

842 2707 1020 2748 praesidibus
1033 2708 1166 2745 mittere,
1178 2713 1212 2738 ut
1224 2709 1391 2748 paratiores
1402 2708 1441 2739 ad
1455 2709 1600 2751 rempub-

840 2750 931 2780 licam
945 2750 1217 2781 administrandam
1228 2750 1432 2791 aceederent5
1455 2752 1538 2785 unde
1550 2751 1602 2786 hic

843 2803 915 2825 usus
930 2803 986 2836 pro
999 2793 1190 2836 experientia
1202 2792 1338 2834 ponitur.

1201 2848 1231 2880 Τ
