1790 3090
91 134 178 178 206

170 206 414 247 Alexander
450 219 596 247 secum
635 205 837 248 habuisse
878 206 1059 248 dicitur!

708 131 798 163 PRO
822 131 1011 169 ARCHIA,
1035 129 1190 163 POETA.

1120 206 1266 261 Atque
1295 203 1332 245 is
1362 207 1521 255 tamen,
1551 203 1649 246 cum
1679 202 1724 243 in

169 261 299 318 Sigeo
321 264 375 304 ad
397 262 582 303 Achillis
610 263 817 304 tumulum
853 263 1105 314 adstitisset,
1130 264 1165 303 Ο
1174 265 1424 317 fortunate,
1447 260 1602 316 inquit,
1622 262 1722 301 ado-

167 322 341 370 lescens,
363 322 437 373 qui
476 325 568 360 tuce
602 322 779 360 turturis
814 322 1053 362 Homerum
1085 334 1330 373 prceconem
1364 320 1606 359 invene-ris!

1666 315 1725 356 Et

122 383 149 423 5
168 374 290 427 vere3
322 390 435 425 nam,
463 375 546 416 nisi
584 375 685 416 Ilias
717 375 789 416 illa
823 376 1073 423 exstitisset,
1095 375 1210 416 idem
1239 375 1444 425 tumulus,
1466 375 1539 430 qui
1568 387 1721 428 corpus

168 433 260 487 ejus
301 438 564 482 contexerat,
605 446 761 472 nomen
801 433 931 472 etiam
971 431 1197 473 obruisset.

1275 431 1420 478 Quid?
1468 437 1613 471 noster
1650 428 1722 470 1110

167 488 371 543 Magnus,
393 488 466 543 qui
487 503 585 529 cum
605 488 760 529 virtute
794 488 1008 528 fortunam
1041 487 1296 543 adaequavit,
1317 502 1476 528 non—ne
1497 485 1723 542 Theopha-

165 559 264 585 nem
301 544 615 600 Mitylenaeum,
646 544 898 599 scriptorem
933 558 1072 584 rerum
1103 558 1288 595 suarum,
1326 543 1369 583 in
1402 543 1611 585 concione
1645 541 1722 582 mi-

164 601 302 652 litum,
324 601 496 642 civitate
530 601 736 642 donavit?
769 608 811 641 et
841 600 974 641 nostri
1008 600 1071 640 illi
1104 601 1235 641 fortes
1266 599 1358 650 viri,
1381 601 1458 641 sed
1490 598 1638 641 rustici
1670 612 1720 638 ac

95 663 148 705 10
166 657 336 708 milites,
354 657 580 698 dulcedine
602 656 786 713 quadam
809 656 955 712 gloriae
978 656 1197 707 commoti,
1219 656 1341 712 quasi
1360 656 1589 712 participes
1610 656 1721 711 ejus-

166 714 264 754 dem
285 714 440 765 laudis,
461 728 616 769 magno
638 714 741 754 illud
764 714 948 754 elamore
969 713 1339 769 approbaverunt?
1372 712 1537 768 Itaque,
1555 711 1721 767 (credo)

166 769 203 810 si
225 770 330 811 civis
353 770 479 811 Rom.
506 770 685 811 Archias
710 770 879 826 legibus
901 784 987 811 non
1008 777 1135 820 esset,
1160 776 1206 810 ut
1226 769 1280 811 ab
1301 768 1445 824 aliquo
1466 769 1721 824 imperatore

166 826 337 867 civitate
356 827 597 877 donaretur,
619 828 820 882 perficere
846 841 932 867 non
953 826 1105 881 potuit.

1165 825 1299 881 Sylla,
1323 824 1418 866 cum
1439 825 1658 881 Hispanos
1678 829 1723 864 et

166 882 314 922 Gallos
332 882 505 924 civitate
523 884 715 933 donaret,
731 883 898 934 (credo)
915 883 1031 923 hunc
1047 889 1262 938 petentem
1281 881 1571 937 repudiasset:
1595 893 1724 937 quem

96 945 146 986 15
166 953 244 979 nos
264 938 309 978 111
330 939 539 979 concione
560 939 755 987 vidimus,
779 938 874 979 cum
896 938 933 978 ei
954 938 1144 979 libellum
1160 940 1297 980 malus
1317 938 1446 994 po'eta
1464 938 1545 979 ²³de
1562 936 1720 993 populo

165 994 436 1050 subjecisset,
458 995 573 1050 quod
595 995 855 1050 epigramma
875 994 919 1034 111
941 1009 1038 1035 eum
1071 995 1248 1036 fecisset
1281 993 1577 1036 tantummodo
1597 995 1723 1034 alter-

164 1051 230 1092 nis
250 1051 442 1092 versibus
464 1051 760 1106 longiusculis,
775 1051 935 1101 statim,
952 1066 1004 1092 ex
1027 1051 1079 1091 iis
1100 1052 1226 1091 rebus
1243 1066 1349 1106 quas
1370 1057 1472 1092 tunc
1491 1050 1720 1099 vendebat,

156 1108 309 1163 jubere
345 1108 383 1149 ei
415 1109 636 1165 praemium
669 1107 813 1160 tribui,
849 1108 927 1149 sub
965 1107 1018 1149 ea
1054 1107 1316 1156 conditione,
1338 1121 1391 1149 ne
1428 1106 1533 1163 quid
1569 1104 1721 1162 postea

823 1273 838 1289 ²³
855 1267 1058 1319 vulgaris.

204 1438 236 1466 2.
293 1435 392 1466 Secum
439 1436 566 1467 habuisse
599 1436 734 1477 dicitur]
803 1436 919 1467 Probat

162 1484 278 1519 quanto
295 1479 324 1509 iu
347 1480 462 1509 11011018
478 1481 561 1519 apud
579 1490 705 1519 magnos
719 1480 798 1510 viros
816 1480 918 1520 po'etae

161 1522 286 1560 fuerint,
304 1522 446 1562 exemplo
460 1523 629 1552 Alexandri
639 1523 835 1563 Magni‚qui‚
850 1523 921 1552 licet

161 1565 306 1594 habuerit
320 1575 424 1595 secum
446 1565 557 1595 multos
582 1565 702 1605 poie'tas,
719 1572 750 1595 ct
764 1565 920 1605 impolitos

162 1607 302 1647 quidem,
318 1612 423 1637 tamen
445 1618 550 1637 eorum
579 1608 699 1648 seriptis
723 1608 766 1637 ita
781 1608 920 1639 delecta-

161 1649 261 1685 batur,
285 1656 319 1680 ut
349 1661 400 1681 eos
424 1651 598 1681 muneribus
621 1650 810 1681 cumularet:
834 1652 918 1681 unde

161 1692 311 1724 Horatius
322 1694 361 1724 de
377 1704 414 1723 eo
429 1693 529 1723 canit:

163 1778 276 1808 Gratus
286 1779 449 1809 Alexandra
462 1780 523 1819 regi
539 1778 724 1820 Magnofnit
736 1779 784 1809 ille

164 1821 317 1860 Choerilus,
334 1821 451 1852 incultis
464 1825 514 1862 qui
529 1823 652 1852 rersibus
671 1829 697 1851 et
714 1822 787 1852 1110Ιὲ
801 1823 878 1851 vatis

161 1863 290 1895 Rettulit
319 1870 451 1903 acceptos,
489 1866 586 1906 regale
617 1866 772 1901 numisma,
805 1864 920 1903 Philip-

199 1918 262 1947 pos.

204 1992 254 2024 Ib.
277 1993 371 2034 Atque
389 1992 440 2033 is.]
478 1992 656 2023 Alexander
668 1993 804 2032 Magnus
817 1997 920 2032 gratu-

161 2035 241 2066 latus
263 2036 322 2065 suit
344 2035 459 2065 Achilli
475 2036 654 2065 felicitatem
678 2046 776 2070 suam,
792 2034 862 2065 cum
879 2036 918 2065 ad

163 2079 288 2119 Sigeum
312 2078 553 2118 promontorium
575 2078 676 2119 Trojae
699 2078 844 2114 venisset,
866 2079 919 2108 ubi

162 2121 274 2152 dicitur
289 2121 383 2151 fuisse
399 2121 479 2151 illius
495 2121 681 2160 sepulcrum.

205 2167 235 2196 3.
261 2164 286 2194 O
297 2164 456 2205 fortunate
480 2165 636 2194 adulescens
646 2164 670 2202 J]
718 2163 850 2193 Duabus
880 2163 921 2193 de

162 2207 262 2238 causis
288 2208 414 2247 quidem
444 2206 516 2236 felix
543 2207 613 2242 fuit,
630 2212 660 2236 1.
677 2212 802 2246 propter
825 2206 918 2235 virtu-

161 2256 224 2280 tem
234 2261 319 2281 suam
336 2250 490 2290 egregiam
504 2260 512 2285 ς
534 2252 564 2279 2.
579 2249 664 2290 (1υό11
679 2249 822 2278 virtutem
834 2249 920 2279 illam

162 2294 318 2334 egregiam
334 2293 488 2322 Homerus
515 2292 705 2332 praedicavit,
720 2291 807 2331 cujus
823 2293 918 2322 bene-

162 2336 232 2366 ficio
256 2336 340 2377 apud
363 2341 501 2376 posteros
528 2341 679 2375 perpetua
694 2335 796 2365 futura
811 2340 868 2371 est,
884 2341 919 2365 ut

162 2379 324 2419 sequentia
340 2379 432 2408 verba
447 2379 597 2408 indicant.

206 2424 238 2453 5.
262 2421 334 2451 Ilius
347 2421 425 2461 illa]
460 2420 534 2450 Ilias
551 2430 628 2460 opus
643 2419 773 2449 Homeri
789 2419 916 2449 nobilis-

161 2465 271 2495 simum
287 2464 355 2499 suit,
371 2464 409 2493 ab
433 2473 470 2493 eo
491 2463 589 2500 dicta,
604 2460 687 2502 quod
712 2462 825 2491 belluni
841 2472 915 2492 con·

161 2508 258 2537 tincat
285 2507 368 2547 apud
393 2505 496 2540 Ilium,
512 2506 594 2545 quod
612 2506 690 2534 inter
707 2504 832 2535 Graecos
848 2516 917 2545 ges-

161 2557 225 2581 tum
242 2556 289 2580 est
304 2555 335 2580 et
346 2548 496 2589 Trojanos
507 2549 546 2577 ob
562 2553 679 2588 raptam
692 2547 858 2579 Helenam.

205 2596 235 2624 6.
260 2592 364 2622 Noster
375 2591 389 2620 h
396 2593 420 2621 ic
435 2590 591 2631 Magnus]
637 2589 752 2620 Probat
767 2592 796 2619 Q.
812 2591 850 2620 ab
865 2600 916 2620 ex-

162 2636 265 2677 emplo
282 2633 427 2674 Pompeii
442 2633 564 2674 Magni,
580 2632 645 2674 qui,
660 2631 731 2663 cum
749 2633 779 2663 in
803 2634 918 2673 Hispa-

160 2679 242 2708 niam
269 2679 307 2708 ad
331 2676 621 2718 periculosissimum
646 2675 760 2705 bellum
781 2676 919 2716 proficis-

161 2727 291 2756 ceretur,
312 2721 380 2760 lege
404 2718 466 2750 lata
481 2719 499 2748 ῑι
516 2719 552 2748 L.
569 2718 672 2748 Gellio
698 2717 861 2748 Publicola
887 2725 918 2749 et

161 2764 220 2797 Cn.
245 2763 389 2796 Cornelio
415 2762 560 2798 Lentulo,
574 2766 761 2803 potestatem
785 2761 919 2794 obtinuit

963 1436 1102 1467 donandi
1131 1436 1268 1475 civitate,
1292 1436 1346 1478 qui
1368 1435 1447 1466 118118
1476 1446 1509 1466 se
1537 1435 1723 1476 strenueque

963 1480 1130 1520 gessissent
1147 1481 1177 1508 in
1196 1480 1288 1510 bello.

1007 1525 1038 1554 7.
1063 1522 1258 1560 Theophanem
1285 1520 1514 1561 Mstylenoeum]
1558 1520 1726 1562 Theopha-

963 1575 1019 1595 nes
1048 1564 1101 1594 ille
1132 1564 1190 1595 fuit
1219 1565 1381 1595 historicus
1404 1570 1436 1594 et
1459 1564 1564 1604 poeta,
1587 1566 1642 1604 qui
1678 1574 1724 1594 res

964 1613 1064 1648 gestas
1095 1607 1113 1636 3
1142 1607 1295 1648 Pompeio
1320 1607 1457 1637 versibus
1484 1606 1672 1637 celebravit:
1705 1606 1724 1636 εἴ

963 1661 1036 1691 (1110,
1049 1651 1206 1681 communi
1228 1650 1357 1680 militum
1373 1648 1600 1689 consensu‚jus
1615 1649 1724 1679 civita-

963 1694 1001 1723 tis
1014 1693 1157 1723 obtinuit.

1007 1738 1038 1767 9.
1057 1735 1112 1766 Sed
1126 1737 1228 1766 rustici
1240 1747 1274 1766 ac
1296 1736 1426 1776 milites]
1471 1734 1518 1764 Ex
1545 1733 1668 1765 Catone
1693 1734 1724 1764 in

965 1778 1041 1809 libro
1057 1779 1097 1809 de
1121 1779 1171 1809 Re
1194 1778 1338 1814 Rustica,
1353 1790 1390 1809 ex
1414 1777 1556 1818 agricolis
1582 1777 1638 1806 viri
1660 1777 1722 1807 for-

965 1821 1074 1851 tissimi
1095 1826 1128 1851 et
1153 1821 1352 1851 strenuissimi
1373 1821 1485 1851 milites
1508 1820 1596 1855 flunt,
1612 1824 1721 1860 utpote

964 1864 1018 1904 qui
1030 1863 1139 1904 magis,
1149 1864 1242 1905 quam
1256 1864 1373 1900 urbani,
1384 1863 1542 1894 laboribus
1555 1862 1722 1893 tolerandis

964 1908 1078 1937 assueti
1091 1913 1174 1937 sunt.

1008 1952 1061 1981 11.
1100 1949 1212 1989 Itaque,
1223 1949 1332 1990 creda]
1366 1948 1482 1979 Ironia.
1516 1947 1549 1977 Si
1564 1947 1647 1977 enim
1665 1946 1724 1978 Ar-

963 1993 1048 2021 chias
1063 1993 1196 2022 donatus
1221 2002 1284 2021 non
1307 1991 1417 2021 fuisset
1430 1990 1570 2026 civitate,
1583 1990 1616 2020 id
1631 1990 1723 2021 facilc

965 2035 1149 2065 beneficium
1178 2034 1216 2064 ab
1242 2034 1345 2075 aliquo
1375 2033 1723 2074 imperatore,Metello

961 2078 1087 2117 nempe,
1103 2077 1298 2113 obtinuisset,
1323 2077 1373 2107 cui
1394 2075 1552 2106 familiaris
1578 2075 1647 2112 fuit,
1671 2076 1721 2106 vel

962 2120 979 2149 3
995 2120 1094 2161 Sylla,
1108 2121 1164 2162 qui
1186 2120 1280 2151 etiam
1295 2120 1328 2150 in
1342 2119 1439 2150 malos
1461 2119 1571 2160 poetas
1585 2117 1722 2150 liberalis

962 2162 1030 2193 suit.

1007 2207 1057 2236 13.
1080 2205 1224 2245 Hispanos
1246 2212 1273 2236 et
1288 2205 1388 2236 Gallos
1403 2204 1549 2245 donaret]
1595 2202 1722 2240 Probat,

962 2248 1106 2289 exemplo
1123 2248 1229 2291 Syllae,
1245 2249 1312 2290 qui,
1327 2248 1396 2279 cum
1422 2248 1532 2278 milites
1558 2246 1665 2277 Gallos
1688 2254 1721 2277 et

962 2292 1133 2332 Hispanos,
1149 2303 1278 2333 quorum
1297 2297 1363 2322 erat
1381 2301 1452 2321 usus
1474 2291 1508 2320 in
1531 2289 1620 2319 bellis
1643 2299 1719 2330 ope-

961 2334 1005 2369 131,
1032 2335 1158 2365 civitate
1186 2335 1319 2370 donarit,
1342 2335 1426 2364 haud
1455 2332 1548 2363 dubit}
1570 2331 1717 2362 Archiam

961 2377 1085 2408 civitate
1109 2377 1300 2414 donavisset,
1323 2377 1348 2407 si
1373 2378 1452 2406 hanc
1467 2374 1573 2406 abillo
1589 2375 1717 2415 gratiam

959 2419 1090 2450 Archias
1120 2420 1301 2460 petivisset;
1322 2420 1408 2461 quod
1434 2417 1595 2449 confirmat
1616 2428 1719 2448 exem-

959 2463 1013 2502 plo
1027 2464 1099 2493 mali
1114 2464 1227 2502 po‘e'tae,
1243 2463 1301 2493 &c.

1005 2507 1056 2535 16.
1101 2506 1231 2536 Alternis
1259 2505 1382 2535 versibus
1418 2502 1630 2544 longiusculis.]
1677 2501 1716 2532 Id

960 2553 1016 2582 est,
1031 2548 1214 2578 hexametris
1227 2553 1259 2577 et
1270 2546 1480 2588 pentametris,
1490 2545 1539 2575 vel
1553 2545 1611 2575 illis
1625 2546 1718 2575 versi-

959 2591 1015 2620 bus
1032 2590 1139 2630 quales
1154 2591 1193 2621 ab
1207 2591 1338 2621 Horatio
1353 2589 1477 2629 plurimi
1492 2588 1597 2629 scripti
1612 2593 1692 2618 sunt.

1005 2634 1057 2664 17.
1081 2633 1161 2666 Quas
1186 2639 1257 2663 tunc
1278 2631 1439 2671 vendeban]
1498 2630 1599 2661 Dedit
1619 2630 1663 2660 illi
1678 2642 1716 2661 ex

959 2676 1048 2706 bonis
1059 2676 1173 2706 civium
1189 2675 1285 2708 Rom.
1300 2686 1369 2715 quae
1384 2675 1442 2705 sub
1457 2673 1546 2704 hasta
1560 2674 1718 2704 vendebat

960 2719 992 2749 in
1014 2719 1091 2754 foro,
1113 2718 1199 2759 quod
1226 2719 1322 2749 Marii
1348 2717 1486 2758 partibus
1514 2716 1716 2748 studuissent.

961 2762 1001 2794 Id
1016 2761 1168 2794 invidiosi}
1182 2767 1290 2795 conti-a
1303 2761 1425 2803 Syllam
1439 2759 1527 2795 dicit.
