1790 3090
75 183 104 223 8

623 181 673 212 IN
696 181 947 219 CAECILIUM,
970 181 1226 215 DIVINATIO.

141 254 313 299 tissent.
373 256 501 299 Nunc
517 254 632 309 verb,
654 257 751 300 cum
786 258 830 300 id
850 258 911 301 ita
939 258 1213 315 perspicuum
1229 258 1299 309 sit,
1329 262 1378 298 ut
1410 256 1547 299 oculis
1575 256 1693 314 judi-

144 327 243 355 care
257 313 451 370 possitis,
480 314 628 355 nescio
646 329 720 356 cur
739 316 823 358 hoc
855 316 960 357 mihi
995 316 1252 358 detrimento
1272 329 1367 357 esse
1387 314 1559 366 debeat,
1589 314 1626 355 si
1645 314 1690 355 id

143 369 251 411 mihi
271 370 511 426 objiciatur,
541 385 608 412 me
638 371 911 427 potissimum
945 388 1040 414 esse
1061 373 1290 414 delectum.
1348 370 1508 412 Verum
1527 370 1571 412 id
1587 370 1692 412 mihi

144 441 232 468 non
253 441 390 479 sumo,
415 427 603 484 judices,
634 434 676 468 et
695 428 780 470 hoc
799 443 886 470 non
906 429 1036 470 modo
1052 429 1096 469 in
1116 429 1308 470 oratione
1324 428 1422 470 mea
1441 442 1529 470 non
1558 440 1690 483 pono,

75 484 131 526 45
145 483 222 525 sed
250 498 304 524 ne
333 483 378 524 in
419 484 620 540 opinione
662 484 837 539 quidem
870 486 1124 541 cujusquam
1153 485 1362 541 relinquo,
1393 499 1461 527 me
1493 483 1691 526 omnibus

141 539 334 595 patronis
355 555 449 582 esse
469 546 760 596 praepositum.

140 596 274 651 poris,
294 597 567 649 valetudinis,
583 597 800 638 facultatis
822 598 877 638 ad
898 598 1126 653 agendum,
1147 597 1305 638 cducta
1324 597 1432 640 ratio
1449 604 1528 639 est.

819 540 920 582 Non
938 542 1000 582 ita
1019 547 1108 582 est:
1139 541 1216 582 sed
1235 542 1572 597 uniuscujusque
1585 547 1693 582 tem-

1589 597 1693 639 Mea

139 651 225 694 fuit
239 667 406 709 semper
425 653 518 696 haec
538 654 582 694 in
602 654 687 695 hac
706 669 749 695 re
769 655 968 696 voluntas
989 661 1034 696 et
1066 653 1296 705 sententia,
1326 654 1520 710 quemvis
1540 660 1588 696 ut
1607 654 1693 695 hoc

139 709 326 760 mallem,
357 710 410 752 de
443 710 496 751 iis
529 710 602 767 qui
622 717 767 752 essent
799 711 959 764 idonei,
992 711 1226 768 suscipere,
1256 710 1384 767 quarn
1418 725 1512 762 rne3
1541 725 1610 752 me
1644 716 1693 753 ut

72 767 128 809 50
141 766 327 818 mallem,
358 766 488 823 quam
504 767 733 810 neminem.

196 821 252 864 V.
282 822 541 880 aReliquum
561 831 629 867 est
641 825 747 881 jam,
778 831 827 866 ut
857 824 964 866 illud
997 839 1251 882 quaeramus,
1283 824 1379 866 cum
1401 823 1486 866 hoc
1506 830 1691 875 constet,

138 877 310 922 Siculos
337 878 362 920 ὲ
400 896 469 922 me
505 881 679 937 petisse,
710 882 864 938 ecquid
896 883 1009 924 hanc
1046 897 1148 933 rem,
1179 881 1294 937 apud
1326 896 1403 923 vos
1439 881 1692 937 animosque

136 942 316 988 vestros,
346 938 487 979 valere
521 945 744 994 oporteat3
776 939 932 994 ecquid
966 938 1234 980 auctoritatis
1267 939 1381 995 apud
1410 953 1504 987 vos,
1533 939 1578 979 in
1612 952 1690 979 suo

131 992 228 1048 jure
247 994 495 1050 repetendo,
527 995 633 1036 socii
649 995 798 1051 populi
820 995 1020 1047 Romani,
1042 996 1258 1052 supplices
1279 995 1422 1044 vestri,
1442 995 1600 1036 habere
1618 994 1693 1036 de-

97 1049 283 1092 5beant.
341 1049 409 1092 De
430 1066 515 1107 quo
537 1051 640 1107 quid
677 1066 758 1107 ego
779 1052 898 1108 plura
930 1052 1289 1093 commemorem?
1321 1051 1444 1108 quasi
1479 1051 1579 1093 verb
1614 1051 1693 1092 du-

136 1105 256 1147 bium
277 1106 347 1158 sit,
378 1108 482 1163 quin
508 1115 601 1148 tota
618 1108 687 1149 lex
716 1109 769 1149 de
801 1108 996 1163 pecuniis
1027 1108 1276 1164 repetundis
1311 1108 1524 1150 sociorum
1560 1107 1692 1149 causa

137 1163 373 1203 constituta
407 1163 475 1205 sit.

536 1164 663 1215 Nam,
695 1164 860 1205 civibus
893 1164 990 1205 etim
1021 1171 1121 1205 sunt
1150 1170 1306 1220 ereptae
1336 1164 1546 1217 pecuniae,
1577 1164 1690 1205 civili

135 1216 225 1259 fere
245 1219 417 1261 actione
449 1226 493 1261 et
522 1220 688 1276 privato
715 1221 811 1276 jure
842 1227 1105 1278 repetuntur.
1164 1221 1271 1263 Haec
1301 1220 1372 1262 lex
1403 1220 1578 1263 socialis
1600 1227 1690 1262 est:

134 1273 221 1316 hoc
234 1276 308 1332 jus
328 1275 550 1318 nationum
577 1284 816 1319 exterarum
851 1284 940 1319 est:
971 1278 1082 1319 hanc
1113 1277 1275 1319 habent
1293 1292 1435 1319 arcem
1454 1276 1596 1319 minus
1616 1276 1692 1318 ali-

69 1333 122 1377 10
135 1339 296 1387 quanto
312 1347 427 1374 nunc
447 1333 621 1389 quidem
642 1333 864 1384 munitam,
895 1334 1025 1390 quam
1045 1333 1172 1375 antea
1189 1350 1198 1375 :
1229 1341 1537 1387 verumtamen,
1566 1333 1691 1390 siqua

132 1388 296 1445 reliqua
315 1404 414 1446 spes
436 1396 516 1442 est,
548 1406 642 1447 quae
675 1390 890 1433 sociorum
910 1391 1077 1433 animos
1097 1391 1309 1433 consolari
1342 1390 1496 1447 possit,
1527 1404 1579 1432 ea
1598 1397 1691 1432 tota

131 1443 179 1485 in
198 1445 284 1488 hac
302 1447 398 1503 lege
414 1447 556 1503 posita
575 1454 663 1489 est:
695 1448 819 1504 cujus
835 1447 945 1504 legis
975 1463 1063 1489 non
1091 1447 1223 1489 modo
1247 1448 1272 1489 ὲ
1293 1448 1455 1504 populo
1476 1448 1689 1498 Romano,

133 1501 211 1544 sed
232 1503 362 1544 etiam
378 1504 432 1544 ab
448 1503 608 1545 ultimis
621 1504 884 1557 nationibus,
898 1504 1158 1561 jampridem
1174 1504 1309 1545 severi
1329 1504 1533 1546 custodes
1548 1503 1689 1560 requi-

130 1565 291 1601 runtur.

352 1559 460 1608 Quis
506 1560 637 1616 igitur
672 1567 752 1610 est,
783 1562 857 1617 qui
898 1567 1029 1617 neget
1068 1567 1263 1616 oportere
1300 1575 1446 1602 eorum
1479 1561 1687 1602 arbitratu

65 1619 118 1661 15
130 1613 227 1670 lege
245 1616 328 1673 agi,
360 1632 541 1673 quorum
562 1617 695 1659 causa
724 1619 795 1659 lex
828 1618 886 1659 sit
905 1617 1171 1659 constituta?
1232 1617 1381 1659 Sicilia
1400 1623 1507 1670 tota,
1541 1617 1578 1659 si
1598 1616 1686 1658 una

127 1684 235 1713 voce
256 1674 518 1729 loqueretur,
549 1675 634 1716 hoc
655 1674 844 1716 diceret:
878 1675 1008 1723 Quod
1028 1673 1133 1725 auri,
1155 1675 1271 1730 quod
1288 1674 1468 1730 argenti,
1490 1674 1608 1730 quod
1624 1688 1686 1715 or-

127 1736 442 1782 namentorum‚
473 1730 518 1772 in
539 1731 646 1773 meis
667 1731 859 1785 urbibus,
890 1731 1083 1783 sedibus,
1115 1730 1319 1784 delubris,
1351 1731 1458 1784 fuit3
1490 1730 1607 1788 quod
1640 1730 1685 1771 in

522 1851 536 1868 Ε
547 1846 707 1888 habita.

167 1957 220 1989 46.
244 1955 311 1988 Non
328 1958 400 2000 itm]
446 1957 605 1990 Removet
618 1969 743 1991 causam
757 1959 775 1990 a
788 1971 831 1996 se,
849 1965 880 1990 et

122 1997 226 2039 rejicit
239 1999 271 2030 in
290 2000 544 2038 circumstantias,
557 2003 715 2044 temporis,
730 2003 881 2034 valetudi-

123 2041 182 2076 nis,
198 2048 230 2072 et
244 2043 409 2075 facultatis.

166 2083 216 2114 Ib.
234 2084 401 2128 Temporis]
446 2087 549 2117 Affert
568 2088 702 2119 rationes
724 2088 818 2130 quare
835 2089 874 2119 ad

121 2125 293 2158 Marcellos
306 2139 368 2160 non
382 2131 448 2160 haee
463 2130 505 2160 sic
521 2130 627 2161 delata
644 2132 818 2162 accusatio:
845 2135 874 2162 1.

124 2169 209 2205 Quia
232 2170 399 2203 Marcellus
415 2172 590 2213 judicabat.
635 2177 665 2205 9.
683 2174 767 2211 Quia
791 2174 878 2205 Mar-

121 2212 252 2244 cellinus
277 2213 397 2245 infirma
410 2221 475 2246 erat
508 2216 698 2248 valetudine.
740 2220 772 2249 3.
796 2217 880 2254 Quia

120 2253 295 2287 Marcellus
323 2257 400 2288 alter
425 2269 490 2289 «non
526 2264 591 2290 tam
625 2259 773 2302 eloquens
803 2265 879 2296 erat,

122 2298 301 2339 quatnjuris
316 2300 414 2330 civilis
430 2302 555 2340 peritus.

167 2341 220 2371 50.
246 2342 343 2376 Quam
365 2344 527 2385 neminem]
573 2344 756 2375 Maluerunt
782 2345 880 2376 Siculi

123 2381 307 2416 Ciceronem
320 2390 453 2416 actorem
469 2387 593 2426 hahere,
605 2388 696 2428 quam
710 2388 884 2420 Caecilium.

166 2429 198 2458 4.
222 2426 367 2468 Supplices
388 2428 499 2469 vestri]
541 2430 581 2471 Id
607 2435 663 2467 est,
691 2430 797 2467 Siculi,
822 2431 877 2473 qui

121 2469 211 2500 vobis
226 2470 382 2511 supplices
397 2476 478 2502 sunt.

166 2514 196 2542 6.
224 2512 279 2543 Lex
293 2515 329 2545 de
348 2516 478 2554 pecuniis
499 2515 687 2556 rspetundisq
733 2515 798 2547 Lex
822 2515 878 2546 illa

121 2553 143 2584 ὲ
154 2553 192 2585 L.
208 2555 324 2587 Pisone
337 2557 459 2587 tribuno
473 2557 586 2597 plebis,
599 2559 656 2598 qui<
666 2559 759 2599 Frugi
773 2559 873 2590 dictus

119 2602 178 2634 est,
194 2603 239 2629 ut.
260 2599 328 2630 Cic.
343 2599 397 2629 lib.
412 2600 454 2630 de
475 2600 557 2631 Clar.
572 2599 662 2632 Orat.
678 2602 736 2637 ait,
751 2602 814 2632 lata
827 2606 875 2632 est

117 2639 252 2680 primum
277 2641 314 2672 L.
341 2641 464 2674 Marcio
492 2647 524 2673 et
553 2643 603 2675 M.
628 2643 761 2676 Manilio
787 2644 875 2676 Coss.

119 2692 202 2714 anno
217 2686 292 2715 604.

161 2727 196 2759 7.
218 2725 298 2758 Nam
310 2727 446 2769 civibus]
491 2728 666 2760 Discrimeu
688 2729 776 2770 ponit
795 2729 875 2761 inter

115 2765 219 2809 legem
234 2769 356 2801 civilem
368 2776 400 2802 et
414 2771 575 2804 socialem:
600 2772 666 2804 liaec
681 2777 749 2804 erat
760 2773 872 2816 nempe

112 2812 251 2853 publica,
262 2812 316 2845 illa
329 2814 460 2856 privata.

1106 1852 1122 1868 ὃ
1134 1851 1282 1888 restat.

967 1958 1015 1989 Ib.
1041 1958 1129 1989 Civili
1141 1959 1279 2000 actione]
1323 1958 1419 1990 Actio
1442 1958 1543 1990 civilis
1565 1969 1619 1990 seu
1634 1958 1682 1989 fo-

924 2002 1019 2033 rensis
1053 2002 1165 2033 civium
1195 2006 1244 2032 est
1270 2002 1406 2043 propria,
1434 2001 1496 2043 qua
1525 2001 1681 2042 praecipue

923 2045 1007 2075 cives
1031 2050 1169 2075 utuntur.
1210 2044 1268 2075 Jus
1294 2049 1397 2075 autem
1426 2045 1579 2085 privatum
1603 2044 1679 2074 illud

922 2093 981 2123 est,
995 2088 1046 2118 cui
1060 2087 1144 2117 urbis
1167 2092 1280 2127 praetor
1301 2091 1442 2128 praeerat,
1456 2087 1510 2129 qui
1523 2087 1604 2118 inter
1618 2087 1681 2128 pri-

921 2135 1008 2161 vatos
1017 2129 1070 2171 jus
1083 2129 1219 2161 dicebat.

967 2175 999 2204 8.
1021 2172 1165 2213 socialia]
1215 2171 1362 2204 Instituta
1388 2177 1436 2204 est
1462 2174 1502 2204 ad
1532 2173 1678 2204 tutandas

922 2216 1076 2247 sociorum
1101 2217 1237 2246 fortunas
1253 2215 1302 2246 lex
1318 2217 1358 2247 de
1380 2216 1561 2257 repetundis
1583 2226 1681 2257 pecu-

922 2259 992 2295 niis,
1008 2264 1114 2290 contra
1129 2269 1182 2289 eos
1198 2258 1251 2299 qui
1265 2264 1385 2289 exteras
1407 2259 1550 2290 nationes
1573 2259 1679 2300 oppri-

922 2303 1058 2332 mebant.
1084 2301 1148 2338 Qui
1161 2302 1244 2332 enim
1259 2301 1292 2331 in
1306 2302 1472 2342 provinciis
1484 2302 1679 2342 magistratus

922 2345 1032 2386 populi
1041 2344 1136 2375 Rom.
1145 2355 1288 2375 eorumve
1296 2344 1436 2381 comites,
1444 2345 1594 2385 pecunias
1606 2354 1681 2376 cou-

922 2392 969 2418 tra
1003 2387 1087 2428 leges
1112 2388 1281 2428 cepissent,
1315 2397 1419 2417 earum
1452 2388 1677 2428 provinciarum

919 2430 1070 2467 homines,
1078 2429 1200 2471 judicio
1215 2429 1327 2461 Romae
1342 2430 1521 2468 constituto,
1536 2441 1606 2462 suas
1620 2441 1677 2472 pe-

920 2473 1026 2504 cunias
1039 2474 1234 2513 repetebant.

965 2518 1016 2548 13.
1041 2516 1136 2547 Severi
1149 2515 1304 2556 custodes]
1349 2515 1455 2547 Severi
1469 2516 1615 2547 custodes
1628 2515 1678 2546 di-

917 2563 1027 2590 cuntur
1039 2559 1174 2600 judices,
1190 2560 1264 2600 quia
1286 2558 1372 2599 leges
1394 2559 1566 2596 vindicant,
1581 2564 1613 2590 et
1630 2563 1679 2589 tu·

915 2607 1029 2632 tantur.

961 2644 1013 2676 15.
1038 2643 1117 2685 Lege
1130 2645 1208 2686 agi.]
1253 2643 1357 2685 Agere
1387 2644 1467 2686 lege,
1491 2649 1537 2677 est
1554 2644 1674 2686 judicio

918 2686 1088 2719 secundum
1111 2687 1212 2728 legem
1237 2687 1445 2719 contendere:
1476 2687 1547 2729 lege
1571 2693 1675 2719 autem

916 2731 1158 2771 repetundarum
1174 2730 1269 2763 Siculi
1283 2740 1375 2774 agere
1397 2731 1546 2764 volebant
1567 2736 1675 2764 contra

917 2773 1058 2805 Verrem.
