1858 3095
658 185 748 219 PRO
773 184 891 219 LEGE
914 185 1128 220 irinum.
1691 184 1749 227 37

453 317 656 354 QUARTA
693 318 814 346 PARS
850 318 1156 347 ARGUMEN'H
1193 318 1358 348 PRIMI.

386 391 501 437 Quia.
532 395 729 443 aguntur
747 391 952 444 fortunce
972 391 1204 430 multorum
1224 392 1396 431 civium.

168 472 270 515 VII.
328 471 396 514 Ac
417 487 469 514 ne
490 472 596 515 illud
627 473 803 529 quidem
838 473 959 514 vobis
993 474 1300 531 negligendum
1322 479 1402 525 est,
1423 474 1540 530 quod
1563 474 1669 517 mihi

113 544 193 587 ego
211 536 445 570 extremum
467 545 785 586 proposueram,
806 529 903 571 cum
925 545 1064 572 essem
1086 531 1139 572 de
1162 530 1262 572 belli
1285 544 1438 586 genere
1459 531 1669 584 dicturus,

111 585 227 642 quod
249 586 303 627 ad
323 586 551 627 multorum
587 587 701 628 bona
734 587 891 628 civium
924 586 1214 628 Romanorum
1245 587 1454 643 pertinet:
1487 603 1670 644 quorum

111 642 246 690 vobis,
268 657 343 698 pro
366 643 505 684 vestra
526 643 752 699 sapientia,
774 643 978 694 Quirites,
1001 643 1198 684 habenda
1215 650 1281 684 est
1302 643 1408 685 ratio
1429 644 1670 701 diligenter.

111 698 222 740 Nam
236 706 280 740 et
294 699 527 755 publicani,
544 700 737 741 homines
754 707 797 740 et
812 699 1101 740 honestissimi
1119 707 1162 741 et
1178 699 1449 752 ornatissimi,
1462 716 1562 743 suas
1583 709 1670 743 ara·
1686 707 1714 747 5

111 756 251 797 tiones
282 764 325 798 et
344 758 490 813 copias
512 757 556 797 in
577 757 694 798 illam
726 756 985 812 provinciam
1020 758 1316 797 contulerunt:
1349 772 1529 814 quorum
1551 758 1670 815 ipso-

109 827 201 853 rum
222 827 297 868 per
316 827 361 854 se
377 828 443 854 res
466 820 509 854 et
524 813 706 854 fortunae
723 827 834 854 curae
851 813 973 854 vobis
991 828 1085 854 esse
1102 813 1277 855 debent.
1318 812 1503 866 Etenim,
1519 815 1554 856 si
1574 830 1672 857 vec-

111 869 262 926 tigalia
294 884 447 913 nervos
479 884 572 912 esse
601 871 844 927 reipublicae
881 885 1047 926 semper
1067 870 1321 923 bduximus3
1353 886 1450 912 eum
1471 871 1585 914 certe
1607 887 1672 914 or-

110 925 269 979 dinem,
293 925 367 983 qui
387 934 579 969 cexercet
598 927 686 980 illa,
713 927 1028 968 firmamentum
1060 934 1310 968 eaeterorum
1338 928 1534 970 ordinum
1554 928 1671 971 recte

109 998 204 1025 esse
221 983 429 1025 dicemus.
489 983 660 1025 Deinde
678 984 843 1025 caeteris
859 998 910 1025 ex
929 983 1152 1025 ordinibus
1170 984 1366 1025 homines
1384 984 1534 1041 dgnavi
1551 986 1670 1028 etin·
1690 989 1745 1031 lo

107 1040 261 1082 dustrii
276 1040 432 1098 partim
451 1039 533 1098 ipsi
550 1041 593 1082 in
608 1040 716 1082 Asia
733 1041 1019 1097 negotiantur,
1034 1041 1190 1097 quibus
1206 1056 1283 1082 vos
1299 1041 1551 1084 absentibus
1571 1057 1673 1085 con-

107 1097 245 1138 sulere
275 1097 466 1150 debetis3
497 1098 651 1154 partim
682 1113 795 1147 suas,
816 1104 859 1138 et
879 1112 1062 1149 suorum,
1084 1099 1127 1138 in
1147 1097 1199 1139 ea
1220 1098 1440 1154 provincia
1466 1099 1673 1156 pecunias

109 1168 287 1210 magnas
307 1154 542 1195 collocatas
563 1154 738 1196 habent.
797 1153 890 1194 Erit
907 1154 1037 1210 igitur
1063 1154 1339 1196 humanitatis
1365 1162 1530 1206 vestrae,
1552 1172 1673 1213 mag-

111 1225 214 1251 num
245 1225 390 1252 eorum
417 1210 574 1251 civium
594 1218 839 1251 enumerum
868 1211 1110 1252 calamitate
1133 1211 1403 1267 fprohibere3
1435 1213 1669 1269 sapientiae,

109 1266 253 1308 videre
273 1267 504 1307 multorum
524 1267 681 1308 civium
702 1266 991 1309 calamitatem
1011 1266 1038 1308 a
1057 1268 1299 1323 grepublica
1320 1270 1559 1324 sejunctam
1576 1285 1670 1312 esse
1691 1273 1745 1315 15

110 1337 196 1364 non
210 1331 363 1385 posse!
384 1322 557 1363 Etenim
571 1323 677 1364 illud
692 1323 875 1378 primum
888 1324 1005 1378 parvi
1019 1324 1160 1374 refert,
1174 1339 1248 1365 vos
1262 1325 1502 1380 publicanis
1515 1327 1673 1369 amissa

108 1378 341 1436 vectigalia
369 1378 524 1435 postea
542 1379 738 1420 ‘victori-21
760 1394 1028 1434 recuperare3
1059 1394 1196 1435 neque
1233 1380 1346 1421 enim
1377 1381 1532 1423 iisdem
1562 1383 1674 1424 redi-

109 1436 254 1478 mendi
291 1436 474 1477 facultas
511 1437 592 1477 erit
632 1442 807 1492 propter
838 1435 1144 1487 calamitatem,
1175 1451 1314 1492 neque
1346 1437 1440 1479 aliis
1474 1439 1673 1481 voluntas

111 1500 284 1557 propter
314 1492 523 1534 timorem.
582 1492 769 1544 Deinde,
791 1492 908 1549 quod
943 1507 1023 1534 nos
1059 1492 1209 1534 eadem
1239 1493 1359 1544 Asia,
1392 1500 1523 1551 atque
1558 1495 1674 1538 idem

112 1557 196 1592 iste
217 1548 497 1591 Mithridates
534 1549 658 1591 initio
697 1549 797 1590 belli
820 1549 1005 1591 Asiatici
1026 1549 1190 1602 docuit,
1211 1549 1255 1593 id
1275 1549 1406 1603 certe,
1427 1552 1672 1596 calamitate
1690 1556 1746 1598 20

112 1606 245 1659 docti,
267 1605 474 1648 memoria
494 1606 675 1648 retinere
709 1606 930 1648 debemus.
991 1606 1103 1647 Nam
1136 1614 1242 1658 tum,
1269 1606 1366 1650 cum
1400 1607 1446 1650 in
1477 1609 1586 1654 Asia
1606 1625 1673 1656 res

109 1678 289 1721 magnas
309 1662 510 1720 permulti
524 1663 771 1715 amiserunt,
787 1663 963 1715 scimus,
979 1662 1146 1716 Romae,
1159 1663 1371 1706 solutione
1386 1664 1609 1722 impedita,
1626 1668 1675 1712 fi-

110 1721 211 1763 dem
226 1719 511 1763 bconcidisse.
571 1720 670 1762 Non
687 1719 801 1762 enim
813 1727 995 1777 possunt
1011 1720 1098 1762 una
1109 1719 1155 1763 in
1167 1720 1343 1763 civitate
1358 1723 1480 1766 multi
1496 1722 1600 1766 irem
1612 1730 1677 1766 at-

113 1792 198 1835 que
219 1777 411 1824 fortunas
432 1777 643 1830 amittere,
665 1784 713 1818 ut
731 1777 838 1820 knon
866 1778 1009 1834 plures
1043 1792 1191 1820 secum
1209 1779 1255 1820 in
1276 1779 1471 1822 eamdem
1501 1780 1677 1823 calami-

110 1894 127 1910 ⁶
139 1888 215 1942 qui
231 1887 483 1930 detulerunt
486 1888 701 1943 fortunas
716 1893 757 1930 et
766 1890 990 1942 pecunias.
1052 1887 1423 1933 beoeistmnavimus.
1474 1895 1488 1913 ⁰
1499 1892 1673 1944 colligit.

108 1943 127 1967 ἃ
139 1945 364 1998 diligentes
377 1950 418 1986 et
431 1946 638 1987 laboriosi.
692 1950 707 1968 Ε
718 1947 1054 1994 multitudinem.

112 2003 274 2056 reipub.
364 2001 576 2056 ”periissa
668 2000 871 2044 idiuitias.

157 2110 189 2140 5.
212 2108 286 2140 Suas
304 2111 455 2152 ratimws.]
498 2108 538 2140 Id
562 2114 620 2146 est,
636 2110 715 2140 tanti
735 2111 873 2151 vectiga-

114 2152 156 2183 lia
182 2153 363 2183 conducunt
378 2158 412 2183 ut
432 2163 541 2183 omnes
562 2163 666 2183 eorum
689 2153 820 2183 fortunae
843 2154 875 2183 in

116 2196 322 2236 vectigalibus
345 2195 506 2227 collocatae
529 2196 611 2226 sint:
635 2206 699 2226 non
722 2197 805 2226 enim
828 2196 876 2226 in-

114 2238 228 2280 telligit
255 2238 360 2269 literas
392 2243 425 2269 et
458 2238 578 2269 tabulas
608 2239 772 2275 rationum,
803 2238 875 2270 cum

115 2291 224 2312 omnes
253 2287 357 2312 essent
385 2281 507 2317 Romae,
530 2281 592 2322 quo
625 2282 664 2312 ad
699 2281 875 2323 magistrum

116 2324 273 2355 societatis
297 2325 508 2355 mittebantur.

160 2369 213 2399 13.
257 2367 416 2398 collocatas
452 2367 582 2407 habena]
638 2367 730 2398 Cives
767 2378 875 2409 quain-

117 2409 242 2451 plurimi
254 2421 324 2441 suas
339 2411 478 2443 fortunas
491 2410 658 2441 collocatas
671 2410 829 2441 habebant
842 2410 874 2440 in

117 2453 236 2494 ratione
250 2453 490 2495 negotiatorum,
506 2453 618 2494 quibus
640 2452 717 2483 male
741 2456 875 2490 cederet,

118 2494 143 2525 si
165 2506 212 2527 res
246 2507 310 2527 suae
332 2495 351 2526 a
374 2496 617 2538 negotiatoribus
652 2496 874 2528 amitterentur.

119 2537 233 2570 Scribit
263 2538 459 2576 Plutarchus,
481 2539 512 2570 in
547 2538 689 2578 Lucullo,
726 2538 878 2570 infinitam

118 2579 151 2611 in
168 2581 246 2614 Asia
257 2581 492 2622 publicanorum
507 2592 544 2613 ac
559 2582 787 2622 negotiatorum
801 2582 878 2612 mul-

119 2623 285 2655 titudinem
318 2625 423 2662 fuisse,
459 2625 511 2667 qui
543 2624 652 2656 misere
685 2625 879 2666 provinciam

118 2666 202 2697 illam
227 2666 389 2706 vexarunt,
411 2679 541 2710 eosque,
558 2673 691 2709 excepto
714 2668 880 2704 senatorio,

122 2719 160 2740 ex
183 2710 266 2741 omni
289 2711 429 2742 ordinum
460 2722 585 2754 genere,
607 2711 662 2742 sed
686 2711 880 2752 potissimum

120 2753 270 2794 equestri,
282 2753 396 2793 suisse;
418 2765 456 2786 ex
472 2765 510 2785 eo
525 2754 607 2785 enim
623 2753 798 2790 decumani,
816 2764 881 2784 ara-

120 2800 212 2832 tores,
226 2795 395 2836 publicani,
405 2797 572 2839 pascuarii.
586 2797 702 2837 aliique
717 2796 882 2839 quamplu-

122 2837 202 2877 rimi,
220 2838 378 2873 exstitere.

1115 1944 1321 1989 sliberare.
1364 1953 1378 1978 g
1391 1945 1416 1999 ei
1430 1949 1677 1997 calamitate

961 2004 1105 2056 kquin.

962 2112 1013 2141 14.
1039 2110 1184 2152 civium]
1231 2110 1295 2148 Qui
1322 2111 1416 2143 etiam
1447 2110 1559 2143 Romae
1581 2111 1679 2154 dege-

918 2153 1005 2190 bant,
1020 2164 1090 2184 suas
1111 2153 1244 2184 rationes
1265 2165 1335 2184 cum
1350 2155 1460 2187 iisdem
1476 2155 1678 2197 negotiatori-

920 2197 976 2227 bus
992 2198 1234 2227 communicatas
1248 2197 1419 2229 habebant.

964 2241 1016 2272 17.
1041 2239 1211 2270 Redimendi
1227 2239 1390 2282 jaculum]
1436 2240 1600 2272 Publicani
1629 2242 1678 2273 di-

918 2287 1029 2312 cuntur
1051 2283 1202 2314 redimere
1226 2283 1403 2324 vectigalia,
1425 2283 1507 2321 cum,
1529 2295 1566 2315 ex
1583 2290 1677 2326 pacto

919 2330 1010 2356 certae
1026 2326 1179 2366 pecuniae,
1193 2336 1230 2356 ea
1249 2325 1268 2355 εἶ
1282 2326 1460 2357 censoribus
1486 2327 1677 2365 conducunt,

919 2377 988 2408 quae
1003 2368 1128 2409 postea,
1143 2379 1198 2399 suo
1224 2368 1273 2399 vel
1300 2369 1381 2400 bono
1395 2369 1444 2400 vel
1468 2369 1678 2408 incommodo,

918 2416 990 2441 sunt
1018 2411 1175 2442 exacturi:
1206 2412 1344 2443 redimere
1365 2413 1450 2452 enim
1473 2418 1506 2444 et
1525 2414 1678 2445 conducere

922 2453 1007 2484 idem
1022 2460 1104 2484 sunt.

963 2499 1018 2530 20.
1044 2496 1132 2528 Initio
1146 2496 1242 2538 belli]
1299 2497 1436 2539 Tempus
1461 2498 1538 2529 illud
1562 2498 1678 2531 intelli.

923 2539 978 2580 git,
1002 2550 1064 2581 quo
1086 2540 1289 2570 Mithridates
1313 2551 1369 2580 per
1391 2552 1540 2572 suminam
1567 2543 1678 2573 crude-

922 2582 1052 2620 litatem,
1065 2583 1152 2613 annis
1175 2583 1247 2613 ante
1262 2583 1371 2624 viginti
1387 2584 1491 2620 tribus,
1509 2589 1554 2613 tot
1565 2584 1676 2615 civium

923 2624 1137 2657 Romanorum
1152 2625 1248 2656 millia
1263 2627 1438 2656 trucidavit.
1475 2626 1556 2657 Vide
1571 2637 1680 2673 parag.

967 2713 1021 2742 2⁶2.
1044 2710 1190 2743 Soluticme
1213 2710 1379 2753 impedita]
1424 2710 1504 2742 Cum
1519 2711 1563 2742 illi
1578 2712 1681 2755 publi-

924 2754 1007 2791 cani,
1031 2755 1086 2797 qui
1100 2755 1196 2786 occisi
1217 2760 1287 2785 sunt
1309 2754 1342 2784 in
1367 2753 1455 2791 Asia,
1471 2754 1595 2786 solvere
1617 2767 1680 2795 non

925 2796 1100 2837 potuissent
1121 2797 1183 2828 suls
1218 2796 1435 2838 creditoribus,
1463 2797 1558 2828 etiam
1591 2799 1681 2831 vicis-

927 2839 984 2872 sim
999 2840 1114 2872 accidit
1129 2845 1162 2870 ut
1174 2838 1222 2870 illi
1243 2839 1366 2876 Romae,
1381 2840 1494 2880 quibus
1517 2841 1684 2882 pecuniam

1120 2883 1190 2924 1³2
