1858 3095
655 145 747 182 PRO
769 144 887 177 LEGE
908 143 1123 177 mumA.

102 219 350 262 adventitiis
377 221 606 263 multorum
626 235 776 277 regum
797 227 841 261 et
855 220 1094 272 nationum,
1116 218 1507 278 copiisjuvabatur.
1566 223 1664 265 Hoc

95 277 188 333 jam
211 276 298 318 fere
327 278 389 320 sic
409 278 499 320 fieri
520 277 657 319 solere
679 277 938 333 accepimus,
961 284 1009 318 ut
1027 292 1176 334 regum
1203 277 1373 318 afflictae
1403 277 1580 319 fortunae
1602 280 1664 320 fa-

100 331 185 375 cile
202 335 432 377 multorum
449 349 552 390 opes
569 334 763 376 alliciant
776 334 829 375 ad
843 333 1194 386 misericordiam,
1209 332 1481 391 maximeque
1501 349 1662 387 eorum,

102 390 175 447 qui
197 399 271 433 aut
291 406 412 448 reges
433 398 547 443 sunt,
579 397 654 433 aut
672 391 821 432 vivunt
855 391 899 432 in
935 406 1092 448 regno3
1125 390 1239 448 quod
1259 391 1400 447 regale
1435 390 1487 432 iis
1507 405 1663 432 nomen

99 461 303 504 magnum
333 455 376 489 et
405 456 604 490 sanctum
635 463 729 490 esse
761 447 966 489 videatur.
1029 448 1180 504 Itaque
1212 454 1379 490 tantum
1409 447 1548 489 victus
1573 449 1662 489 effi·
1681 454 1734 495 60

100 519 196 546 cere
217 503 372 561 potuit,
387 511 595 561 quantum
615 504 842 547 incolumis
864 519 1082 561 nunquam
1098 511 1165 546 est
1180 519 1310 546 ausus
1329 510 1491 560 optare.
1534 503 1660 554 Nam,

99 560 199 603 cum
219 575 265 602 se
284 560 328 601 in
362 575 540 618 regnum
568 562 802 618 recepisset
838 577 976 614 suum,
1008 576 1095 603 non
1117 561 1199 602 fuit
1219 575 1270 602 eo
1292 567 1522 602 contentus
1544 561 1661 617 quod

100 617 138 658 ei
159 622 310 673 praeter
344 632 464 674 spem
489 618 720 667 acciderat,
752 626 800 660 ut
831 633 940 669 eam,
972 619 1254 674 posteaquam
1275 617 1423 672 pulsus
1446 623 1549 668 erat,
1580 624 1661 659 ter-

98 687 187 716 ram
204 688 392 730 unquam
413 675 667 732 attingeret:
699 675 775 716 sed
796 675 840 715 in
861 674 1098 716 exercitum
1124 680 1327 725 vestrum,
1350 674 1511 715 clarum
1531 680 1660 730 atque

97 730 318 779 victorem,
350 731 557 788 impetum
606 731 725 773 fecit.
808 730 946 772 Sinite
996 730 1082 773 hoc
1130 731 1242 781 loco,
1294 729 1483 778 Quirites
1529 731 1662 781 <sicut
1680 735 1733 777 65

97 786 237 843 Ῥοὶέῑεε
260 788 413 840 solent,
434 788 593 845 quires
615 788 833 830 Romanas
865 787 1076 839 scribunt)
1116 786 1329 844 praeterire
1369 802 1434 828 me
1471 795 1661 830 nostram

98 842 414 896 calamitatem;
436 860 530 902 quae
558 852 678 887 tanta
711 844 805 896 fuit,
837 853 884 886 ut
903 859 997 885 eam
1017 844 1072 885 ad
1091 858 1214 885 aures
1237 844 1282 899 L.
1305 843 1471 885 Luculli
1501 859 1586 886 non
1608 860 1660 886 ex

96 900 248 958 proelio
264 902 455 954 nuntius,
488 903 564 943 sed
582 917 634 944 ex
652 917 848 943 sermone
870 915 1025 953 rumor,
1043 900 1227 942 afferret.
1287 900 1373 942 Hic
1401 900 1444 941 in
1468 900 1564 957 ipso
1585 901 1659 943 illo

94 957 225 1010 malo,
261 958 595 1015 aravsssimfique
631 959 733 1001 belli
771 957 1022 1010 offensione,
1071 958 1117 999 L.
1152 958 1369 1009 Lucullus,
1405 957 1477 1014 qui
1517 965 1661 999 tamen

1692 151 1743 192 41

94 1013 244 1070 aliqua
260 995 318 1057 ‘ex
339 1022 458 1072 parte
478 1030 532 1057 ns
560 1015 844 1058 incommodis
876 1014 1037 1056 mederi
1059 1014 1240 1056 fortasse
1263 1014 1488 1071 potuisset,
1519 1023 1660 1056 vestro

91 1070 218 1128 jussu
249 1079 443 1124 coactus,
477 1072 610 1129 (quod
649 1073 817 1129 imperii
857 1071 1127 1113 diuturnitati
1163 1072 1338 1113 modum
1371 1072 1661 1125 statuendum,

95 1127 232 1169 'veteri
248 1130 462 1187 exemp10‚
475 1129 725 1186 putavistis)
739 1134 904 1186 partem
917 1127 1115 1180 militum,
1131 1129 1203 1190 qui
1214 1129 1306 1185 jam
1319 1128 1544 1184 stipendiis
1559 1143 1662 1170 con-

94 1183 224 1227 fectis
245 1193 380 1239 erant,
402 1186 581 1238 dimisit,
600 1193 765 1244 partem
795 1185 1021 1228 Glabrioni
1043 1185 1233 1228 tradidit.
1294 1185 1437 1227 Multa
1455 1192 1660 1242 praetereo

1680 1021 1734 1062 70

140 1378 194 1409 56.
218 1377 424 1419 Adventitiis.]
477 1378 681 1411 Mithridates
696 1390 813 1410 novum
825 1379 860 1411 in

96 1420 201 1452 Ponto
216 1421 384 1452 exercitum
395 1421 533 1463 collegit.

141 1463 190 1496 Ib.
214 1463 330 1506 Regum
345 1471 371 1495 et
386 1464 567 1506 nationum]
585 1465 766 1505 Medorum,
778 1465 858 1496 Adi-

901 1377 1046 1417 formula,
1060 1379 1165 1415 velitis,
1176 1379 1320 1419 jubeatis,
1337 1378 1477 1413 Quirites.
1520 1379 1660 1420 Populus

901 1421 996 1463 igitur
1010 1422 1174 1461 imperium
1192 1423 1288 1453 dabat
1300 1427 1354 1452 aut
1365 1423 1525 1453 adimebat
1537 1439 1544 1461 5
1566 1424 1660 1463 jube·

900 1464 956 1495 bat
971 1470 1004 1495 et
1031 1464 1202 1505 abrogabat
1215 1465 1319 1507 legesz
1344 1465 1425 1495 bella
1453 1466 1660 1497 denuntiabat

97 1507 282 1543 ahenorum,
305 1506 561 1550 Gordyenerum,
584 1509 736 1545 Arabum,
758 1508 858 1540 Alba-

95 1560 219 1590 norum,
242 1550 415 1588 Iberorum,
439 1552 587 1583 auxilium
611 1553 669 1584 sibi
695 1562 857 1594 compara-

95 1594 150 1626 vit.

140 1638 192 1667 60.
217 1637 389 1679 Sanctum]
443 1638 600 1680 Ulpianus
623 1642 764 1668 sanctum
779 1637 857 1668 illud

96 1690 163 1710 esse
179 1680 266 1716 dicit,
290 1681 375 1721 quod
402 1691 466 1711 non
487 1692 606 1713 sacrum
631 1686 677 1711 est
701 1691 760 1711 nec
784 1691 855 1722 pro-

94 1723 216 1763 fanum,
252 1724 308 1754 sed
331 1724 491 1755 sanctione
528 1724 665 1766 quadam
693 1724 856 1755 confirma-

95 1771 172 1797 tum.

98 1831 101 1844 2
139 1812 192 1840 64.
216 1808 254 1840 In
267 1811 423 1840 exercitum
438 1811 589 1851 vestrum]
635 1810 853 1847 Mithridates,

96 1851 167 1882 cum
180 1853 326 1884 rediisset
337 1853 370 1883 in
387 1853 534 1890 Pontum,
550 1854 680 1884 Fabium
691 1854 858 1894 superavit,

94 1899 191 1936 'quern
208 1896 252 1926 ibi
268 1896 416 1927 Lucullus
430 1897 608 1938 reliquerat.
654 1895 796 1935 Deinde,
813 1902 859 1928 te-

96 1938 238 1970 meritate
253 1939 364 1970 Triarii
389 1939 496 1980 legati,
523 1950 617 1981 supra
647 1945 767 1980 septem
786 1940 852 1970 Ro-

95 1985 256 2015 'manorum
285 1981 396 2019 millia,
430 1984 626 2014 centuriones
657 1989 796 2019 centum,
820 1988 852 2014 et

901 1513 955 1538 aut
966 1507 1169 1539 dissolvebat.

943 1553 997 1581 71.
1058 1550 1266 1582 Diuturnitati
1308 1550 1452 1591 imperii]
1512 1551 1660 1583 Lucullus

901 1594 1021 1633 consul,
1061 1594 1251 1635 provinciam
1284 1592 1391 1624 Asiam
1421 1594 1555 1631 sortitus,
1592 1595 1659 1625 bel-

902 1637 966 1667 lum
990 1642 1098 1668 contra
1120 1637 1338 1668 Mithridatem
1369 1637 1539 1678 gerendum
1556 1649 1659 1669 susce-

900 1681 958 1721 pit,
982 1681 1067 1722 quod
1096 1681 1222 1711 omnino
1238 1686 1361 1721 septem
1387 1690 1484 1711 annos
1514 1682 1659 1712 continu-

898 1723 973 1754 avit.

941 1769 995 1797 72.
1022 1765 1115 1796 Veteri
1132 1765 1281 1806 exemplo]
1327 1765 1404 1796 Post
1427 1765 1542 1807 ejectos
1559 1778 1659 1808 reges,

897 1810 1059 1851 imperium
1097 1808 1258 1839 consulum
1296 1819 1431 1838 annuum
1471 1816 1560 1847 erat3
1595 1822 1658 1851 quo

902 1853 1000 1889 finito,
1024 1862 1146 1892 semper
1178 1852 1252 1882 novi
1278 1851 1420 1882 consules
1454 1854 1657 1891 creabantur;

902 1896 1072 1937 aliquando
1094 1901 1198 1925 tamen
1214 1895 1253 1925 ad
1280 1900 1341 1925 tres
1358 1905 1466 1931 annos,
1489 1896 1538 1926 vel
1555 1896 1658 1936 plures

895 1939 1002 1980 etiam,
1029 1949 1091 1979 quo
1116 1949 1217 1968 rerum
1233 1938 1397 1969 occasione
1413 1940 1657 1970 concedebatur.

896 1982 991 2013 Unde
1014 1982 1130 2018 Livius,
1153 1981 1207 2012 lib.
1233 1984 1264 2013 4.
1310 1980 1472 2011 Maximam
1517 1983 1659 2013 libertatis

96 2024 212 2055 tribuni
245 2024 377 2056 militum
426 2026 535 2068 viginti
579 2030 712 2067 quatuor
759 2026 853 2057 occisi
891 2036 958 2066 pop.
979 2025 1062 2056 Rom.
1078 2025 1237 2055 custodiam
1257 2034 1323 2059 esse,
1346 2026 1370 2054 si
1396 2035 1507 2066 magua
1535 2027 1658 2065 imperia

97 2072 177 2098 sunt.

141 2110 195 2140 65.
216 2109 335 2151 Sinite]
360 2110 578 2152 Occupatione
603 2111 709 2147 utitur,
735 2111 799 2152 qua
813 2111 854 2141 si-

97 2153 197 2184 mulat
212 2153 294 2184 nolle
311 2164 344 2183 se
359 2153 465 2184 dicere
483 2164 553 2194 quae
579 2154 767 2190 acciderunt,
791 2153 852 2195 quo

97 2195 215 2236 majora
239 2197 414 2233 videantur,
452 2196 544 2238 quam
571 2197 625 2228 ille
653 2197 774 2228 efficere
804 2197 853 2227 di.

96 2240 200 2270 cendo
217 2241 335 2280 possit:
359 2249 432 2270 nam
459 2240 503 2270 ait
527 2240 736 2271 calamitatem
766 2240 855 2270 istam

97 2287 216 2313 tantam
240 2293 318 2318 esse,
342 2287 377 2313 ut
401 2292 471 2313 eam
485 2284 526 2314 ad
543 2294 632 2314 aures
649 2282 770 2314 Luculli
793 2293 856 2313 non

95 2336 132 2356 ex
157 2325 266 2368 proelio
289 2326 429 2366 nuntius,
452 2326 508 2358 sed
524 2337 562 2358 ex
577 2337 718 2358 sermone
744 2336 856 2363 rumor,

97 2369 231 2400 afferret.

141 2411 190 2443 lb.
206 2411 290 2442 Sicut
300 2412 415 2453 poeta]
463 2413 571 2444 Poetae
586 2424 647 2451 res,
667 2423 730 2443 non
746 2411 852 2454 quales

97 2460 192 2497 gestae
207 2461 288 2493 sunt,
303 2462 481 2497 exponuut5
506 2458 562 2488 sed
577 2456 698 2498 fingunt
713 2456 752 2487 ad
765 2456 853 2497 inge-

99 2499 142 2528 nii
159 2499 414 2532 ostentationem.

142 2542 196 2572 6⁷.
218 2541 264 2572 Ex
281 2543 382 2581 praelio
395 2543 547 2584 nuntius]
592 2542 683 2574 Elate
708 2543 740 2573 id
756 2541 852 2573 dicit:

99 2594 171 2614 nam
186 2595 224 2615 ex
247 2585 355 2626 proelio
370 2586 507 2616 Triarius
529 2586 628 2617 evasit
649 2596 720 2616 cum
735 2585 855 2627 aliquot

99 2626 265 2658 militibus:
282 2629 362 2659 hanc
373 2633 479 2659 tamen
491 2629 626 2659 omnium
637 2629 760 2659 cladem
770 2639 855 2659 max·

99 2670 193 2700 imam
203 2670 236 2701 in
250 2671 310 2702 hoc
325 2671 407 2702 bello
420 2671 559 2703 Romani
573 2672 657 2713 passi
672 2676 754 2703 sunt.

142 2714 196 2742 70.
215 2711 311 2744 Vestro
313 2714 430 2756 jussu-J
443 2714 582 2757 Populus
594 2715 854 2757 jubebat‚cense-

100 2755 155 2786 bat
169 2761 294 2788 senatus
305 2767 316 2788 ε
339 2767 412 2788 nam
426 2769 488 2789 non
499 2758 597 2801 penes
612 2764 768 2797 senatum,
796 2757 853 2788 sed

99 2797 265 2842 populum,
283 2810 402 2833 summa
416 2805 485 2842 erat
508 2800 675 2834 auctoritas
688 2801 772 2842 unde
787 2801 855 2832 haec

894 2070 1039 2098 diuturna
1072 2079 1130 2099 uon
1167 2073 1267 2103 essent,
1317 2073 1343 2097 et
1382 2069 1514 2106 temporis
1557 2069 1658 2099 modus

895 2113 1098 2151 imponeretur,
1134 2111 1235 2151 quibus
1259 2111 1344 2149 juris
1374 2111 1482 2149 imponi
1505 2121 1562 2141 non
1591 2122 1658 2152 pos-

894 2160 946 2184 set.

938 2196 989 2227 Ib.
1013 2195 1195 2237 stipendiis]
1241 2194 1423 2226 confecisse
1435 2194 1592 2236 stipendia
1602 2205 1656 2226 ve-

899 2239 1000 2270 terani
1013 2240 1232 2277 censebantur,
1253 2237 1324 2269 curn
1339 2248 1451 2268 novem
1471 2247 1568 2268 annos
1598 2239 1656 2270 mi-

899 2282 1076 2315 litaverant.
1120 2281 1191 2312 Hoc
1215 2287 1319 2312 autem
1343 2286 1464 2322 tempus
1480 2291 1596 2321 ponere
1622 2282 1655 2312 in

899 2326 1018 2362 castris,
1044 2325 1083 2356 ab
1098 2335 1182 2356 anno
1205 2324 1327 2355 decimo
1356 2329 1443 2354 sexto
1458 2324 1498 2354 ad
1521 2324 1656 2365 quadra-

901 2368 1050 2409 gesimum
1079 2367 1234 2409 quintum,
1255 2367 1282 2398 si
1305 2366 1449 2408 Respub.
1466 2365 1656 2408 postulabat,

895 2413 1090 2443 tenebantur.

940 2458 993 2487 ¹73.
1017 2454 1166 2495 Dimisit]
1203 2453 1351 2484 Lucullus
1365 2452 1551 2484 Valerianos
1563 2453 1655 2483 dimi-

897 2498 946 2534 sit,
962 2499 1016 2539 qui
1032 2498 1120 2539 sequi
1135 2508 1206 2528 eum
1221 2496 1398 2534 noluerunt,
1415 2495 1468 2537 qui
1484 2495 1657 2527 Fimbriani.

898 2547 971 2572 tunc
986 2542 1180 2576 dicebantur,
1211 2538 1308 2581 quod,
1338 2538 1473 2570 Fimbria
1502 2538 1604 2578 legato
1619 2539 1651 2568 in

898 2585 1010 2616 ducem
1044 2588 1215 2624 assumpto,
1239 2582 1400 2613 Valerium
1423 2581 1579 2614 consulem
1610 2581 1650 2610 ob

898 2627 1057 2657 avaritiam
1070 2626 1203 2657 invisum
1218 2626 1409 2656 occiderunt.

942 2669 991 2702 lb.
1014 2669 1171 2700 Glabrioni
1184 2669 1337 2709 tradidit.]
1383 2666 1512 2697 Glabrio
1536 2665 1651 2707 Bithy-

897 2713 956 2743 niae
992 2712 1025 2743 in
1062 2711 1253 2754 provinciam
1277 2711 1412 2741 redactae
1442 2714 1586 2756 praeerat,
1607 2713 1652 2746 et,

892 2755 1026 2798 jubente
1041 2755 1173 2799 popule,
1187 2753 1317 2786 Lucullo
1329 2755 1486 2784 successit.
