1790 3090
57 153 91 197 ii
628 149 679 181 M.
699 145 851 181 TULLII
875 143 1135 183 CICERONIS}

54 226 236 277 bricum,
287 225 404 282 quod
434 238 516 267 nec
548 224 758 267 Consules
793 222 1004 266 sustinere
1044 223 1290 278 potuerunt.
1341 216 1466 282 'Hinc
1500 230 1657 274 magna

57 284 209 326 Romae
230 289 378 325 exorta
416 282 659 339 trepidatio,
691 289 735 324 et
756 280 1005 329 seditiones,
1037 284 1130 319 tum
1146 287 1318 334 propter
1338 289 1564 316 inmunens
1584 289 1658 329 pe-

55 341 254 392 riculum,
274 347 366 381 tum
385 346 559 396 propter
574 339 799 395 imperium
821 338 876 386 Q.
894 335 1073 378 Servilio
1088 333 1285 391 Caepioni
1306 333 1558 388 abrogatum
1591 345 1656 371 ro-

58 398 229 454 gatione
247 396 439 439 Norbani
458 395 634 438 Tribuni
650 396 802 453 plebis,
1639 403 1643 406 ·

493 499 664 527 ANNUS
700 498 848 527 uums
883 496 1117 525 CONDITAE
1137 482 1233 524 649.

140 561 254 601 Coss.
294 558 340 601 C.
360 559 509 599 -Mario
530 560 598 600 II.
623 556 673 600 C.
695 558 848 599 Flavio
868 560 1075 609 Fimbria,
1109 564 1210 601 ante
1236 556 1459 599 Christum
1482 556 1578 598 103.

671 618 885 658 Ciceronis
904 618 1072 658 tertius.

119 688 302 740 Marius,
339 687 575 744 deportatis
609 703 662 730 ex
688 688 834 730 Africa
867 688 1128 745 legionibus,
1168 687 1274 744 ipsis
1313 686 1414 729 Kal.
1448 683 1660 727 Januariis

63 746 346 787 Consulatum
399 745 510 797 iniit,
567 751 611 786 et
667 744 1097 801 magnificentissime
1139 743 1416 801 triumphavit
1434 759 1443 784 z
1487 757 1572 799 quo
1615 740 1661 781 in

59 802 274 859 triumpho
296 802 487 844 vinctum
506 802 763 857 Jugurtham
777 802 988 844 exhibuit.
1049 802 1269 858 Longinus
1291 800 1502 842 Tribunus
1522 797 1660 855 plebis

60 859 179 914 leges
202 859 435 900 contrarias
457 858 674 900 nobilitati
690 859 802 911 tulit,
816 858 927 900 hanc
944 859 1193 915 praesertim,
1211 873 1264 899 ne
1285 863 1401 899 esset
1419 857 1464 897 in
1484 856 1660 906 Senatu,

61 915 135 971 qui
157 916 384 957 damnatus
399 922 516 957 esset
531 915 556 956 a
577 916 752 972 populo,
772 921 847 957 aut
868 915 938 957 cui
958 915 1183 972 imperium
1199 921 1315 957 esset
1335 915 1603 970 abrogatum.

499 1017 664 1045 ANNUS
700 1018 849 1046 URBIS
885 1018 1117 1047 CONDITAE
1140 1005 1236 1046 650.

121 1077 234 1119 Coss.
273 1078 319 1118 C.
361 1078 509 1118 Mario
544 1079 640 1118 III.
681 1078 858 1119 Aurelio
893 1081 1052 1128 Oreste,
1096 1085 1198 1120 ante
1234 1069 1457 1119 Christum
1495 1075 1589 1116 102.

647 1131 865 1174 Ciceronis
880 1141 1079 1187 quartus.

120 1204 204 1246 Hic
222 1219 356 1245 annus
372 1210 652 1259 consumptus
674 1204 797 1245 estin
812 1205 914 1245 belli
928 1210 1148 1261 apparatu,
1170 1205 1287 1262 quod
1309 1206 1334 1245 a
1353 1204 1494 1246 Mario
1514 1209 1664 1246 contra

64 1262 260 1303 Cimbros
281 1267 531 1317 susceptum
549 1267 615 1301 est
632 1277 643 1312 3
673 1267 732 1312 et,
753 1260 864 1303 duce
884 1261 1146 1312 Athenione,
1167 1261 1317 1303 servile
1335 1268 1528 1304 exortum
1549 1260 1644 1302 fuit.

491 1361 659 1391 ANNUS
694 1363 842 1392 URBIS
877 1363 1112 1392 CONDITAE
1136 1350 1234 1392 651.

126 1422 238 1463 Coss.
283 1422 333 1464 C.
359 1423 506 1462 [llario
527 1423 557 1462 I
563 1423 605 1462 V.
634 1424 684 1471 Q.
712 1423 892 1465 Lutatio
918 1423 1089 1474 Catulo,
1126 1429 1228 1465 ante
1253 1422 1477 1466 Christum
1511 1421 1606 1463 101,

645 1479 859 1522 Ciceronis
879 1483 1077 1534 quintus.

112 1550 182 1591 Ad
196 1550 344 1606 Aquas
360 1550 528 1591 Sextias
541 1550 709 1592 ’Marius
724 1558 874 1593 contra
885 1551 1103 1594 Teutones
1117 1553 1347 1610 pugnavit3
1369 1566 1454 1609 quo
1468 1551 1513 1592 in
1526 1556 1662 1592 certa-

64 1607 177 1648 mine
198 1607 388 1647 hostium
402 1607 590 1648 ducenta
612 1608 746 1650 millia
769 1609 1022 1662 trucidasse,
1040 1625 1091 1651 ac
1129 1610 1366 1666 nonaginta
1392 1608 1577 1665 cepisse,
1600 1607 1664 1648 di-

62 1664 185 1705 citur.
217 1663 564 1705 HisConsulibus
574 1665 757 1707 Archias
771 1666 1092 1721 po'etaRomam
1108 1667 1238 1719 venit,
1252 1681 1396 1723 quem,
1412 1665 1457 1706 in
1471 1664 1663 1707 oratione

62 1735 137 1776 pro
159 1721 325 1771 eodem,
344 1720 452 1762 dicit
468 1720 622 1763 Cicero
642 1720 667 1762 a
685 1722 819 1778 prima
831 1723 1015 1779 pueritia
1027 1723 1277 1780 principem,
1292 1731 1336 1765 et
1350 1723 1406 1765 ad
1426 1721 1664 1778 suscipien-

63 1777 160 1818 dam
177 1783 218 1818 et
234 1777 288 1818 ad
309 1777 635 1834 ingrediendam
650 1778 858 1821 rationem
879 1795 1052 1822 suorum
1073 1781 1328 1834 studiorum,
1349 1795 1395 1822 se
1415 1777 1634 1821 habuisse.

491 1889 662 1918 ANNUS
700 1892 848 1920 URBJS
884 1892 1117 1921 coanTAE
1141 1880 1239 1921 652.

66 1948 181 1988 Coss.
204 1947 407 1989 C.Mario
430 1950 470 1989 V.
488 1950 555 1990 M.
569 1950 758 2003 Aquilio,
773 1957 874 1993 ante
891 1952 1114 1993 Christum
1133 1952 1228 1993 100.
1272 1953 1489 1994 Ciceronis
1506 1956 1665 1992 seoetus.

91 2074 98 2080 ι
122 2017 271 2059 Clarus
291 2018 363 2060 hic
384 2034 519 2061 annus
551 2021 634 2063 fuit
661 2022 711 2064 C.
726 2023 857 2065 Marii
878 2031 920 2066 et
941 2024 1085 2067 Catuli
1105 2026 1346 2082 triumph03
1377 2041 1478 2066 nam
1499 2025 1666 2081 utrique

67 2075 192 2114 snnul
214 2075 410 2117 decretus
432 2083 511 2129 est,
548 2077 646 2120 cum
679 2080 734 2121 ab
771 2081 832 2122 eis
874 2089 1048 2124 centum
1081 2083 1367 2139 quadraginta
1396 2082 1667 2123 Cimbrorum
1729 2117 1734 2122 .

67 2130 200 2194 millia
221 2138 294 2172 aut
314 2132 358 2173 in
388 2134 534 2189 pugna
568 2142 642 2176 aut
679 2136 724 2178 in
753 2136 858 2193 fuga
878 2154 991 2180 caesa
1024 2146 1185 2191 essent,
1221 2146 1264 2181 et
1295 2139 1521 2195 sexaginta
1541 2144 1669 2195 capta

69 2188 222 2229 millia:
256 2189 409 2231 eodem
431 2205 543 2233 anno
566 2191 631 2234 M.
654 2193 856 2250 Aquilius
876 2195 1037 2238 bellum
1058 2196 1210 2238 servile
1229 2196 1432 2238 confecit.

495 2303 664 2332 ANNUS
699 2306 847 2334 URBIS
884 2307 1117 2338 coNDITAE
1140 2295 1238 2336 653.

186 2360 301 2400 Coss.
327 2358 376 2401 C.
390 2362 447 2402 M
446 2365 537 2403 ario
561 2365 631 2405 VI.
650 2363 704 2405 L.
729 2367 891 2408 Valerio
913 2370 1083 2418 Flacco,
1115 2373 1218 2410 aute
1241 2367 1462 2410 Christum
1483 2367 1552 2408 99.

640 2423 857 2464 Ciceronis
872 2428 1092 2478 septimus.

100 2543 106 2549 .
128 2486 334 2549 Apuleius
353 2488 622 2543 Saturninus,
637 2493 791 2535 iterum
804 2494 1018 2539 Tribunus
1030 2497 1184 2554 plebis,
1200 2497 1342 2553 legem
1355 2496 1580 2552 Agrariam
1596 2509 1670 2551 per

69 2558 158 2606 vnn
169 2544 279 2594 tuht,
302 2551 349 2606 et
368 2545 423 2594 Q.
446 2546 627 2590 Metello
647 2550 895 2605 Numidico,
927 2554 1002 2611 qui
1037 2555 1081 2595 in
1103 2569 1196 2596 eam
1213 2556 1358 2610 jurare
1380 2553 1532 2604 noluit,
1555 2552 1670 2594 diem

73 2600 196 2669 dixit.
256 2600 316 2641 At
341 2601 410 2642 ille
439 2604 590 2665 maluit
625 2608 729 2648 urbe
759 2609 924 2662 cedere,
953 2610 1087 2667 quam
1119 2612 1170 2652 de
1207 2609 1421 2652 sententia
1438 2609 1669 2651 dimoveri:

74 2671 170 2722 cuin
182 2657 294 2698 1de1n
309 2656 561 2701 Saturninus
581 2661 836 2706 Memmium
855 2668 1132 2710 candidatum
1149 2666 1408 2710 Consulatus
1423 2666 1671 2716 occidisset,

74 2714 344 2770 efficeretque
358 2723 405 2756 ut
418 2716 468 2757 C.
485 2716 689 2760 Servilius
704 2721 1058 2766 GlauciaConsul
1073 2726 1206 2777 fieret,
1221 2723 1672 2766 Senatus-consultum

73 2769 237 2812 factum
259 2777 338 2824 est,
352 2779 399 2814 ut
414 2774 607 2818 wderent
624 2775 836 2823 Consules
849 2795 903 2823 ne
920 2781 1022 2837 quid
1038 2781 1281 2837 detrimenti
1299 2779 1673 2838 eaperetRespub·
