1790 3090
759 156 1026 192 PHILIPPICA
1049 157 1098 191 ΙΙ.

141 219 399 287 consulat-us
408 233 648 292 petebatur,
657 237 994 293 nonrogabatur‚
1004 243 1149 294 petere
1164 237 1434 280 consulatum
1448 236 1710 292 solebamus)

64 280 249 359 515-‚zum
271 292 450 333 Gallicis
472 298 516 333 et
534 292 704 333 lacerna
733 294 965 335 cucurristi.

1029 294 1091 335 At
1108 294 1250 336 videte
1271 295 1488 337 levitatem
1507 295 1705 337 hominis.

150 348 262 389 Cum
274 348 380 390 hora
396 348 482 389 diei
499 348 664 391 decima
681 348 767 391 fere
782 350 836 391 ad
852 350 966 391 Saxa
979 350 1127 392 Rubra
1138 351 1341 404 venisset,
1365 349 1535 393 delituit
1550 352 1594 392 in
1610 351 1714 407 qua-
1764 362 1774 380 ι’

149 405 248 446 dam
271 405 530 467 cauponula,
551 412 680 461 atque
710 405 770 447 ibi
800 421 847 448 se
879 407 1113 458 occultans,
1135 409 1375 464 perpotavit
1395 408 1710 471 ad‘vesperum:
1736 449 1750 465 .;

148 459 250 501 inde
266 460 373 502 cisro
392 461 585 503 celeriter
605 462 660 503 ad
674 462 832 504 Urbem
855 464 1077 515 advectus,
1099 465 1274 506 domum
1295 465 1413 506 venit
1433 472 1575 521 capite
1592 478 1713 506 invo-
1738 470 1763 503 .’
1780 474 1784 482 '

147 517 255 558 luto.
292 517 474 570 Janitor‚
498 518 605 566 Quis
628 519 697 560 tu?
730 520 769 559 A
788 519 941 562 Marco
958 521 1215 562 tabellarius.
1261 521 1502 563 Confestim
1523 521 1579 562 ad
1601 521 1710 573 erasm,

73 568 130 609 20
150 574 273 629 cujus
291 574 423 616 causa
438 582 626 626 venerat,
643 575 887 628 deducitur,
904 576 1028 632 eique
1045 577 1272 633 epistolam
1288 577 1439 630 tradit3
1471 592 1598 634 quam
1616 576 1714 619 cum

148 630 224 671 illa
238 630 401 687 legeret
413 632 535 682 flens,
549 636 660 684 (erat
675 632 788 674 enim
806 632 1013 674 amatorie
1036 635 1215 690 scripta:
1239 642 1392 692 ecaput
1411 642 1555 676 autem
1575 633 1716 676 litera-

147 701 256 739 rum,
278 687 360 729 sibi
383 703 480 729 cum
500 688 574 729 illa
597 688 726 747 mima
748 690 930 746 posthac
951 690 1056 731 nihil
1075 691 1290 743 futurum3
1321 706 1492 733 omnem
1522 706 1567 733 se
1597 706 1716 733 amo-

106 786 117 801 .>
147 758 236 785 rem
254 745 465 800 abjecisse
481 733 640 796 dillinc,
655 753 785 802 atque
802 747 846 787 in
862 747 973 787 hanc
990 748 1290 801 transfudisse)
1312 748 1410 790 cum
1426 747 1579 790 mulier
1593 748 1716 790 fleret

146 800 335 850 uberius,
351 802 481 843 homo
498 802 740 844 misericors
759 803 865 844 ferre
882 818 968 844 non
984 804 1145 860 potuit:
1179 812 1309 862 caput
1324 805 1532 862 “aperuit3
1563 805 1607 846 in
1625 805 1714 847 col-

72 853 128 893 25
149 855 238 898 lum
260 857 428 899 invasit.
481 858 520 898 O
543 859 762 900 hominem
783 861 984 915 nequam!
1008 861 1131 917 (quid
1155 862 1405 916 enimfaliud
1428 862 1595 903 dicam?
1626 877 1713 903 ma-

147 915 214 969 gis
234 913 402 969 proprie
424 914 530 954 nihil
546 929 721 969 possum
740 916 901 967 dicere)
919 931 1036 973 ergo,
1054 926 1101 959 ut
1120 925 1161 960 te
1181 919 1444 971 catamitum,
1461 918 1714 975 riecfopina·

145 972 192 1010 to
212 970 309 1010 cum
331 970 610 1022 ostendisses,
627 978 781 1027 praeter
797 987 916 1028 spem
933 975 1083 1014 mulier
1098 975 1355 1031 adspiceret,
1374 974 1536 1018 idcirco
1550 973 1712 1017 Urbem

145 1033 305 1068 terrore
328 1034 553 1079 nocturno,
571 1028 741 1069 Italiam
761 1029 991 1069 multorum
1009 1030 1173 1071 dierum
1189 1039 1320 1080 metu,
1337 1031 1617 1086 perturbasti!
1654 1032 1714 1074 Et

145 1083 263 1124 domi
284 1083 460 1140 quidem
483 1099 656 1126 causam
672 1085 828 1126 amoris
845 1086 1048 1135 habuisti,
1065 1086 1166 1128 foris
1188 1088 1315 1129 etiam
1332 1087 1580 1144 turpiorem,
1597 1103 1650 1129 ne
1667 1090 1714 1131 L.

71 1136 127 1177 30
147 1139 337 1181 Plancus
358 1141 522 1196 praedes
544 1148 642 1182 tuos
664 1142 891 1183 venderet:
923 1144 1158 1198 productus
1181 1155 1324 1186 autem
1344 1144 1388 1184 in
1409 1144 1663 1186 concionem
1687 1145 1714 1187 a

143 1196 316 1238 tribuno
333 1197 486 1253 plebis,
501 1197 598 1239 cum
611 1199 924 1255 respondisses,
939 1206 981 1241 te
995 1200 1054 1242 rei
1068 1207 1152 1243 tuae
1167 1201 1298 1244 causa
1309 1201 1492 1255 venisse,
1505 1202 1708 1259 populum

145 1252 209 1304 fin
229 1260 272 1296 te
295 1254 492 1296 dicacem
513 1255 643 1297 etiam
662 1255 906 1298 reddidisti.

258 1380 470 1422 ‘initiunt
586 1378 661 1420 dab
683 1382 743 1422 εᾶ.

185 1548 237 1577 16.
270 1545 341 1576 Diei
361 1546 469 1577 decim&
483 1545 584 1588 fere]
629 1545 766 1578 Romani
781 1553 902 1579 veteres

138 1588 223 1619 diem
238 1588 271 1619 in
286 1590 375 1620 horas
399 1590 578 1626 duodecim,
595 1595 627 1620 et
641 1596 764 1622 noctem
787 1592 819 1622 in
842 1597 903 1622 tot-

138 1631 226 1662 idem
243 1632 446 1663 dividebant:
467 1632 561 1673 quare
577 1634 666 1663 horas
678 1633 859 1674 inaequales,
873 1639 905 1665 et

138 1679 246 1704 aestate
270 1675 400 1715 quidem
416 1675 541 1705 diurnas
559 1676 723 1716 longiores,
747 1677 903 1709 breviores

140 1723 322 1754 noctumas;
350 1719 452 1748 hieme
470 1719 589 1756 contra,
615 1725 780 1750 nocturnas
804 1720 903 1760 longi-

138 1770 218 1797 ores,
248 1760 406 1791 breviores
439 1761 563 1792 diurnas
590 1763 776 1792 habuerunt.
822 1763 903 1794 Cum

136 1808 241 1833 autern
257 1803 302 1833 sol
319 1804 454 1833 medium
477 1803 583 1834 cursfis
605 1805 737 1844 spatium
754 1806 899 1837 confece-

135 1851 195 1881 rat,
218 1851 337 1875 sextam
360 1847 468 1876 horam
492 1848 717 1883 numerabantg
744 1858 798 1888 per
814 1849 900 1879 deci-

135 1898 219 1918 mam
242 1894 346 1919 autem
369 1895 479 1930 quarta
501 1895 605 1920 nostra
625 1891 762 1943 serotina
785 1891 899 1931 intelli-

138 1932 244 1971 genda
259 1937 316 1962 est.
648 1930 660 1947 ³
700 1930 702 1932 ¹
796 1932 800 1936 ’

181 1974 230 2004 Ib.
261 1975 308 2004 Ad
324 1975 398 2004 Sara
415 1974 548 2016 Rubra]
592 1976 673 2006 Saxa
688 1975 797 2006 Rubra
815 1976 899 2007 locus

18 2047 21 2050 ,
42 2022 52 2049 ἢ
80 2044 88 2055 Ι,
110 2048 115 2053 ,,
137 2021 185 2049 est
211 2017 242 2047 in
266 2017 317 2047 via
346 2017 455 2047 Cassia
482 2018 562 2048 inter
589 2018 705 2048 Urbem
736 2023 768 2048 et
790 2019 900 2051 Veios.

133 2060 222 2090 Vide
240 2059 374 2096 Livium,
397 2060 451 2091 lib.
465 2062 496 2091 2.
542 2060 594 2091 Ibi
613 2062 795 2091 ceciderunt
809 2062 898 2093 Fabii

135 2103 277 2133 trecenti.

183 2148 232 2176 18.
279 2145 352 2176 Inde*
379 2147 474 2187 cisia]
521 2146 639 2178 Cisium
668 2157 765 2188 genus
794 2148 899 2178 rhedae

135 2188 328 2219 celerrimum
354 2195 413 2225 est,
437 2190 577 2230 [vehiculi
595 2192 681 2221 bireti
700 2201 807 2231 genus,
830 2191 899 2221 No·

136 2231 190 2261 nio
207 2232 324 2272 Marc]

181 2277 230 2305 19.
256 2276 287 2305 Α
305 2274 435 2317 Marem]
463 2275 504 2306 Id
521 2279 582 2314 est,
597 2275 616 2305 ὲ.
630 2276 742 2308 Marco
757 2276 899 2308 Antonio

135 2317 314 2348 tabellarius
331 2323 390 2348 est.

178 2360 230 2390 Ib.
251 2361 298 2390 Ad
312 2361 403 2402 earm]
448 2360 590 2392 Fulviam
605 2361 736 2393 indicat.

179 2405 231 2433 22.
266 2403 325 2433 Ilm
348 2403 462 2444 mima]
510 2404 696 2447 Cytheride,
720 2416 815 2448 quam
830 2407 898 2439 Vo-

134 2445 283 2477 lumniam
300 2447 526 2481 nominaverat.

974 1343 984 1363 l

862 1372 1052 1449 θᾱὲΐεᾲήρί.
1171 1382 1499 1427 sconviciantem
1520 1383 1607 1427 tibi.

990 1547 1044 1579 25.
1092 1546 1118 1576 O
1146 1545 1290 1577 hominem
1318 1546 1471 1587 nequamss
1526 1544 1631 1575 Nemo
1665 1543 1712 1575 vir

948 1591 1064 1631 turpior
1076 1589 1256 1620 effeminato
1269 1601 1280 1629 3
1301 1594 1333 1620 et
1357 1600 1478 1631 nequam
1501 1588 1610 1620 dicitur
1632 1598 1709 1630 qua-

949 1634 974 1664 si
995 1633 1196 1673 nequidquam.

992 1680 1045 1709 26.
1071 1675 1280 1716 Cata⁷71itmn.]
1316 1674 1489 1706 Catamitus
1503 1675 1618 1706 dicitur
1632 1683 1711 1714 puer

947 1720 1132 1756 meritorius,
1155 1725 1190 1748 ut
1205 1719 1248 1749 ait
1263 1719 1388 1749 Servius
1403 1719 1442 1748 ad
1458 1718 1527 1749 Ecl.
1552 1720 1583 1748 8.
1609 1716 1710 1758 qualis

948 1762 1006 1794 fuit
1022 1762 1238 1803 Ganymedes.

985 1809 1038 1836 28.
1077 1805 1194 1836 Terrore
1216 1805 1383 1846 nocturna]

941 1849 973 1878 in
988 1849 1105 1879 Urbem
1121 1848 1295 1878 Antonium
1312 1848 1486 1884 advenisse,
1508 1847 1708 1878 crediderunt

943 1902 1050 1922 omnes
1067 1897 1217 1921 mortuum
1233 1891 1327 1920 fuisse
1343 1891 1508 1921 Caesarem.

987 1937 1040 1965 ⁶29.
1073 1933 1109 1964 L.
1126 1933 1284 1974 Plancus]
1331 1933 1363 1963 Is
1388 1939 1435 1964 est
1459 1934 1605 1969 Plancus,
1629 1931 1704 1962 Mu-

944 1977 1020 2006 natii
1048 1976 1155 2006 Planci
1186 1976 1290 2011 frater,
1321 1976 1465 2007 Ciceroni
1491 1975 1706 2012 amicissimus,

944 2019 984 2048 ad
1004 2030 1096 2060 quem
1114 2019 1216 2059 plures
1240 2023 1311 2049 sunt
1333 2018 1401 2059 ejus
1423 2018 1577 2060 epistolas.
1622 2018 1705 2049 Cum

944 2067 1047 2092 autem
1074 2067 1138 2092 tum
1163 2061 1340 2102 reipublicae
1364 2068 1428 2092 tum
1453 2061 1568 2093 Caesari
1593 2061 1704 2092 multas

943 2105 1091 2145 pecunias
1117 2105 1247 2135 deberet
1272 2104 1439 2141 Antonius,
1469 2105 1579 2146 quibus
1604 2105 1707 2145 impar

945 2155 1011 2178 erat
1030 2148 1200 2184 solvendis,
1225 2147 1359 2178 Plancus
1381 2148 1447 2184 ille,
1471 2148 1610 2178 tribunus
1637 2148 1705 2189 ple-

943 2191 1002 2230 bis,
1030 2202 1194 2232 sponsores
1213 2190 1346 2221 Antonii
1372 2202 1405 2221 se
1428 2191 1624 2232 venditurum
1647 2192 1707 2222 mi-

943 2239 1034 2264 natus
1061 2240 1125 2264 est:
1165 2234 1184 2264 εὶ
1220 2245 1281 2275 quo
1316 2232 1386 2264 crim
1415 2231 1575 2275 urgeretur
1602 2233 1706 2265 Anto-

942 2277 1023 2313 nius,
1041 2277 1118 2307 dixit
1140 2278 1174 2307 in
1201 2277 1349 2307 concione
1373 2287 1406 2307 se
1428 2277 1558 2308 rediisse
1582 2282 1616 2307 ut
1638 2288 1702 2307 rem

943 2331 1029 2351 suain
1053 2326 1181 2361 agerct3
1202 2320 1252 2351 cui
1279 2320 1395 2350 dicenti
1418 2331 1482 2351 non
1497 2319 1631 2350 credidit
1645 2331 1703 2360 po-

942 2363 1045 2404 pulus,
1069 2374 1232 2406 persuasus
1256 2363 1296 2393 ob
1321 2369 1450 2395 mortem
1467 2363 1597 2395 Caesaris
1619 2363 1702 2394 redi-

941 2417 1014 2438 isse.
1600 2425 1602 2427 >

499 2607 617 2654 Quid
635 2609 769 2660 egerit
790 2606 1014 2650 Antonius
1033 2609 1082 2649 in
1102 2609 1347 2650 consulatu.

88 2719 148 2797 '‘3¹3‘'
186 2733 315 2776 XIII.
347 2733 435 2776 Sed
454 2734 579 2777 nimis
609 2737 746 2779 multa
775 2738 828 2780 de
861 2736 1021 2796 nug-isi
1046 2737 1100 2780 ad
1122 2738 1284 2794 majora
1302 2736 1538 2779 veniamus.
1602 2736 1698 2779 (3ae-

108 2786 112 2794 ‘
133 2794 218 2836 sari
236 2807 288 2836 ex
304 2788 519 2854 Hispania
533 2791 730 2838 redeunti
751 2794 924 2843 obviam
942 2795 1189 2852 longissime
1205 2794 1479 2852 processisti:
1502 2791 1698 2839 celeriter

1433 1804 1514 1837 Cum
1544 1805 1628 1834 sama
1649 1802 1709 1833 fuit
1769 1844 1774 1847 .
