1790 3090
63 142 143 189 126
725 139 777 172 1N
802 135 1059 172 CATILINAM
1081 137 1150 171 111.

63 221 120 261 40
141 231 205 270 os,
235 218 379 260 omnia
409 220 658 260 ornamenta
686 215 880 269 honoris,
909 216 1173 258 monimenta
1203 212 1363 271 gloriae,
1397 211 1537 255 laudis
1566 211 1701 269 insig-

138 276 225 326 nia,
257 276 387 317 condi
419 282 460 316 et
490 272 692 315 collocari
721 275 845 315 volo:
877 273 985 314 nihil
1015 287 1082 314 me
1110 277 1274 313 mutum
1303 276 1447 327 potest
1476 270 1702 320 delectare,

138 332 246 373 nihil
269 333 461 381 tacitum,
493 330 597 371 nihil
618 329 803 386 denique
824 329 1087 386 hujusmodi,
1120 329 1236 385 quod
1258 329 1386 370 etiam
1408 326 1548 368 minus
1580 325 1700 381 digni

138 389 311 444 assequi
335 388 516 444 possint.
578 386 790 427 Memoria
811 386 969 437 vestr-22,
996 385 1202 436 Quirites,
1233 391 1390 427 nostrae
1421 398 1487 425 res
1519 383 1700 432 alentur,

137 445 405 486 sermonibus
447 449 656 493 crescent,
708 442 945 483 fliterarum
990 441 1265 482 monimentis
1305 441 1620 482 inveterascent
1659 446 1702 479 et

61 511 116 552 45
137 502 539 543 corroborabuntur:
563 499 844 554 eamdemque
859 498 974 538 diem
987 497 1198 553 intelligo,
1212 511 1341 552 quam
1356 511 1479 553 spero
1499 503 1701 538 aeternam

78 582 80 584 v
136 559 241 610 fore,
265 565 307 599 et
328 558 382 599 ad
404 558 586 599 salutem
607 555 751 604 Urbis,
773 562 817 595 et
835 554 890 595 ad
911 553 1161 595 memoriam
1182 554 1428 595 consulatus
1447 553 1532 594 mei
1548 566 1703 608 propa-

136 622 305 671 gatam:
338 629 509 670 unoque
541 621 731 668 tempore
763 611 807 651 in
834 611 918 651 hac
949 609 1172 666 republica
1203 610 1310 651 duos
1331 610 1446 651 cives
1467 609 1702 659 exstitisse,

135 686 317 726 quorum
338 672 446 712 alter
466 671 573 711 fines
594 669 724 710 vestri
746 667 927 723 imperii,
949 682 1037 708 non
1057 673 1194 718 terrae,
1218 666 1295 707 sed
1316 666 1431 718 coeli,
1451 665 1700 722 regionibus

134 727 407 778 terminaret;
439 728 545 768 alter
566 726 759 782 ejusdem
779 723 944 780 imperii
965 723 1235 764 domicilium
1250 723 1484 778 sedemque
1502 729 1703 763 servaret.

58 794 115 834 50
137 783 237 835 Sed,
262 784 467 840 quoniam
484 798 626 825 earum
642 796 796 832 rerum,
818 795 924 837 quas
939 795 1019 836 ego
1035 780 1165 836 gessi,
1186 794 1273 820 non
1287 786 1353 821 est
1367 779 1515 820 eadem
1530 778 1703 819 fortuna

9 841 26 847 ”
135 847 265 896 atque
294 840 502 891 conditio,
534 854 630 895 quae
661 839 832 879 illorum
863 837 935 893 qui
967 844 1143 878 externa
1171 837 1287 877 bella
1308 841 1552 892 gesserunt3
1584 833 1703 890 quod.

134 897 240 937 mihi
261 897 490 937 vivendum
510 896 567 936 sit
587 895 787 936 cumillis
811 909 919 950 quos
944 893 1027 934 vici
1058 908 1110 934 ac
1141 892 1317 948 subegi3
1349 893 1419 933 isti
1447 892 1595 933 hostes
1626 896 1703 931 aut

133 952 385 993 interfectos
423 959 497 993 aut
534 965 763 1007 oppressos
785 951 1068 1006 reliquerunt3
1099 955 1288 990 vestrum
1318 956 1397 1000 est,
1429 949 1634 999 Quirites,
1667 947 1703 988 si

135 1008 301 1049 caeteris
321 1014 440 1049 recta
458 1022 535 1048 sua
556 1009 672 1048 facta
693 1013 874 1062 prosunt
893 1006 999 1046 mihi
1021 1020 1117 1046 mea
1137 1021 1190 1047 ne
1211 1006 1384 1061 quando
1413 1005 1574 1056 obsint,
1604 1018 1702 1060 pro-

60 1076 115 1116 55
135 1066 301 1117 videre3
333 1072 496 1106 mentes
519 1064 632 1104 enim
651 1063 874 1104 hominum
906 1061 1287 1103 audacissimorum
1317 1063 1538 1102 sceleratae
1558 1076 1609 1101 ac
1631 1075 1702 1102 ne-

135 1122 250 1162 fariae
281 1136 333 1162 ne
364 1121 485 1162 vobis
517 1134 671 1161 nocere
701 1125 894 1175 possent,
926 1132 1006 1173 ego
1038 1117 1224 1172 providi:
1266 1132 1320 1158 ne
1355 1117 1459 1157 mihi
1499 1124 1700 1168 noceant,

134 1186 324 1218 vestrum
346 1184 412 1218 est
432 1176 670 1233 providere.
731 1175 1019 1230 Quamquam,
1052 1173 1258 1224 Quirites,
1288 1173 1393 1214 mihi
1417 1173 1590 1229 quidem
1621 1173 1704 1230 ipsi

133 1234 240 1274 nihil
255 1235 347 1290 jam
368 1235 421 1275 ab
444 1233 537 1274 istis
559 1231 701 1274 noceri
720 1238 885 1287 potest3
916 1244 1119 1286 magnum
1141 1230 1255 1271 enim
1271 1236 1338 1271 est
1353 1231 1397 1271 in
1414 1230 1539 1271 bonis
1559 1230 1703 1286 praesi-

134 1291 266 1342 dium,
299 1291 415 1347 quod
449 1289 552 1330 mihi
574 1289 619 1329 in
650 1295 900 1344 perpetuum
936 1293 1228 1342 comparatum
1260 1293 1345 1334 est3
1380 1302 1535 1343 magna
1565 1287 1609 1328 in
1640 1301 1704 1328 re-

60 1357 115 1398 60
133 1346 307 1404 publica
327 1347 531 1402 dignitas,
568 1361 663 1401 quae
686 1360 754 1386 me
777 1358 945 1400 semper
964 1344 1096 1385 tacita
1117 1344 1340 1395 defendet3
1371 1358 1529 1400 magna
1550 1344 1613 1384 vis
1637 1349 1704 1384 est

136 1404 429 1455 conscientiae,
461 1417 591 1459 quam
612 1401 685 1458 qui
708 1401 945 1464 negligent,
977 1400 1076 1441 cum
1096 1415 1164 1441 me
1184 1400 1338 1441 violare
1358 1401 1520 1452 volent,
1553 1415 1597 1441 se
1617 1399 1701 1456 ipsi

133 1461 407 1502 indicabunt.
487 1459 568 1500 Est
602 1459 732 1499 etiam
771 1473 816 1498 in
854 1456 980 1498 nobis
1010 1457 1046 1497 is
1077 1456 1259 1505 animus,
1297 1457 1501 1508 Quirites,
1537 1463 1587 1497 ut
1614 1470 1704 1498 non

132 1516 266 1558 modo
289 1517 445 1557 nullius
464 1515 656 1556 audaciae
679 1514 898 1564 cedamus,
935 1512 1011 1554 sed
1031 1512 1160 1554 etiam
1182 1527 1329 1553 omnes
1350 1513 1570 1569 improbos
1590 1511 1702 1553 ultro

132 1588 302 1629 semper
320 1574 598 1614 lacessamus.
660 1569 789 1618 Quod
809 1570 845 1611 si
868 1569 1006 1611 omnis
1028 1569 1213 1625 impetus
1235 1569 1571 1611 domesticorum
1600 1570 1703 1610 lios-

60 1640 115 1681 65
135 1631 253 1682 tium,
276 1630 481 1685 depulsus
502 1631 528 1669 a
549 1626 689 1679 vobis,
710 1642 754 1668 se
771 1627 816 1668 in
836 1641 904 1668 me
924 1640 1056 1668 unum
1070 1626 1344 1677 converterit3
1375 1625 1497 1667 vobis
1515 1626 1594 1668 erit
1606 1640 1704 1682 pro-

132 1687 383 1737 videndum,
415 1685 620 1735 Quirites,
652 1684 740 1740 qua
761 1683 1010 1725 conditione
1031 1683 1213 1737 posthac
1234 1696 1308 1723 eos
1331 1697 1425 1724 esse
1447 1683 1603 1735 velitis,
1625 1683 1699 1739 qui

134 1759 181 1785 se
222 1759 299 1799 pro
332 1743 470 1784 salute
501 1740 643 1782 vestra
684 1740 920 1782 obtulerint
953 1739 1125 1780 invidiae
1161 1739 1448 1795 periculisque
1488 1740 1704 1781 omnibus.

135 1800 251 1841 Mihi
272 1800 446 1856 quidem
473 1798 556 1853 ipsi
584 1797 689 1853 quid
720 1804 787 1838 est
817 1796 933 1853 quod
959 1797 1051 1852 jam
1072 1796 1127 1837 ad
1147 1795 1246 1836 vitae
1267 1796 1452 1837 fructum
1473 1796 1614 1853 possit
1633 1811 1702 1837 ac-

135 1857 263 1913 quiri,
305 1856 540 1913 praesertim
572 1855 669 1895 cum
698 1868 837 1910 neque
868 1853 912 1894 in
941 1853 1103 1894 honore
1133 1859 1274 1902 vestro
1304 1867 1444 1909 neque
1482 1853 1527 1894 in
1567 1853 1702 1909 gloria

61 1925 117 1966 70
134 1914 319 1965 virtutis,
341 1913 576 1968 quidquam
596 1911 764 1952 videam
786 1909 929 1960 altius,
951 1909 1038 1966 quo
1055 1909 1230 1966 quidem
1246 1909 1351 1951 mihi
1367 1911 1502 1951 libeat
1518 1910 1700 1951 adscen-

135 1971 261 2011 dere?
333 1970 448 2010 Illud
483 1968 703 2024 perficiam
733 1965 941 2024 profecto,
974 1965 1181 2018 Quirites,
1211 1973 1259 2008 ut
1288 1981 1351 2017 ea,
1384 1982 1480 2023 quae
1511 1967 1626 2022 gessi
1656 1967 1702 2010 in

134 2027 374 2076 consulatu,
414 2025 604 2082 privatus
635 2031 770 2075 tuear,
810 2029 940 2078 atque
973 2037 1139 2073 ornem3
1180 2028 1243 2074 ut,
1282 2023 1408 2078 siqua
1438 2029 1505 2064 est
1533 2023 1699 2065 invidia

132 2083 178 2124 in
210 2081 506 2124 conservanda
536 2080 759 2137 republica
790 2085 1009 2135 suscepta,
1048 2079 1180 2120 laedat
1207 2078 1390 2130 invidos,
1421 2079 1526 2120 mihi
1556 2081 1699 2122 valeat

133 2140 189 2182 ad
220 2139 415 2197 gloriam.
486 2138 688 2194 Denique
722 2137 784 2179 ita
823 2151 891 2180 me
925 2136 971 2178 in
1002 2135 1223 2193 republica
1253 2136 1483 2190 sstractabo,
1517 2143 1567 2179 ut
1604 2151 1695 2180 me-

531 2252 750 2295 flcistoriis.
1115 2257 1294 2306 ggercem.

172 2428 226 2457 41.
252 2424 338 2457 Nihil
348 2424 490 2466 muium]
513 2424 656 2455 Testatur
669 2433 701 2454 se
715 2422 804 2453 rebus
819 2432 887 2452 mu-
930 2422 961 2453 ni
984 2422 1115 2460 invidia,
1139 2433 1233 2465 quam
1260 2423 1383 2455 subibat
1407 2421 1427 2453 ἃ
1449 2420 1617 2464 conjuratis
1637 2421 1692 2464 qui

130 2468 170 2499 tis
183 2480 245 2499 non
269 2469 428 2505 delectari,
450 2468 557 2509 quales
581 2472 652 2498 sunt
673 2471 803 2505 statuae3
828 2476 887 2496 nec
930 2471 1122 2506 supererant·

129 2513 244 2549 tacitis,
267 2512 374 2552 quales
389 2519 460 2542 sunt
474 2510 631 2551 triumphi.
975 2511 1027 2539 60.
1053 2509 1169 2550 Magna
1192 2512 1234 2540 vis
1262 2516 1302 2541 est
1326 2507 1525 2547 conscientia]
1589 2510 1691 2540 Locus

172 2557 226 2586 47.
250 2555 332 2585 Duos
351 2554 452 2596 cives]
499 2555 540 2584 Se
566 2559 598 2583 et
624 2551 812 2591 Pompeium
833 2562 890 2581 no·
933 2552 1104 2583 communis
1120 2553 1160 2582 de
1176 2553 1377 2589 conscientia,
1403 2552 1466 2593 qua
1486 2551 1572 2582 nulla
1595 2553 1694 2594 major

127 2603 196 2628 tat:
222 2597 391 2638 Pompeius
418 2596 500 2628 enim
526 2597 639 2626 eodem
664 2595 727 2625 fere
752 2601 890 2636 tempore
933 2595 979 2625 vis
995 2600 1051 2626 est.

127 2641 292 2681 piraticum
320 2640 437 2670 bellum
472 2645 503 2669 et
537 2638 787 2669 Mithridaticum
817 2648 891 2668 con·
978 2639 1032 2668 70.
1071 2637 1188 2668 Videam
1216 2639 1332 2679 altius]
1390 2637 1506 2679 Populi
1537 2638 1692 2670 beneficio

125 2683 219 2714 fecit:
244 2684 314 2724 ipse
335 2683 408 2714 vero
432 2683 591 2714 civitatem
614 2681 773 2721 incendio,
801 2681 885 2712 cives
929 2681 1036 2712 consul
1061 2686 1138 2717 erat,
1162 2682 1225 2723 qua
1246 2682 1398 2725 dignitate
1420 2681 1507 2716 nulla
1528 2681 1588 2713 fuit
1604 2681 1691 2715 illus-

127 2726 228 2765 caede,
250 2726 403 2757 liberavit.
930 2725 1004 2757 trior
1015 2724 1048 2757 in
1061 2723 1190 2767 Repub-

170 2770 224 2802 54.
247 2769 317 2803 Mea
331 2769 448 2812 obsint]
492 2769 621 2804 Poterat
635 2768 743 2803 obesse
758 2767 888 2803 Cicero-
