1838 3017
723 144 786 178 m:
815 144 1041 180 AMICITIA.
1578 142 1660 189 507

104 219 203 261 dem
232 227 464 272 moveatur,
486 221 587 275 eligi
616 236 691 279 par
722 230 813 275 est3
844 239 938 281 quae
972 223 1116 266 omnia
1150 220 1366 279 pertinent
1396 223 1451 263 ad
1483 224 1664 267 fidelita-

104 282 219 319 tem:
251 293 389 334 neque
410 279 523 320 enim
547 279 678 321 fidum
710 288 853 338 potest
885 296 977 322 esse
1009 280 1231 336 multiplex
1264 279 1483 335 ingenium
1505 288 1547 321 et
1579 289 1664 323 tor-

106 339 304 385 tuosum3
336 350 472 391 neque
494 335 607 384 verb,
629 337 699 392 qui
731 353 816 378 non
847 338 999 378 iisdem
1031 338 1156 378 rebus
1189 345 1396 387 movetur,
1427 338 1575 378 natura
1612 353 1662 378 ue

105 392 334 442 consentit,
356 401 430 432 aut
450 392 560 433 fidus
583 402 658 434 aut
689 394 854 435 stabilis
886 400 1031 450 potest
1061 408 1170 434 esse.
1231 393 1490 434 Addendum
1512 395 1663 435 eodeni

104 454 185 497 est,
199 455 246 489 ut
266 462 318 488 ne
338 449 587 490 criminibus
609 459 683 491 aut
705 451 937 492 inferendis
958 451 1205 500 delectetur,
1223 457 1298 490 aut
1316 450 1461 490 credat
1482 451 1662 491 oblatis:

106 516 202 564 quae
234 504 377 544 omnia
408 505 620 561 pertinent
641 508 692 547 ad
717 522 825 554 eam,
848 522 975 563 quam
1000 506 1256 562 jamdudum
1289 513 1440 556 tracto,
1464 514 1665 548 constan-

103 565 222 601 tiam.
277 560 344 601 Ita
365 561 413 602 fit
433 577 576 603 verum
608 563 728 613 illud,
751 564 867 619 quod
899 564 1021 604 initio
1050 563 1155 613 dixi,
1176 562 1423 610 amicitiam,
1445 562 1525 602 nisi
1559 563 1666 604 inter

105 613 258 663 bonos,
280 631 373 658 esse
395 633 480 660 non
502 634 643 675 posse.
704 620 785 660 Est
805 620 919 661 enim
950 619 1049 660 boni
1072 619 1146 659 viri
1170 620 1315 674 (quem
1338 619 1535 660 eumdem
1557 620 1666 675 sapi-

106 678 248 713 entem
270 673 372 715 licet
392 675 553 725 dicere)
575 676 667 717 haec
689 677 773 717 duo
792 683 935 717 tenere
958 676 1001 715 in
1032 675 1223 716 amicitia
1243 691 1252 715 :
1285 674 1482 730 primulii,
1507 676 1665 730 nequid

105 727 255 770 fictum
275 730 345 781 sit,
368 746 474 773 neve
496 733 740 773 simulatum
759 731 923 786 (aperti)⁸
941 731 1053 772 enim
1070 732 1136 772 vel
1158 730 1315 781 odisse,
1334 731 1469 786 magis
1491 730 1664 787 ingenui

107 792 184 835 est,
207 786 340 841 quam
372 787 509 829 fronte
545 789 759 829 occultare
795 787 1089 839 sententiam);
1121 785 1293 838 deinde,
1324 801 1410 828 nou
1443 786 1580 828 solum
1611 789 1665 829 ab

106 840 250 896 aliquo
272 843 421 884 allatas
443 844 763 886 criminationes
794 845 1013 900 repellere,
1036 844 1111 885 sed
1144 859 1195 885 ne
1216 844 1356 899 ipsum
1378 843 1551 900 quidem
1573 859 1666 886 esse

104 897 406 953 suspiciosum,
420 915 589 957 semper
604 901 765 957 aliquid
782 901 1099 942 existimantem
1114 901 1166 941 ab
1183 901 1322 941 amico
1340 915 1434 942 esse
1450 900 1664 942 violatum.

104 953 302 996 Accedat
322 955 407 997 huc
427 958 616 999 suavitas
637 958 849 1013 quaedam,
873 964 1054 1013 oportet,
1076 971 1317 998 sermonum
1338 965 1465 1014 atque
1486 971 1665 1009 morum,

103 1009 439 1075 haudquaquam
459 1014 676 1055 mediocre
698 1014 1018 1055 condimentum
1038 1014 1250 1055 amicitiae.
1300 1013 1492 1055 Tristitia
1512 1021 1666 1063 autem,

107 1067 210 1108 etin
227 1082 342 1109 omni
364 1084 407 1110 re
425 1070 643 1122 severitas,
661 1071 791 1112 habet
807 1071 879 1111 illa
895 1070 1068 1126 quidem
1090 1071 1337 1126 gravitatem
1354 1086 1362 1111 :
1386 1070 1462 1112 sed
1481 1071 1669 1112 amicitia

107 1124 325 1166 remissior
346 1140 440 1168 esse
463 1127 606 1179 debet,
628 1134 672 1168 et
692 1127 876 1176 liberior,
900 1135 944 1168 ct
964 1127 1142 1179 dulcior,
1165 1134 1208 1168 et
1227 1127 1280 1168 ad
1302 1141 1471 1169 omnem
1491 1128 1670 1170 comita-

107 1187 195 1222 tem
217 1181 553 1239 facilitatemque
575 1184 815 1239 proclivior.

165 1237 293 1280 XIX.
325 1238 510 1281 Exsistit
539 1248 681 1282 autem
711 1241 797 1282 hoc
827 1241 924 1282 loco
947 1241 1144 1296 quaedam
1165 1241 1348 1297 quaestio
1376 1241 1667 1284 subdifficilis:

106 1308 208 1336 num
230 1295 404 1351 quando
436 1296 564 1337 amici
596 1297 710 1349 novi,
741 1297 861 1354 digni
892 1298 1096 1346 amicitia,
1130 1299 1344 1339 veteribus
1372 1298 1460 1339 sint
1491 1307 1670 1354 antepo-

107 1352 253 1404 nendi,
276 1359 324 1393 ut
344 1353 466 1409 equis
488 1354 643 1395 vetulis
666 1361 834 1395 teneros
851 1362 1111 1410 anteponere
1134 1355 1335 1396 solemus.
1391 1354 1574 1410 Indigna
1595 1357 1672 1396 ho-

106 1408 222 1450 mine
242 1409 452 1451 dubitatio
469 1426 478 1451 :
510 1424 595 1452 non
618 1411 732 1452 enim
754 1425 846 1452 esse
864 1411 1024 1452 debent
1043 1411 1342 1462 amicitiarum,
1361 1412 1474 1453 sicut
1495 1412 1671 1453 aliarum

107 1479 259 1516 rerum,
293 1466 529 1508 satietates,
587 1466 824 1509 Veterrima
854 1483 1034 1524 quaeque
1067 1472 1134 1524 (ut
1173 1483 1224 1509 ea
1252 1469 1364 1517 vina,
1395 1483 1489 1525 quae
1527 1476 1672 1510 vetus-

107 1528 243 1564 tatem
263 1522 422 1573 ferunt)
443 1538 538 1565 esse
561 1523 720 1565 debent
740 1524 1020 1576 suavissima3
1050 1539 1282 1580 verumque
1313 1525 1420 1566 illud
1453 1532 1531 1574 est,
1553 1525 1672 1581 quod

106 1578 278 1630 dicitur,
297 1583 455 1622 multos
474 1582 632 1621 modios
652 1583 757 1622 salis
776 1583 906 1622 simul
919 1583 1099 1623 edendos
1112 1597 1213 1632 esse,
1233 1589 1282 1622 ut
1295 1582 1497 1623 amicitiae
1518 1597 1673 1624 munus

109 1636 326 1691 expletum
346 1636 427 1687 sit3
458 1637 673 1678 novitates
694 1644 852 1689 autern,
875 1638 910 1678 si
931 1652 1050 1693 spem
1081 1638 1277 1689 afferunt,
1298 1645 1358 1690 ut,
1380 1649 1599 1694 tamquam
1629 1639 1673 1679 in

108 1691 253 1734 herbis
272 1707 358 1733 non
376 1693 790 1745 fallacibus‚fructus
805 1701 1023 1750 appareat,
1040 1709 1126 1736 non
1144 1702 1244 1735 sunt
1261 1695 1343 1736 illae
1356 1695 1531 1751 quidem
1552 1709 1676 1751 repu-

110 1748 296 1790 diandae:
314 1756 505 1791 vetustas
521 1757 660 1791 tamen
675 1751 772 1792 loco
787 1765 864 1792 suo
878 1751 1170 1793 conservanda
1182 1758 1267 1792 est:
1286 1751 1472 1792 maxima
1485 1758 1550 1793 est
1562 1752 1675 1793 enim

109 1805 174 1846 vis
195 1806 420 1847 vetustatis
442 1814 485 1848 et
507 1807 849 1848 consuetudinis.
881 1807 995 1855 Quin
1017 1808 1111 1864 ipso
1130 1822 1255 1864 equo,
1273 1809 1396 1863 cujus
1414 1808 1542 1850 modo
1560 1823 1677 1850 men-

110 1862 273 1904 tionem
293 1862 391 1914 seci‚
413 1863 449 1904 si
470 1864 588 1905 nulla
608 1878 673 1905 res
697 1863 918 1920 impediat,
940 1879 1066 1906 nemo
1090 1872 1170 1917 est,
1187 1865 1261 1921 qui
1281 1879 1365 1906 non
1389 1880 1455 1916 eo,
1473 1879 1557 1921 quo
1575 1879 1676 1906 con-

113 1919 267 1970 suevit,
277 1919 480 1961 libentius
502 1926 643 1961 utatur
663 1920 793 1976 quam
814 1921 1045 1963 intractato
1067 1929 1111 1963 et
1129 1936 1256 1963 novo.
1277 1921 1370 1963 Nec
1387 1922 1514 1963 modo
1527 1922 1571 1963 in
1592 1922 1676 1963 hoc

113 1976 232 2031 quod
249 1983 316 2016 est
335 1976 508 2027 animal,
524 1977 600 2017 sed
621 1976 664 2016 in
686 1977 736 2017 iis
759 1977 887 2018 etiam
903 1993 1000 2033 quae
1022 1985 1122 2019 sunt
1143 1978 1389 2029 inanimata,
1407 1979 1676 2020 consuetudo

111 2033 242 2074 valet:
274 2031 372 2074 cum
393 2033 500 2073 locis
523 2032 652 2073 etiam
670 2032 776 2088 ipsis
792 2033 1032 2075 montuosis
1055 2035 1316 2075 delectemur
1334 2041 1376 2076 et
1394 2035 1676 2085 silvestribus,

112 2088 157 2130 in
178 2088 334 2145 quibus
351 2088 513 2130 diutius
528 2089 777 2131 commorati
792 2104 954 2131 sumus.
984 2089 1071 2131 Sed
1087 2091 1317 2132 maximum
1331 2091 1454 2132 estin
1468 2091 1676 2143 amicitia,

114 2145 377 2202 superiorem
397 2160 543 2201 parem
566 2160 660 2187 esse
680 2146 867 2187 inferiori
887 2162 896 2187 ε
929 2161 1042 2203 saepe
1064 2148 1175 2189 enim
1197 2147 1463 2189 excellentiae
1480 2148 1677 2204 quaedam

114 2209 230 2253 sunt,
247 2202 385 2258 qualis
400 2209 488 2243 erat
501 2202 716 2259 Scipionis
731 2202 774 2243 in
789 2210 934 2244 nostro
953 2206 1019 2258 (ut
1034 2203 1094 2245 ita
1107 2204 1266 2256 dicam)
1281 2219 1422 2261 grege.
1445 2204 1677 2261 Nunquam

116 2273 162 2300 se
184 2259 255 2300 ille
287 2259 427 2310 Philo,
449 2274 671 2315 nunquam
700 2258 893 2316 Rupilio,
914 2274 1133 2315 nunquam
1165 2260 1393 2312 Mummio,
1415 2261 1676 2318 anteposuit,

116 2330 336 2371 nunquam
358 2315 568 2357 inferioris
592 2315 751 2357 ordinis
783 2316 945 2358 amicis.
1006 2318 1061 2365 Q.
1081 2316 1180 2359 vero
1213 2317 1467 2370 Maximum,
1490 2319 1675 2369 fratrem,

114 2372 336 2429 egregium
355 2372 505 2422 virum,
522 2373 696 2414 omnino
719 2372 801 2414 sibi
822 2388 1094 2430 nequaquam
1115 2389 1274 2431 parem,
1290 2375 1406 2431 quod
1428 2375 1463 2416 is
1484 2374 1677 2416 anteibat

117 2437 258 2480 aetate,
279 2437 499 2486 tamquam
520 2430 794 2487 superiorem,
816 2431 1014 2483 colebat3
1046 2446 1231 2488 suosque
1253 2446 1399 2473 omnes
1421 2447 1496 2488 per
1514 2446 1560 2472 se
1581 2445 1675 2472 esse

117 2487 343 2542 ampliores
365 2487 548 2528 volebat.
591 2487 720 2535 Quod
741 2486 983 2528 faciendum
1004 2488 1342 2545 imitandumque
1364 2496 1431 2530 est
1450 2488 1673 2530 omnibus:

116 2550 178 2592 ut,
188 2543 223 2584 si
234 2557 363 2600 quam
375 2543 665 2599 praestantiam
674 2543 843 2585 virtutis
848 2545 1026 2600 ‚ingenii
1032 2545 1463 2597 ,fortunae,consecuti
1477 2544 1676 2594 sunt,im-

118 2599 304 2655 pertiant
317 2614 412 2641 eam
429 2600 533 2652 suis,
543 2600 945 2656 communicentque
959 2616 1056 2642 cum
1070 2603 1296 2658 proximis:
1319 2602 1417 2652 ut‚si
1430 2600 1675 2657 parentibus

119 2655 209 2696 nati
226 2655 312 2696 sint
326 2657 575 2708 humilibus,
597 2657 632 2698 si
653 2657 913 2713 propinquos
930 2658 1117 2700 habeant
1133 2658 1432 2700 imbecilliores
1448 2658 1515 2698 vel
1531 2657 1674 2698 animo

117 2713 185 2753 vel
204 2712 391 2764 fortuna,
412 2729 557 2756 eorum
578 2720 765 2770 augeant
784 2728 904 2769 opeS,
923 2714 1070 2771 eisque
1091 2715 1242 2757 honori
1272 2714 1360 2755 sint
1379 2720 1422 2755 et
1448 2713 1671 2770 dignitati:

118 2768 229 2820 ut,iu
238 2768 482 2827 fabulis,qui
496 2771 949 2828 aliquamdiu,propter
960 2771 1273 2829 ignorationem
1286 2771 1430 2828 stirpis
1438 2778 1481 2814 et
1492 2769 1679 2827 generis,
