1858 3095
670 167 762 200 mto
792 164 984 199 M1L0Nn.
1599 163 1680 206 321

56 255 284 306 tyrannum
314 244 464 287 tulisse
493 242 697 286 creditis?
727 249 937 300 quantum
971 243 1117 285 odium
1140 241 1271 294 illius,
1293 246 1352 292 et,
1374 240 1419 281 iu
1439 239 1612 282 homine

54 306 231 362 injusto,
251 302 382 360 quam
402 301 530 344 etiam
545 301 711 357 justum
733 302 853 343 esse?

112 362 193 403 IX.
224 360 454 416 Reliquum
475 366 555 410 est,
576 365 623 399 ut
647 359 739 414 jam
770 358 888 399 illum
917 365 1067 399 natura
1096 357 1231 414 ipsius
1259 354 1615 410 consuetudoque

57 418 283 468 defendat3
320 417 436 458 hunc
468 422 612 456 autem
650 417 742 457 haec
774 416 924 457 eadem
961 421 1210 471 coarguant.
1271 413 1389 454 Nihil
1422 425 1496 467 per
1531 411 1617 452 vim

57 489 245 532 unquam
284 472 489 523 Clodius3
535 472 679 514 onmia
727 487 801 528 per
839 472 926 513 vim
978 473 1104 513 Milo.
1183 469 1299 518 Quid
1340 483 1458 524 ergo,
1502 467 1619 523 judi-

58 531 163 574 ces?
193 530 305 581 cnm,
345 529 626 571 moerentibus
662 530 798 579 vobis,
837 529 952 570 Urbe
984 529 1112 579 cessi,
1138 526 1427 582 judiciuin-ne
1466 523 1620 565 timui?

58 603 143 630 non
165 601 324 636 serVOS‚
346 601 431 628 non
453 601 582 638 arma,
604 601 691 628 non
710 587 826 627 vim?
887 587 994 635 Quae
1014 586 1170 626 fuisset
1197 583 1327 638 igitur
1347 595 1478 622 causa
1500 580 1621 622 resti·
1638 576 1664 616 5

58 644 207 687 tuendi
248 643 348 695 mei,
383 643 465 684 nisi
506 643 661 685 fuisset
701 643 859 699 injusta
899 641 1130 698 ejiciendi?
1190 639 1346 679 aDiem
1377 637 1482 678 mihi
1514 641 1622 688 (cre-

60 701 136 754 do)
177 701 358 749 dixerat,
397 701 575 742 multam
614 700 834 756 irrogarat,
871 699 1085 740 actionem
1135 694 1440 752 perduellionis
1487 693 1624 734 inten-

61 759 210 810 derat3
239 765 284 799 et
331 757 436 798 mihi
475 756 689 804 videlicet,
729 756 773 795 in
814 757 944 796 causa
982 762 1056 796 aut
1106 753 1220 794 mala
1261 758 1335 793 aut
1383 750 1496 799 mea,
1537 764 1624 791 non

61 823 105 858 et
135 813 462 872 praeclarissima
499 820 543 854 et
574 812 732 864 vestra,
768 812 984 868 judicium
1024 810 1263 853 timendum
1298 808 1394 850 fuit.
1473 807 1625 848 Servo-

61 886 152 914 rum
183 878 227 912 et
257 870 479 927 egentium
515 869 673 911 civium
707 875 751 910 et
785 868 1127 911 facinorosorum
1164 866 1290 908 armis
1334 879 1452 906 meos
1492 863 1624 914 cives,

60 929 167 971 meis
198 926 390 969 consiliis
423 926 713 983 periculisque
744 933 950 978 servatOS,
971 940 1046 982 pro
1073 940 1140 967 me
1169 923 1299 980 objici
1330 921 1460 963 nolui.
1526 920 1625 962 Vidi

63 985 191 1035 enim,
231 983 319 1026 vidi
359 983 474 1026 hunc
525 984 667 1041 ipsum
707 982 762 1030 Q.
803 983 1096 1034 Hortensium,
1135 982 1279 1024 lumen
1320 987 1364 1022 et
1403 992 1626 1021 ornamen-

1646 860 1698 901 10

595 1197 611 1213 ἃ
625 1195 846 1232 vocaverat
866 1191 913 1231 iu
937 1204 999 1231 me
1008 1190 1101 1242 jus.

67 1455 153 1475 reum
177 1443 325 1475 Clodium
357 1443 397 1473 de
423 1443 455 1473 vi
483 1442 555 1483 iege
585 1441 688 1472 Plotia
714 1441 830 1478 facere,

68 1487 153 1529 qudd
170 1486 407 1527 impressionem
421 1485 548 1517 fecisset
559 1486 590 1516 in
606 1486 722 1523 fabrm,
737 1485 830 1516 Cice-

69 1531 152 1561 ronis
169 1530 295 1560 domum
319 1529 522 1565 aedificanies,
537 1539 607 1570 quae
630 1527 756 1569 publica
773 1538 829 1568 pe-

70 1573 163 1604 cunia
185 1573 424 1607 restaurabatur,
440 1578 471 1602 et
486 1582 579 1613 quain
603 1572 671 1612 ipse
688 1571 830 1608 Clodius,

71 1617 146 1657 dum
170 1614 283 1648 Cicero
307 1615 471 1652 exsularet,
493 1615 677 1645 diruendam
704 1625 831 1646 curave-

71 1665 130 1690 rat.

115 1703 169 1734 57.
215 1701 413 1743 Tyrannum-J
474 1700 623 1732 Clodium
666 1706 831 1742 tyrannum

71 1751 173 1777 vocat.
228 1746 239 1753 ”

118 1788 168 1820 Ib.
191 1786 229 1818 In
243 1787 356 1818 homine
369 1788 504 1829 injusto.]
529 1787 568 1817 Id
583 1792 642 1824 est,
658 1787 689 1817 in
707 1786 833 1822 Clodio,

73 1832 173 1874 cujus,
189 1831 263 1862 licet
283 1830 336 1862 ille
350 1830 482 1872 injustus
497 1835 590 1867 esset,
605 1840 707 1861 causae
730 1834 834 1859 tannen

73 1875 142 1908 odii
165 1875 198 1905 in
220 1874 377 1905 Milonem
398 1879 611 1905 accusatorem
632 1883 722 1904 suurn
739 1873 834 1913 justae

73 1922 172 1950 erant.

55 1992 64 2001 ,
121 1965 151 1993 1.
184 1959 342 2001 Reliquum
367 1966 419 1995 est,
443 1966 480 1991 ut
499 1961 566 2001 jam
587 1960 673 1990 illum
699 1959 836 1999 natum]

77 2005 236 2036 Hactenus
251 2001 364 2034 cicero
379 2013 451 2033 usus
466 2008 514 2033 est
529 2002 717 2044 argumentis
731 2013 837 2042 sump-

78 2047 116 2078 tis
132 2047 152 2077 εἴ
165 2045 373 2086 conjecturis:
396 2056 479 2076 nunc
495 2046 534 2076 ab
544 2045 653 2076 nauta
665 2053 698 2076 et
707 2055 838 2076 consue-

57 2091 191 2130 ⁸tudine
215 2089 371 2126 desumit3
392 2088 504 2129 incipit
525 2095 630 2119 autem
660 2089 699 2118 ab
728 2087 838 2123 ironia,

79 2133 142 2176 quii
157 2131 270 2174 pungit
285 2131 442 2163 Clodium.

125 2176 174 2207 Ib.
196 2174 316 2216 Illum]
362 2174 509 2206 Clodium
541 2174 593 2211 ait,
622 2173 711 2214 cujus
741 2184 840 2204 mores

81 2224 236 2256 naturam,
250 2223 282 2249 et
296 2223 469 2249 anteactam
487 2218 593 2254 vitam,
607 2218 796 2251 considerat,

127 2265 158 2294 2.
182 2261 299 2303 Hunc]
345 2261 512 2291 Milonem.

127 2305 178 2336 Ib.
202 2304 289 2335 Nihil
312 2314 364 2344 per
390 2306 448 2335 vim
476 2304 635 2345 uuquam]

84 2348 160 2379 nibil
176 2358 234 2390 per
246 2348 306 2378 vim
323 2347 424 2389 egisse
441 2347 557 2377 ironice
574 2347 660 2377 ‹licit-

129 2395 160 2423 4.
186 2390 374 2422 Moerentz'bus
394 2391 495 2431 vobis]
541 2390 717 2425 Senatores,
736 2388 788 2429 qui
812 2388 844 2418 in

87 2435 150 2466 suis
160 2434 303 2476 periculis
315 2440 432 2465 vestem
449 2443 609 2474 nunquam
625 2434 797 2467 mutabant,
813 2431 844 2460 in

88 2477 248 2510 Ciceronis
264 2477 403 2518 periculo
417 2481 624 2507 mutaverunt.
662 2475 724 2506 Hic
741 2480 845 2505 autem

87 2521 149 2551 vim
163 2521 278 2552 factam
295 2520 313 2550 ᾶ
328 2520 444 2552 Clodio
457 2519 615 2551 describit.

132 2563 182 2594 Ib.
201 2563 279 2594 Urbe
290 2563 384 2604 cessi]
416 2562 523 2593 Pridie
540 2563 632 2603 quam
649 2560 781 2594 Clodius
796 2570 845 2590 ro-

92 2610 181 2647 garet
199 2616 286 2637 suurn
311 2606 513 2647 privilegium,
529 2606 606 2636 abiit
621 2604 732 2636 Cicero
746 2604 778 2634 in
794 2615 848 2633 vo-

92 2649 259 2680 luntarium
285 2649 444 2686 exsilium;
476 2655 571 2689 atque
603 2647 682 2679 adeo
714 2647 793 2678 (licit
817 2657 849 2677 se

92 2691 179 2722 Urbe
194 2691 333 2728 cessisse,
347 2691 416 2723 cum
432 2692 542 2732 injusti¹
558 2692 722 2723 exsularet.

135 2737 167 2766 5.
193 2733 259 2765 Non
279 2745 381 2774 seruos,
406 2746 464 2766 non
486 2735 597 2776 arma]
643 2734 722 2766 Cum
738 2732 850 2764 Cicero

92 2788 162 2808 reus
185 2777 285 2808 factus
308 2782 357 2808 est
379 2778 398 2808 5,
413 2778 539 2816 Clodio,
554 2778 672 2809 mutata
685 2782 771 2808 veste
787 2786 852 2806 sor-

91 2821 218 2852 didatus
242 2820 358 2862 populo
382 2821 582 2862 supplicavit.
625 2821 707 2852 Tum
723 2819 854 2851 Clodius

696 2302 841 2334 Clodium

874 1441 920 1472 illi
945 1441 1087 1472 erunibus
1104 1441 1182 1472 vicis
1207 1440 1389 1471 occurrebat
1414 1438 1546 1478 stipatus
1576 1437 1633 1466 ho-

874 1486 1008 1516 minibus
1025 1484 1271 1519 contumeliosis,
1286 1483 1351 1523 qui,
1368 1481 1544 1523 petulanter
1567 1490 1635 1510 mu-

873 1528 1021 1559 tationem
1037 1529 1130 1558 vestis
1145 1533 1178 1558 et
1193 1526 1260 1567 ejus
1275 1526 1413 1557 habitum
1430 1523 1636 1564 exagitantes,

876 1571 1043 1612 multisque
1071 1571 1146 1601 locis
1173 1570 1239 1600 luto
1263 1575 1295 1600 et
1321 1568 1477 1610 lapidibus
1503 1566 1534 1596 in
1562 1576 1636 1597 eum

875 1614 1038 1655 conjectis,
1053 1613 1298 1655 supplicationes
1313 1611 1541 1653 impediebant.
1585 1608 1638 1640 Ita

876 1657 954 1695 Dio,
970 1658 1022 1688 lib.
1040 1659 1093 1688 38.

920 1700 970 1731 Ib.
993 1700 1065 1735 Quae
1078 1700 1188 1743 fuisset
1209 1698 1332 1741 igitur]
1376 1697 1603 1738 Argumentum
1617 1693 1637 1724 ὲ

877 1744 1130 1785 repugnantibus,
1147 1743 1221 1784 quia.
1241 1741 1352 1773 Cicero
1371 1751 1434 1771 uon
1456 1738 1565 1770 fuisset
1587 1748 1637 1769 re-

877 1788 1013 1823 stitutus,
1025 1786 1082 1818 nisi
1096 1797 1152 1828 per
1161 1787 1221 1816 viru
1237 1783 1376 1826 improbe
1392 1786 1510 1824 ejectus
1522 1786 1615 1812 esset.

921 1832 952 1860 7.
978 1829 1107 1861 Multam
1122 1828 1296 1871 irrogcirat]
1342 1827 1477 1857 Multam
1492 1825 1638 1865 irrogare,

879 1878 927 1904 est
948 1884 1056 1915 rogare
1072 1873 1234 1915 populum,
1247 1882 1286 1902 an
1309 1870 1439 1900 multam
1456 1868 1547 1899 alicui
1563 1867 1641 1898 velit

879 1927 1051 1956 imponere.

924 1960 974 1990 Ib.
999 1958 1239 1999 Per-duellionis]
1284 1957 1448 1987 Perduelles
1469 1955 1641 1986 dicebantur

881 2004 916 2034 ab
942 2004 1079 2042 antiquis,
1105 2013 1173 2044 quos
1198 2012 1247 2032 nos
1273 2001 1361 2031 hostes
1382 1999 1570 2039 appellamus,
1594 1997 1642 2026 in-

881 2046 948 2087 quit
964 2046 1058 2076 Caius
1074 2047 1105 2076 in
1122 2046 1176 2076 lib.
1189 2046 1229 2076 de
1239 2045 1324 2074 verb.
1341 2043 1444 2084 signif.
1491 2039 1642 2071 Perduel-

882 2089 973 2119 lionis
989 2095 1091 2118 autem
1104 2089 1218 2118 crimen
1231 2087 1262 2117 in
1272 2097 1325 2118 eos
1334 2085 1478 2120 cadebat,
1490 2083 1543 2124 qui
1558 2093 1641 2112 surn-

884 2141 965 2161 main
980 2131 1158 2172 reipublicae
1174 2130 1363 2160 labefactare
1377 2127 1483 2158 conati
1498 2130 1595 2156 erant.

926 2173 975 2204 Ib.
994 2173 1189 2214 Intenderet.]
1211 2172 1394 2207 Intendere,
1407 2181 1462 2201 seu
1477 2170 1643 2204 intentare,

884 2218 1011 2248 verbum
1027 2217 1181 2258 estjuris‘3
1197 2222 1229 2247 et
1243 2215 1322 2246 nihil
1338 2214 1420 2245 aliud
1434 2218 1533 2248 notat,
1549 2211 1641 2253 quam

885 2261 1000 2291 crimen
1012 2260 1044 2290 in
1058 2259 1267 2291 adversarium
1277 2258 1384 2299 jacere
1397 2268 1403 2286 :
1427 2256 1499 2287 hinc
1511 2253 1643 2286 intentio

885 2304 1033 2338 criminis,
1048 2304 1096 2334 cui
1113 2303 1283 2344 opponitur
1299 2300 1463 2332 recusatio.

929 2348 959 2376 8.
987 2348 1028 2377 Ει
1043 2347 1116 2376 mihi
1142 2347 1283 2382 videlicet,
1306 2347 1340 2375 in
1361 2343 1447 2374 causti
1467 2347 1520 2373 aut
1540 2340 1644 2383 malti]

886 2389 1011 2420 Itonia:
1036 2390 1113 2421 dicit
1138 2400 1262 2420 causam
1281 2387 1424 2429 judicum
1444 2386 1552 2421 fuisse,
1575 2383 1646 2415 cum

890 2433 1062 2474 punivisset
1086 2433 1252 2463 Lentulum
1279 2437 1311 2462 ct
1334 2431 1522 2470 Cethegum,
1537 2427 1590 2469 qui
1615 2427 1646 2457 in

889 2475 1102 2516 conjuratione
1132 2475 1275 2508 Catilinae
1305 2474 1455 2510 fuissent;
1482 2471 1580 2513 idque
1609 2481 1647 2500 ex

887 2519 975 2560 jussu
994 2519 1102 2560 populi
1120 2524 1153 2550 et
1168 2516 1305 2549 senatus.

933 2563 964 2593 9.
986 2562 1136 2593 Servorum
1172 2568 1199 2592 et
1234 2557 1406 2602 egentium]
1466 2556 1651 2588 Suadebant

891 2605 979 2636 multi
995 2605 1150 2641 Ciceroni,
1166 2604 1334 2645 antequam
1362 2602 1489 2633 cederet
1512 2600 1544 2629 in
1570 2597 1650 2629 exsi-

893 2648 982 2684 lium,
997 2659 1060 2679 rern
1076 2649 1176 2690 ipsam
1193 2653 1299 2678 contra
1315 2645 1461 2678 Clodium
1486 2641 1575 2672 armis
1597 2651 1651 2672 ex-

895 2692 998 2731 periri,
1015 2697 1047 2722 et
1060 2692 1122 2722 vim
1137 2692 1166 2721 vi
1183 2690 1355 2732 repellere3
1380 2687 1435 2717 scd
1450 2685 1557 2716 maluit
1567 2684 1651 2714 abire

893 2735 924 2764 in
941 2734 1094 2772 exsilium,
1109 2734 1203 2777 quarn
1221 2734 1304 2764 cives
1329 2740 1399 2762 suos
1423 2729 1455 2760 in
1481 2727 1652 2770 periculum

894 2777 1062 2810 adducere.

941 2824 993 2853 12.
1032 2823 1070 2854 Q,
1096 2817 1312 2859 Hortensium]
1358 2816 1439 2849 Cum
1473 2815 1574 2847 factus
1608 2814 1656 2845 su-
