1790 3090
91 153 175 200 134

100 343 158 384 50
176 349 332 399 hostis,

0 1652 35 1681 ,m
135 1653 141 1660 .

753 160 804 192 IN
832 158 1092 192 CATILINAM
1116 159 1175 191 IV.

171 239 219 276 et
237 235 373 278 causa
389 228 611 293 judicarit.
673 235 733 276 At
751 235 849 277 vero
871 235 1079 277 C.Caesar
1099 234 1315 293 intelligit,
1330 234 1470 292 legem
1483 229 1738 291 'Semproni-

174 305 245 333 am
266 308 361 334 esse
397 294 450 333 de
472 292 636 333 civibus
658 290 867 333 Romanis
889 293 1185 335 constitutam:
1217 293 1290 348 qui
1313 299 1455 333 autem
1475 291 1659 346 Reipub.
1705 290 1740 331 it

1618 337 1740 388 ‘oreffi‘

354 363 450 390 eum
468 348 604 389 civem
623 362 716 389 esse
732 350 850 389 nullo
872 350 1002 391 modo
1055 364 1171 390 osse:

177 405 289 461 legis
301 393 703 461 Sempronizss'jussu
712 405 874 467 populi,
887 365 1174 461 p‘c'e‘iffi‘ffe‘iff).

1195 350 1220 389 d
1251 350 1291 390 ni
1328 365 1343 389 i
1399 349 1540 404 ipsum
1559 335 1621 388 lact

1192 365 1461 461 ffisse.
1477 404 1596 445 Idem
1610 403 1739 444 etiam

180 461 322 517 ipsum
364 462 604 512 Lentulum,
646 461 892 516 largitorem
923 469 965 502 et
994 462 1236 517 prodigum,
1266 477 1353 503 non
1382 467 1519 518 putat,
1551 459 1648 501 cum
1685 459 1740 500 de

180 517 370 573 pernicie
390 517 516 573 Reip.
538 524 581 558 et
602 517 733 558 exitio
750 517 875 573 hujus
892 517 1009 558 urbis
1031 525 1117 558 tam
1142 518 1291 559 acerbe
1314 526 1485 574 tamque
1514 516 1742 558 crudeliter

183 574 400 630 cogitarit,
431 574 635 629 appellari
670 588 795 629 posse
824 575 1088 629 popularem.
1150 573 1300 629 Itaque
1331 574 1459 615 homo
1488 572 1740 615 mitissimus

105 627 161 667 55
182 638 309 686 atque
331 630 685 698 lenissnnufflon
715 629 847 670 dubit*
868 637 886 681 t
909 630 942 670 P

183 687 377 743 culisque
399 675 623 728 fflfffifltffire:
657 693 700 727 et
716 645 916 727 §Mzfflz‘ffiin

182 744 407 794 elevando,
431 745 663 799 sejactare.
681 750 725 784 et
745 743 788 784 in

291 800 297 806 .
436 801 442 807 .
541 800 548 806 .
650 800 656 806 -
774 793 808 810 co
860 784 904 810 ‘ds

182 806 345 855 possm
376 801 572 856 adjungit
603 807 732 841 etlam
755 814 812 855 pu
864 815 928 841 lca

1010 645 1062 671 ei
1085 631 1127 671 ul
1161 645 1201 670 m
1223 630 1412 671 saeternis
1443 630 1628 672 tenebris
1655 629 1744 669 vin-

969 637 1230 738 Off&
1214 684 1244 728 ’6
1259 681 1370 743 qffis,
1390 687 1518 742 hujus
1535 684 1744 742 supplicio

867 758 926 783 rm
960 758 1043 784 iem
1107 759 1143 785 ei

949 792 1021 810 Im

951 787 1178 842 ione2117‘bo
1214 815 1347 851 orum,
1379 806 1426 841 ut
1446 813 1595 840 omnes
1615 812 1747 839 ammi

1143 743 1388 841 pqiosthac
1405 744 1620 799 popularis
1634 756 1745 804 esse?

184 856 400 897 cruciatus
437 863 481 897 et
515 856 705 912 corporis
737 865 864 897 etlam
886 864 1055 913 egestas
1087 872 1138 898 ac
1169 856 1426 898 mendicitas
1447 861 1746 911 consequatur.

84 964 87 965 ⁷
109 908 164 948 60
185 912 489 963 Quamobrem,
512 913 599 954 sive
618 913 703 954 hoc
724 913 974 964 statueritis,
996 913 1198 955 dederitis
1221 914 1325 954 mihi
1348 912 1550 955 comitem
1571 912 1624 953 ad
1645 926 1746 952 con-

184 967 352 1009 cionem
372 969 531 1024 populo
551 969 746 1009 Romano
768 984 909 1010 carum
928 978 1058 1025 atque
1073 970 1333 1026 jucundum:
1367 969 1456 1011 sive
1472 970 1589 1010 illam
1610 967 1746 1009 Silani

184 1024 441 1065 sententiam
472 1024 593 1080 sequi
624 1025 880 1076 malueritis3
910 1026 1038 1067 facile
1069 1041 1137 1068 me
1194 1035 1210 1067 t
1244 1042 1296 1068 ue
1327 1041 1403 1067 vos
1435 1025 1460 1066 a
1481 1024 1747 1066 crudelitatis

183 1080 494 1137 vituperatione
516 1081 779 1132 defendetis3
810 1088 939 1137 atque
962 1041 1298 1130 olfflsslffijejmn
1319 1083 1451 1123 multo
1468 1082 1669 1122 leviorem
1682 1081 1746 1122 fu-

183 1136 285 1178 isse.
318 1134 603 1192 Quamquam,
628 1137 678 1178 P.
694 1137 745 1178 C.
767 1152 861 1192 quae
887 1144 1028 1192 potest
1048 1153 1156 1188 esse,
1178 1138 1221 1178 in
1243 1138 1350 1179 tanti
1368 1137 1540 1179 sceleris
1553 1137 1746 1178 immani-

111 1191 165 1231 65
186 1199 272 1234 tate
289 1193 523 1248 punienda,
547 1194 806 1235 crudelitas?
828 1193 924 1250 Ego
946 1195 1058 1235 enim
1077 1195 1129 1236 de
1150 1209 1246 1236 meo
1268 1194 1574 1251 sensujudiCO.
1634 1193 1747 1235 Nam

184 1249 246 1290 ita
265 1250 369 1290 mihi
392 1250 507 1290 salva
532 1250 639 1305 Rep.
658 1250 884 1292 vobiscum
905 1251 1061 1306 perfrui
1082 1252 1226 1302 liceat,
1256 1259 1305 1293 ut
1321 1266 1418 1307 ego,
1449 1250 1566 1307 quod
1591 1249 1634 1291 in
1661 1249 1747 1291 hac

185 1306 319 1347 causa
339 1306 633 1347 vehementior
652 1322 760 1358 sum,
790 1322 876 1348 non
897 1307 1122 1349 atrocitate
1140 1308 1269 1349 animi
1290 1322 1480 1357 moveor,
1500 1307 1612 1363 (quis
1633 1306 1748 1348 enim

185 1369 253 1403 est
273 1377 339 1404 me
361 1362 546 1414 mitiorff')
564 1363 640 1404 sed
662 1363 865 1419 singulari
882 1364 1071 1419 quadam
1087 1364 1353 1406 humanitate
1374 1371 1417 1406 et
1437 1363 1747 1405 misericordia.

184 1418 348 1460 Videor
385 1419 497 1460 enim
537 1419 640 1459 mihi
679 1420 791 1460 hanc
822 1420 984 1461 Urbem
1018 1421 1176 1473 videre,
1209 1422 1350 1462 lucem
1382 1420 1496 1462 orbis
1527 1426 1747 1471 terrarum,

111 1474 166 1515 70
184 1481 313 1531 atque
335 1490 476 1517 arcem
489 1475 681 1516 omnium
702 1477 908 1531 gentium,
928 1476 1072 1518 subito
1094 1492 1177 1518 uno
1199 1471 1400 1519 incendio
1417 1477 1744 1518 concidentem:

184 1547 312 1573 cerno
330 1532 471 1572 animo
503 1531 673 1587 sepulta
704 1535 747 1572 in
778 1532 914 1587 patria
944 1533 1121 1573 miseros
1153 1541 1282 1589 atque
1303 1533 1540 1589 insepultos
1572 1547 1747 1574 acervos

185 1587 364 1629 civium:
396 1594 585 1629 versatur
601 1587 705 1628 mihi
727 1595 825 1629 ante
848 1589 997 1631 oculos
1020 1590 1252 1646 adspectus
1274 1589 1472 1652 Cethegi,
1495 1596 1538 1630 et
1557 1589 1685 1638 furor,
1702 1589 1748 1630 in

212 1645 327 1686 estra
357 1645 476 1686 caede
506 1645 773 1686 bacchantis.

853 1645 962 1686 Cum
992 1645 1090 1687 vero
1125 1646 1231 1687 mihi
1261 1661 1467 1702 proposui
1497 1652 1748 1702 regnantem

221 1701 407 1742 entulum
418 1701 550 1753 (sicut
565 1700 658 1757 ipse
672 1715 717 1742 se
731 1716 783 1742 ex
795 1701 895 1743 fatis
906 1702 1103 1758 sperasse
1119 1703 1344 1745 confessus
1357 1706 1459 1754 est);
1473 1709 1749 1759 purpuratum

110 1757 165 1797 75
185 1772 278 1799 esse
310 1747 426 1810 huffe
459 1757 717 1809 Gabinium3
749 1773 847 1800 cum
878 1759 1067 1801 exercitu
1099 1759 1268 1801 venisse
1290 1759 1544 1810 Catilinam3
1574 1765 1666 1800 tum
1686 1760 1748 1801 la-

183 1814 494 1855 mentationem
524 1814 910 1865 matrumfamilias,
942 1822 1033 1856 tum
1064 1816 1212 1871 fugam
1241 1816 1454 1873 virginum
1484 1822 1614 1872 atque
1645 1831 1748 1872 pue-

183 1885 339 1922 rorum,
362 1886 411 1912 ac
432 1870 705 1911 vexationem
725 1871 937 1926 virginum
957 1871 1216 1923 Vestalium3
1248 1874 1546 1929 perhorresco:
1567 1878 1625 1924 et,
1647 1872 1749 1928 quia.

184 1927 290 1969 mihi
321 1928 598 1969 vehementer
628 1927 721 1970 haeo
751 1928 950 1969 videntur
980 1928 1136 1970 misera
1166 1936 1295 1985 atque
1326 1929 1584 1981 miseranda,
1618 1929 1748 1972 idcir-

296 2040 546 2083 ‘detrudere
565 2043 614 2083 in
629 2047 890 2096 perpetuum
910 2057 1132 2084 carcerem.

229 2174 283 2202 48.
321 2171 426 2213 Legem
453 2171 679 2212 ·S'em]n·mziam.]
724 2171 810 2212 Lege
839 2171 903 2202 lala
930 2172 948 2203 ᾗ

186 2214 223 2245 C.
252 2215 393 2245 Graccho
424 2220 549 2245 cautum
571 2220 629 2252 est,
653 2225 694 2245 ne
723 2214 842 2255 injussu
869 2226 946 2256 pop.

184 2257 280 2287 Rom.
304 2258 466 2299 quisquam
492 2257 566 2288 civis
595 2257 691 2287 Rom.
715 2265 812 2287 morte
829 2258 946 2299 plecta-

187 2305 254 2329 tur:
277 2306 309 2329 at
337 2301 387 2330 lex
403 2301 468 2331 liaec
485 2311 547 2330 non
563 2300 646 2330 favet
663 2300 848 2339 conjuratis:
873 2312 945 2332 nam

184 2341 241 2378 illi,
257 2343 360 2373 hostes
371 2343 518 2384 judicati,
532 2341 670 2383 nonjure
683 2343 796 2374 civium
809 2345 946 2384 gaudent

186 2384 329 2424 amplius.

230 2430 283 2459 51.
316 2428 517 2468 Dependisse]
561 2426 747 2458 Interfectus
775 2433 822 2458 est
846 2427 945 2460 Grac-

185 2470 260 2500 chus
277 2470 315 2500 ab
341 2470 468 2511 Opimio
490 2470 630 2506 consule,
654 2476 814 2511 tamquam
841 2471 945 2511 perni-

184 2513 277 2542 ciosae
289 2513 365 2553 legis
378 2518 505 2551 auctor3
521 2518 615 2554 atque
631 2513 674 2543 ita
687 2513 826 2554 Reipub.
836 2524 943 2555 poenas

186 2555 285 2585 dedit.

228 2599 281 2628 52.
313 2596 495 2638 Largitorem
519 2604 546 2628 et
571 2598 754 2640 prodigum]
806 2598 945 2641 Largitor

185 2640 211 2669 is
227 2640 351 2675 dicitur,
376 2641 430 2680 qui
446 2652 502 2681 spe
519 2641 680 2681 dignitatis
705 2642 832 2682 largitur
854 2650 887 2673 et
902 2644 946 2673 cf-

183 2683 290 2713 fundit
303 2683 450 2723 pecunias
465 2683 498 2713 in
510 2684 681 2724 populum:
705 2686 847 2726 prodigus
859 2685 947 2723 vero,

183 2725 238 2766 qui
257 2726 287 2755 in
304 2726 504 2756 societatibus
519 2737 575 2757 sua
590 2727 671 2757 bona
689 2728 859 2766 profundit.

228 2768 280 2800 69.
308 2768 408 2800 Videor
422 2770 496 2801 enim
512 2770 611 2812 mihi-J
653 2770 791 2804 Mirifica
807 2772 945 2815 descrip-

1363 2049 1379 2074 g
1391 2044 1634 2084 minuendo.

994 2172 1037 2203 tio
1054 2184 1108 2204 seu
1129 2171 1282 2214 subjectio
1306 2173 1455 2204 malorum
1470 2173 1719 2215 impendentium
1733 2172 1752 2204 Ξ

992 2216 1171 2257 conjuratis.

1036 2262 1089 2289 70.
1127 2260 1228 2289 Arcem
1257 2261 1384 2290 omnium
1410 2258 1567 2302 gentium]
1615 2259 1749 2290 Romam

991 2312 1091 2333 arcem
1109 2303 1244 2332 omnium
1271 2303 1410 2343 gentium
1438 2302 1590 2343 appellat,
1613 2302 1685 2342 quia
1708 2304 1748 2333 ad

990 2355 1058 2375 eam
1071 2356 1177 2375 omncs
1192 2345 1333 2376 nationes
1346 2346 1549 2386 confugiunt:
1574 2344 1684 2375 alludit
1695 2355 1749 2375 au-

990 2393 1051 2418 tem
1064 2389 1104 2419 ad
1115 2387 1249 2430 Asylum
1261 2388 1401 2424 Romuli,
1411 2389 1521 2428 dequo
1531 2387 1647 2422 Livius,
1659 2387 1749 2419 lib.1.

1032 2432 1085 2461 74.
1129 2431 1338 2470 Purpuratum
1377 2430 1563 2470 Gabinium]
1608 2430 1750 2472 Purpura

989 2472 1111 2513 signum
1136 2474 1195 2503 fuit
1224 2474 1318 2513 regiae
1347 2473 1529 2514 potestatis:
1553 2473 1649 2513 quare
1674 2484 1748 2504 con-

988 2516 1068 2545 sules
1084 2516 1178 2546 Rom.
1194 2517 1342 2556 gerebant
1356 2516 1483 2547 fasciam
1494 2516 1660 2556 quamdam
1678 2527 1750 2557 pur-

987 2568 1115 2598 puream
1132 2559 1162 2588 in
1179 2560 1269 2599 togis,
1294 2558 1356 2599 qua
1372 2557 1567 2599 magistratus
1582 2559 1628 2589 sui
1643 2565 1750 2590 aucto-

988 2601 1111 2631 ritatem
1127 2603 1338 2634 ostenderent.

1035 2646 1088 2675 78.
1135 2644 1247 2675 Misera
1277 2650 1364 2685 atque
1401 2644 1592 2685 miseranda]
1636 2644 1751 2676 Coelius

991 2686 1034 2716 sic
1048 2687 1092 2717 ait
1108 2687 1170 2717 duo
1182 2686 1234 2718 illa
1251 2688 1346 2718 verba
1362 2688 1442 2718 inter
1457 2699 1489 2718 se
1505 2687 1643 2724 differre,
1666 2687 1750 2729 qued

991 2731 1075 2761 miser
1097 2730 1135 2760 sit
1157 2731 1211 2771 qui
1235 2730 1351 2761 meritis
1380 2731 1481 2771 poenis
1505 2730 1647 2770 afficitur,
1669 2731 1750 2762 mise-

991 2774 1103 2806 raudus
1114 2783 1199 2811 vero,
1222 2773 1276 2816 qui
1291 2773 1463 2807 immeritus
1480 2774 1607 2816 patitur.
