1790 3090
33 118 114 173 152
718 114 814 160 eRQ.
836 116 1049 158 MUBENA·

34 190 91 231 20
108 190 341 248 perfecisti,
362 197 422 240 ut,
445 190 542 232 cum
575 189 732 246 equitis
758 190 885 232 Rom.
906 205 1023 232 esses
1043 189 1172 242 filius,
1195 188 1363 231 summa
1384 194 1528 229 tamen
1547 195 1562 213 ⁰-
1578 202 1668 230 am-

108 247 321 305 plitudine
349 247 503 301 dignus
535 253 753 301 putarere:
784 262 866 289 nec
884 247 988 288 mihi
1021 261 1210 303 unquam
1230 246 1371 287 minus
1392 244 1437 285 in
1465 245 1519 292 Q.
1541 245 1671 286 Pom-

110 304 226 361 peio,
253 319 365 346 novo
396 302 584 354 homine,
617 310 660 343 et
691 303 929 346 fortissimo
957 303 1061 355 viro,
1094 302 1262 344 virtutis
1296 317 1390 343 esse
1421 300 1560 342 visum
1592 307 1672 352 est,

113 360 247 417 quam
266 361 310 401 in
325 359 498 401 homine
520 359 805 408 nobilissimo,
828 360 893 401 M.
915 360 1106 401 AEmilio.
1138 359 1311 400 Etenim
1328 357 1522 414 ejusdem
1542 356 1672 398 animi

115 424 245 473 atque
277 414 440 472 ingenii
469 422 550 466 est,
571 415 757 471 posteris
787 415 876 456 suis
908 417 1045 471 (quod
1066 415 1300 470 Pompeius
1331 415 1454 466 fecit)
1475 413 1674 468 amplitu-

42 473 98 514 25
117 474 260 514 dinem
289 472 488 523 nominis,
525 486 654 527 quam
694 486 781 512 non
811 472 1039 527 acceperit,
1067 472 1259 523 tradere3
1301 478 1357 522 et,
1389 478 1437 512 ut
1472 470 1675 520 Scaurus,

116 528 366 571 memoriam
405 527 538 585 prope
580 528 903 568 intermortuam
945 527 1114 583 generis
1150 527 1229 578 sui,
1258 527 1415 568 virtute
1459 539 1677 568 renovare.

121 585 392 640 Quamquam
424 599 505 640 ego
531 584 623 639 jam
654 584 874 640 putabam,
901 583 1090 639 judices,
1112 583 1257 625 multis
1286 583 1390 624 viris¹
1419 582 1601 625 fortibus
1622 596 1675 623 ne

120 642 372 698 ignobilitas
403 642 661 696 objiceretur
682 641 863 696 generiS,
885 654 981 681 meo
1013 641 1160 681 labore
1183 654 1278 681 esse
1309 639 1572 696 perfectum3
1603 638 1679 694 qui

121 713 210 741 non
240 696 371 740 modo
404 697 561 749 Curiis,
598 697 849 747 Catonibus,
871 696 1107 753 Pompeiis,
1140 695 1329 753 antiquis
1360 695 1462 745 illis,
1498 694 1681 737 fortissi-

50 753 107 796 30
124 755 206 797 mis
239 755 356 806 viris,
387 754 513 796 novis
537 753 804 805 hominibus,
829 753 905 795 sed
937 753 1005 794 his
1030 753 1290 803 recentibus,
1328 751 1496 803 Mariis,
1523 758 1568 793 et
1601 750 1680 791 Di-

124 811 224 863 diis,
245 818 288 855 et
308 810 459 856 Coeliis
490 809 887 860 commemorandis,
902 810 1123 865 jacebant.
1182 809 1293 850 Cum
1320 823 1401 865 ego
1424 807 1539 859 vero,
1560 813 1681 852 tanto

124 868 364 919 intervallo,
386 869 571 911 claustra
590 866 674 907 ista
699 866 937 907 nobilitatis
958 866 1242 923 refregissem,
1261 872 1308 907 ut
1337 865 1480 906 aditus
1504 865 1559 905 ad
1578 877 1681 905 con-

125 925 312 965 sulatum
330 923 526 979 posthac,
547 922 660 964 sicut
679 923 793 978 apud
819 923 1003 978 majores
1029 930 1199 964 nostros
1226 922 1321 972 fuit,
1345 936 1431 962 non
1451 920 1588 977 magis
1606 934 1684 961 no-

125 979 300 1031 bilitati,
339 979 470 1035 quam
494 979 656 1030 virtuti,
686 985 877 1034 pateret3
908 993 994 1019 non
1023 979 1271 1029 arbitrabar,
1304 977 1401 1019 cum
1432 993 1484 1019 ex
1515 976 1680 1019 familia

54 1035 111 1077 35
128 1043 271 1078 vetere
292 1042 335 1077 et
352 1035 503 1077 illustri
524 1035 674 1076 consul
700 1034 949 1089 designatus
978 1035 1032 1075 ab
1064 1034 1221 1090 equitis
1241 1034 1427 1075 Romani
1455 1034 1558 1084 filio,
1581 1047 1684 1075 con-

129 1093 238 1145 sule,
260 1092 573 1142 defenderetur,
595 1091 648 1132 de
670 1091 838 1146 generis
859 1090 1047 1132 novitate
1069 1097 1341 1132 accusatores
1363 1104 1457 1131 esse
1478 1090 1684 1131 dicturos.

129 1148 304 1196 Etenim
324 1148 428 1190 mihi
460 1147 543 1203 ipsi
575 1147 750 1198 accidit,
771 1153 817 1187 ut
837 1161 936 1188 cum
957 1147 1128 1188 duobus
1148 1145 1356 1202 patriciis,
1375 1147 1509 1188 altero
1528 1145 1688 1202 impro-

128 1206 308 1247 bissimo
321 1212 450 1261 atque
461 1203 907 1256 audacissimo,altero
923 1203 1243 1245 modestissimo
1256 1210 1386 1260 atque
1402 1203 1565 1275 optimo
1581 1202 1688 1255 viro,

129 1269 336 1319 peterem,
374 1260 569 1318 superavi
603 1266 748 1302 tamen
785 1260 996 1317 dignitate
1030 1260 1274 1312 Catilinam,
1309 1259 1450 1317 gratia
1487 1259 1684 1302 Galbam.

57 1319 115 1362 40
133 1318 263 1369 Quod
282 1318 318 1363 si
337 1319 382 1362 id
402 1318 563 1363 crimen
581 1317 746 1360 homini
764 1331 877 1361 novo
893 1332 988 1361 esse
1007 1318 1198 1371 deberet,
1210 1315 1404 1377 profecto
1422 1316 1528 1360 mihi
1546 1330 1687 1373 neque

775 1518 791 1536 ‘³
801 1511 1046 1554 consulatu.

935 1713 1001 1745 mili
1025 1709 1094 1746 loco
1108 1718 1210 1750 natus,
1226 1713 1337 1744 multas
1361 1711 1505 1746 victorias
1523 1711 1640 1752 retulit,
1655 1719 1689 1746 et

936 1758 1050 1798 septies
1066 1757 1260 1788 consulatum
1276 1758 1409 1798 adeptus
1424 1763 1480 1789 est.

980 1800 1029 1830 Ib.
1068 1799 1196 1841 Didiis]
1247 1799 1364 1831 Didius
1397 1806 1509 1841 praetor
1529 1801 1589 1831 fuit
1618 1806 1690 1842 post

937 1842 1124 1873 Cimbricum
1141 1849 1174 1873 et
1187 1843 1393 1873 Teutonicum
1410 1843 1538 1879 bellum,
1553 1844 1610 1874 sub
1626 1854 1690 1884 quo

936 1886 1075 1916 tribunus
1091 1885 1221 1916 militum
1237 1886 1388 1916 Sertorius
1403 1886 1470 1917 suit.
1503 1886 1588 1917 Vide
1603 1885 1690 1919 Plut.

935 1929 968 1958 in
985 1930 1065 1959 Sert.

978 1974 1032 2002 31.
1055 1971 1176 2012 Caeliis.]
1220 1971 1258 2002 T.
1270 1971 1388 2007 Livius,
1403 1971 1456 2001 lib.
1471 1973 1524 2002 ⁷3.
1537 1971 1643 2004 scribit
1657 1972 1689 2003 in

937 2013 1041 2045 Gallia
1053 2014 1171 2044 Salvios
1186 2013 1204 2044 ὲ.
1217 2014 1316 2045 Coelio
1328 2014 1426 2050 victos
1440 2024 1518 2049 esse.

980 2057 1028 2087 Ib.
1052 2056 1218 2097 Jacebant.]
1252 2056 1422 2087 Hominum
1438 2068 1544 2091 eorum
1561 2057 1692 2098 majores

937 2100 977 2130 ad
993 2100 1125 2130 honores
1141 2105 1174 2129 et
1187 2099 1379 2135 consulatum
1395 2110 1458 2130 non
1472 2101 1692 2137 evehebantur,

937 2142 1049 2183 quibus
1063 2142 1178 2183 posteri
1191 2153 1298 2179 eorum
1311 2143 1402 2183 potiti
1417 2150 1499 2174 sunt.

982 2185 1021 2215 Ib
1037 2185 1128 2216 Tamo
1143 2185 1324 2226 intervalla]
1369 2184 1496 2220 Iudicat
1520 2186 1643 2222 cicero.
1657 2197 1690 2218 se

938 2238 1051 2258 novum
1081 2227 1235 2258 hominem
1258 2228 1389 2268 primum
1412 2234 1484 2270 post
1506 2229 1544 2261 C.
1560 2229 1690 2260 Coelium

179 1719 237 1759 21,
257 1716 297 1749 In
319 1714 430 1752 Quinto
450 1712 612 1758 Pompeio]
658 1716 700 1753 Q.
721 1715 891 1757 Pompeius

137 1772 208 1792 cum
229 1760 264 1792 L.
283 1760 428 1791 Cornelio
445 1759 532 1801 Sylla
546 1759 653 1790 consul
668 1760 739 1794 fuit,
755 1769 835 1790 anno
851 1759 891 1788 ab

137 1804 224 1836 Urbe
240 1803 366 1835 condita
381 1804 455 1838 666,
468 1808 499 1833 et
509 1803 604 1836 altero
614 1808 685 1843 post
698 1801 891 1833 consulatum

137 1857 231 1883 anno,
253 1845 323 1878 cuni
350 1845 469 1876 Italicis
492 1846 591 1886 copiis
612 1845 776 1885 praefectus
799 1850 892 1880 esset,

139 1890 212 1921 odio
228 1895 261 1920 et
274 1888 393 1919 invidia
406 1888 585 1919 interfectus
599 1894 656 1918 est.

182 1935 236 1963 23.
261 1931 309 1964 M.
321 1930 467 1971 AEmilz'o.]
512 1931 659 1962 AEmilius
687 1931 819 1961 Scaurus
835 1931 893 1960 hu-

137 1975 204 2006 mili
213 1974 278 2005 vita
289 1979 321 2005 et
330 1984 444 2015 genere
454 1973 493 2004 ad
506 1985 639 2004 summos
650 1975 781 2004 honores
794 1973 891 2004 elatus

139 2023 206 2054 est;
224 2018 264 2048 de
275 2028 336 2058 quo
350 2017 393 2047 ita
403 2016 556 2047 Asconius
566 2017 689 2048 scribit:
708 2016 753 2047 M.
765 2016 894 2046 Scaurus

138 2059 256 2102 itafuz't
268 2061 423 2100 patricius,
434 2065 468 2089 ut
484 2060 574 2090 tribus
585 2070 674 2099 supra
683 2070 748 2090 eum
762 2060 894 2089 aetatibus

128 2105 262 2145 jacuerit
296 2101 395 2133 domas
431 2102 493 2141 {jus
514 2101 665 2143 fortuna.-
703 2113 772 2131 nam
807 2111 895 2141 neque

134 2152 233 2186 pater,
262 2156 351 2186 neque
374 2155 457 2180 avus,
476 2156 566 2184 neque
588 2147 673 2176 etiam
697 2155 836 2184 proavus,
859 2149 895 2173 ut

134 2195 220 2231 puto,
232 2195 349 2228 propter
371 2196 467 2218 tenues
488 2198 549 2227 opes
571 2194 599 2219 et
622 2189 736 2218 nnllam
758 2189 824 2218 vitoe
848 2188 896 2216 in-

139 2233 294 2268 dustriam,
310 2232 427 2262 honores
449 2231 547 2270 adepti
565 2237 644 2266 sunt.
688 2230 792 2270 Itaque
806 2230 896 2262 Scau.-

139 2286 173 2305 ⁴r0
186 2274 265 2315 etqui?
278 2285 312 2306 ac
325 2284 395 2309 nouo
406 2274 515 2304 homini
528 2274 803 2314 laborandztmfitz't.
842 2272 896 2303 Ci-

141 2327 212 2348 cero
228 2328 282 2358 pro
298 2317 406 2349 Deiot.
452 2314 498 2349 M.
509 2316 653 2349 Scaurum
671 2317 830 2356 principem
854 2317 896 2346 ci·

139 2361 241 2394 vitatis
251 2361 388 2400 appellat.

155 2402 158 2408 ¹
185 2403 239 2434 29.
276 2402 402 2445 Curiis]
452 2403 502 2443 M.
531 2400 641 2433 Curius
670 2401 828 2432 Dentatus
851 2405 897 2438 ter

141 2445 354 2486 triumphavit,
381 2451 412 2478 1.
428 2447 468 2478 de
493 2445 694 2480 Samnitibus,
716 2443 830 2474 deinde
855 2443 895 2473 de

143 2487 277 2524 Sabinis,
292 2488 448 2529 postremo
464 2491 505 2520 de
522 2487 653 2529 Pyrrho.

186 2530 239 2565 lh.
272 2530 452 2572 Catonibus]
497 2531 546 2562 Μ.
561 2530 689 2561 Porcius
710 2528 803 2564 Cato,
821 2528 899 2558 refe-

142 2579 233 2605 rente
257 2573 439 2614 Plutarcho¹
452 2585 486 2605 se
512 2573 638 2614 quidem
661 2571 817 2602 hominem
840 2581 896 2601 no-

142 2627 228 2653 vum,
243 2617 348 2657 quoad
360 2619 493 2652 honores
517 2621 549 2646 et
574 2615 811 2646 aestimationem
827 2613 897 2644 atti-

138 2665 243 2696 neret,
258 2659 350 2695 rebus
362 2666 470 2692 autem
485 2659 591 2700 gestis,
611 2664 643 2692 et
668 2657 820 2698 majorum
835 2657 894 2686 vir-

139 2705 221 2741 gute,
231 2702 452 2746 perantiquum
467 2703 605 2741 dicebat.

184 2743 238 2777 30.
261 2743 397 2788 Mariis-J
440 2745 575 2783 Marius,
597 2742 746 2787 Arpinas,
770 2753 808 2780 ex
833 2742 893 2783 liu·

937 2271 1054 2302 factum
1066 2281 1134 2301 esse
1147 2271 1317 2308 consulem.

981 2316 1035 2346 32.
1075 2313 1213 2351 Claustrq
1232 2313 1421 2355 nobilitatis}
1470 2314 1646 2347 Clausa-um
1672 2314 1692 2346 εἰ

937 2357 1042 2387 claudo
1067 2356 1199 2394 dicitur.;
1222 2357 1375 2397 significat
1403 2362 1519 2394 autem,
1534 2357 1631 2398 penes
1657 2369 1690 2388 se

938 2400 1026 2439 quasi
1036 2399 1187 2429 inclusum
1199 2400 1391 2430 consulatum
1404 2400 1547 2431 hahuisse
1559 2399 1693 2438 nobiles,

940 2447 972 2471 et
1001 2452 1072 2472 eum
1099 2442 1214 2478 locum,
1244 2453 1336 2483 quern
1362 2442 1507 2475 nobilitas
1542 2443 1693 2474 firmatum

941 2484 1093 2525 praesidiis
1108 2490 1141 2515 et
1155 2485 1239 2515 omni
1252 2485 1370 2517 ratione
1384 2485 1530 2517 vallatum
1554 2487 1693 2524 tenebat,

943 2537 977 2557 se
992 2527 1105 2557 ducem
1120 2527 1294 2558 rescidisse.

985 2571 1037 2599 37.
1065 2569 1105 2599 Ut
1120 2580 1186 2599 cum
1199 2571 1311 2601 duobus
1329 2570 1495 2611 patriciis]
1536 2571 1616 2602 Cum
1632 2571 1693 2604 Ca·

938 2612 1027 2642 mina
1050 2617 1080 2642 et
1097 2611 1201 2642 Galba
1230 2612 1247 2643 ὲ
1276 2613 1408 2653 patricio
1438 2623 1564 2654 genere,
1581 2614 1693 2646 Cicero

937 2654 1131 2691 consulatum
1147 2655 1286 2695 petebat.

977 2699 1031 2728 40.
1054 2697 1174 2728 Homini
1186 2698 1286 2739 mm]
1331 2698 1372 2732 Se
1393 2708 1510 2731 novum
1533 2699 1691 2733 hominem

937 2740 1047 2778 Cicero
1062 2740 1151 2779 dicit,
1160 2740 1235 2784 quia
1249 2752 1289 2774 ex
1301 2739 1368 2783 ejus
1382 2741 1501 2774 familia
1510 2752 1693 2783 nechon-
