1858 3095
733 141 824 177 rno
850 143 1043 183 eroxss.
1646 133 1727 179 341

97 221 163 272 tor
185 217 329 271 illum
359 216 396 261 si
417 217 468 270 is,
499 216 687 276 inquam,
717 221 930 276 potuisset
959 228 1034 262 aut
1063 219 1344 277 quaestionem
1374 217 1428 260 de
1447 224 1580 260 morte
1604 217 1655 259 P.

99 270 243 319 Clodii
266 275 386 327 serre,
415 283 488 317 aut
510 276 650 332 ipsum
668 277 721 318 ab
754 278 898 320 inferis
925 278 1127 329 excitare,
1158 285 1297 319 utrum
1358 274 1488 317 utatis
1521 276 1657 315 factu-

96 345 190 374 rum
211 332 372 375 fuisse?
431 332 573 375 Etiam
604 334 639 374 si
672 342 843 392 propter
872 335 1104 376 amicitiam
1134 336 1263 376 vellet
1293 333 1412 374 ilum
1432 332 1486 373 ab
1509 330 1654 372 inferis

95 403 309 437 revocare,
339 397 509 445 propter
529 389 740 447 Rempub.
770 406 854 433 non
876 392 1060 434 fecisset.
1122 391 1226 447 Ejus
1258 389 1387 443 igitur
1414 387 1561 430 mortis
1590 401 1656 428 se-
1672 384 1726 423 55

96 445 208 494 detis
230 447 404 497 ultores,
419 447 540 502 cujus
562 447 691 488 vitam
715 448 750 488 si
774 449 934 504 putetis
956 464 1028 505 per
1048 463 1122 490 vos
1140 447 1305 489 restitui
1324 460 1465 502 posse,
1486 443 1654 486 nolitis:

93 509 138 544 et
158 503 211 545 de
232 503 326 558 ejus
346 517 450 544 nece
468 505 554 544 lata
570 505 749 560 quaestio
766 513 847 555 est,
864 506 936 561 qui
955 506 990 546 si
1006 506 1158 547 eadem
1176 505 1270 559 lege
1288 503 1538 543 reviviscere
1556 515 1656 556 pos-

92 566 172 607 set,
194 559 280 600 lata
301 559 368 601 lex
391 575 607 616 nunquam
624 569 751 604 esset.
813 562 953 618 liujus
975 577 1076 617 ergo
1099 560 1345 602 interfector
1365 559 1438 614 qui
1461 566 1589 608 esset,
1612 557 1655 599 iu

92 616 340 666 confitendo
361 616 414 658 ab
438 617 576 659 his-ne
606 633 777 674 poenam
810 619 991 668 timeret,
1022 632 1131 674 quos
1163 615 1452 658 liberavisset?
1514 613 1654 655 Graeci

89 671 286 716 homines
315 673 490 715 deorum
518 675 700 715 honores
732 674 927 716 tribuunt
958 675 1010 715 iis
1040 674 1138 714 viris
1159 673 1231 729 qui
1254 681 1456 728 tyrannos
1478 685 1655 712 necave-
1674 665 1728 706 60

92 737 204 773 runt.
265 730 372 778 Qua:
405 745 485 787 ego
514 731 601 771 vidi
643 731 850 772 Athenis!
892 746 988 787 quae
1026 730 1119 771 aliis
1158 730 1202 771 in
1242 729 1414 770 urbibus
1451 727 1654 770 Graeciae!

92 801 200 843 quas
220 802 286 829 res
309 787 474 828 divinas
506 787 663 828 talibus
690 787 910 828 institutas
939 787 1062 828 viris!
1096 801 1204 844 quos
1233 786 1406 827 cantus!
1436 800 1534 847 qua:
1565 798 1656 824 car-

89 843 228 884 mina!
261 842 393 898 prope
425 844 479 884 ad
509 843 840 885 immortalitatis
874 852 917 886 et
942 845 1193 899 religionem
1223 850 1266 884 et
1287 856 1532 883 memoriam
1553 855 1656 882 con-

89 906 322 941 secrantur.
395 899 486 941 Vos
526 901 633 941 tanti
674 909 1016 943 conservatorem
1052 901 1213 957 populi,
1248 899 1355 940 tanti
1391 897 1562 940 sceleris
1594 898 1656 938 ul-

91 963 243 1007 torem,
274 971 362 999 non
392 955 520 998 modo
554 957 787 998 honoribus
820 958 948 999 nullis
980 957 1190 1008 afficietis,
1222 957 1298 998 sed
1320 956 1372 997 ad
1395 954 1654 1010 supplicium
1673 950 1728 990 65

87 1013 179 1070 rapi
198 1013 328 1056 etiam
349 1014 593 1070 patiemini?
654 1014 954 1066 Confiteretur‚
991 1016 1278 1063 confiteretur,
1310 1013 1499 1068 inquam,
1530 1011 1566 1052 si
1595 1011 1656 1053 fe-

87 1070 235 1122 cisset,
267 1077 312 1112 et
343 1085 499 1126 magno
529 1071 671 1111 animo
704 1078 746 1112 et
775 1072 956 1112 libe-nter
986 1086 1030 1112 se
1059 1071 1213 1112 fecisse
1235 1069 1442 1111 libertatis
1464 1067 1656 1110 omnium

88 1127 246 1179 caus-213
277 1128 393 1184 quod
410 1128 448 1169 ei
468 1127 583 1169 certe
605 1142 690 1169 nou
707 1129 1001 1170 confitendum
1021 1127 1149 1170 modo
1172 1127 1338 1176 fuisset,
1359 1127 1504 1167 verum
1525 1124 1656 1166 etiam

89 1184 423 1247 praedicandum.
455 1183 642 1235 Etenim,
666 1184 701 1225 si
724 1185 765 1225 id
789 1200 875 1226 non
896 1192 1040 1242 negat,
1063 1199 1114 1226 ex
1135 1199 1221 1240 quo
1240 1183 1345 1224 nihil
1362 1183 1483 1238 petit,
1505 1180 1585 1222 nisi
1608 1187 1657 1223 ut

88 1250 340 1298 ignoscatur
357 1259 368 1292 ;
399 1241 616 1282 dubitaret
637 1241 679 1281 id
698 1241 834 1292 fateri,
857 1257 909 1283 ex
926 1257 1010 1297 quo
1029 1242 1158 1283 etiam
1176 1239 1497 1296 praemialaudis
1511 1244 1656 1280 essent
1674 1237 1730 1277 70

88 1297 300 1354 petenda?
339 1297 423 1338 uisi
443 1297 541 1339 verb
563 1297 723 1354 gratius
745 1305 869 1353 putat
889 1313 983 1339 esse
1004 1298 1142 1349 vobis,
1173 1297 1238 1338 sui
1261 1312 1305 1338 se
1327 1296 1494 1352 capitis,
1526 1293 1656 1351 quam

86 1354 218 1396 vestri
232 1353 409 1405 ordinis,
423 1355 691 1396 defensorem
705 1355 855 1405 fuisse3
873 1357 970 1396 cum
985 1354 1229 1411 praesertim,
1246 1354 1289 1394 iu
1302 1352 1354 1394 eii
1368 1351 1657 1402 confessione,

90 1410 126 1453 ni
141 1411 251 1468 grati
265 1425 360 1453 esse
374 1411 556 1462 velletis,
570 1412 753 1453 honores
767 1420 1064 1481 assequeretur
1076 1411 1380 1467 amplissimos:
1413 1408 1480 1450 sin
1496 1409 1659 1450 factum

89 1468 214 1510 vobis
245 1483 332 1510 non
366 1469 628 1524 probaretur,
666 1470 944 1525 (quamquam
970 1468 1045 1525 qui
1075 1474 1243 1524 poterat
1271 1467 1384 1508 salus
1406 1480 1483 1506 sua
1503 1464 1658 1520 cuique

94 1539 182 1567 non
214 1525 427 1581 probari?)
463 1525 539 1566 sed
559 1532 717 1575 tamen,
748 1526 783 1566 si
811 1525 951 1567 minus
985 1525 1205 1567 fortissimi
1225 1524 1303 1565 viri
1335 1524 1467 1564 virtus
1497 1522 1662 1564 civibus
1679 1520 1733 1561 75

90 1588 212 1638 grata
250 1581 534 1634 bcecidisset3
574 1596 730 1638 niagno
771 1582 911 1624 animo
954 1582 1256 1637 constantique
1297 1580 1468 1622 cederet
1506 1593 1559 1620 ex
1598 1577 1660 1619 in-

90 1638 215 1696 grata
236 1638 438 1689 civitate3
477 1653 576 1679 uam
596 1639 700 1695 quid
721 1647 835 1681 esset
856 1639 1079 1696 ingratius,
1093 1640 1219 1695 quam
1235 1636 1370 1678 laetari
1387 1643 1581 1686 caeteros,
1597 1636 1660 1676 lu-

88 1710 187 1752 gere
218 1710 316 1738 eum
346 1696 486 1737 solum
517 1704 689 1752 propter
720 1711 847 1752 quem
877 1696 1020 1737 caeteri
1051 1694 1320 1736 laetarentur?
1382 1691 1660 1748 Quamquam

89 1753 174 1797 hoc
200 1753 342 1794 animo
370 1767 536 1808 semper
569 1767 717 1794 omnes
749 1753 906 1793 fuimus
940 1753 983 1793 in
1012 1751 1160 1808 patriae
1195 1749 1483 1806 proditoribus
1518 1747 1661 1805 oppri-

87 1809 269 1859 mendis,
290 1816 353 1861 ut,
375 1809 578 1866 quoniam
596 1817 742 1851 nostra
758 1809 899 1850 sutura
919 1818 1033 1850 esset
1054 1808 1204 1865 gloria,
1233 1807 1467 1863 periculum
1489 1819 1658 1861 quoque
1678 1808 1732 1850 80

90 1873 135 1910 et
153 1865 360 1908 invidiam
381 1874 569 1908 nostram
586 1873 844 1923 putaremus.
876 1866 988 1907 Nam
1005 1881 1101 1921 quae
1116 1864 1219 1906 mihi
1237 1863 1550 1905 contribuendo.
1567 1862 1658 1903 laus

90 1931 206 1965 esset
225 1923 322 1980 ipsi,
354 1922 452 1964 cum
480 1930 648 1964 tantum
677 1923 721 1964 in
742 1923 969 1965 consulatu
991 1937 1086 1964 meo
1108 1936 1182 1978 pro
1205 1920 1329 1962 vobis
1350 1934 1401 1960 ac
1423 1919 1566 1960 liberis
1589 1934 1661 1960 ve-

90 1980 190 2020 stris
211 1994 339 2020 ausus
361 1994 516 2030 essem,
547 1979 581 2020 si
603 1979 662 2030 id,
694 1980 812 2035 quod
834 1980 1033 2028 conabar,
1066 1979 1156 2020 sine
1176 1976 1396 2018 cmaximis
1419 1975 1660 2016 dimicatio-

91 2036 221 2077 nibus
243 2037 348 2078 meis
378 2051 444 2077 me
477 2051 571 2076 esse
598 2051 798 2076 ausurum
826 2035 1072 2076 arbitrarer?
1103 2049 1197 2091 quae
1230 2033 1381 2074 mulier
1406 2033 1659 2073 sceleratum

90 2107 143 2135 ac
174 2092 460 2149 perniciosum
493 2092 630 2133 civem
663 2092 860 2134 occidere
889 2107 975 2133 non
1005 2092 1195 2142 auderet,
1237 2090 1272 2131 si
1304 2089 1543 2145 periculum
1572 2102 1659 2130 non
1678 2093 1732 2135 85

90 2149 287 2191 timeret?
347 2148 577 2204 Proposita
610 2148 788 2199 invidia,
823 2156 974 2200 morte,
1015 2147 1161 2203 poena,
1200 2146 1272 2203 qui
1307 2145 1442 2186 nihilo
1483 2145 1658 2208 segnius

91 2205 304 2263 Rempub.
335 2205 543 2257 defendit,
575 2204 610 2246 is
642 2205 704 2248 vir
735 2205 830 2248 vere
862 2205 1078 2262 putandus
1110 2210 1188 2246 est.
1250 2201 1406 2259 Populi
1439 2208 1546 2259 grati
1579 2208 1660 2253 est,

407 2377 597 2433 bfuisset.
880 2378 1091 2433 ‘periculo
1113 2381 1151 2418 et
1174 2376 1349 2418 int-idid.

138 2578 192 2610 52.
217 2577 432 2619 Qnoesfionemfl
478 2578 518 2609 Id
547 2583 605 2616 est,
629 2578 797 2620 judicium,
826 2579 860 2610 in
903 2579 1026 2615 moniae,
1049 2578 1138 2620 quasi
1153 2577 1233 2608 inter
1248 2576 1324 2607 deos
1340 2579 1453 2606 essent.

95 2631 159 2662 quo
174 2621 304 2652 habetur
318 2623 459 2662 quaestio.
947 2624 999 2654 64.
1022 2621 1175 2661 Ultorem]
1199 2619 1281 2650 Milo
1293 2616 1507 2650 interficiendo
1520 2616 1665 2648 Clodium

139 2665 191 2694 62.
217 2663 273 2695 Res
286 2663 425 2703 divinum]
474 2663 628 2706 Intelligit
648 2670 777 2702 statuas,
797 2675 862 2695 mo·
904 2665 987 2695 ultus
1000 2671 1047 2696 est
1061 2664 1253 2706 religionem,
1270 2671 1362 2703 quam
1375 2659 1502 2691 violavit
1515 2659 1580 2698 ine,
1595 2659 1667 2691 cum

96 2707 246 2743 nimenta.
269 2707 441 2745 columnas,
463 2718 533 2750 quae
557 2708 590 2739 in
614 2709 744 2741 deorum
765 2711 862 2739 hono·
905 2709 938 2738 in
954 2718 1042 2740 sacra
1055 2707 1153 2739 Bonae
1169 2705 1249 2737 Deae
1265 2715 1298 2735 se
1315 2703 1428 2733 intulit.

96 2760 161 2782 rem
178 2754 282 2780 erecta
295 2756 376 2781 sunt.
949 2753 1003 2782 83.
1039 2752 1136 2782 Ausus
1148 2747 1258 2787 essem]
1304 2746 1454 2787 Loquitur
1467 2746 1508 2778 de
1524 2746 1668 2779 Catilina·

140 2795 194 2824 63.
219 2792 424 2834 Reiigionem]
485 2793 529 2824 Iis
558 2795 751 2828 habebantur
777 2795 863 2828 caeri-
908 2794 1153 2836 conjuratione&
1170 2803 1202 2838 59
1218 2789 1376 2830 ΟΡΡῐθδὸὖ·

1183 2833 1309 2874 21³2
