1858 3095
702 171 792 204 PRO
817 170 1079 206 MARCELLO.

93 238 196 293 tuis,
217 255 304 284 non
319 241 462 283 dicam
479 241 691 295 cursibus,
710 244 786 286 sed
808 244 1012 297 victoriis,
1043 247 1252 289 ‘lustratae
1271 254 1384 290 sunt.

93 297 194 340 dem
223 313 306 355 ego
337 298 419 339 nisi
450 305 538 339 tam
560 313 716 356 magna
738 315 831 343 esse
854 303 1002 354 fatear,
1033 311 1081 345 ut
1104 319 1154 345 ea
1175 305 1244 346 vix
1267 306 1521 362 cujusquam
1543 321 1664 349 mens

92 363 168 396 aut
186 355 393 412 cogitatio
415 369 567 411 capere
592 358 742 412 possit,
774 373 919 400 amens
943 360 1043 401 sim:
1077 361 1152 403 sed
1174 369 1316 403 tamen
1337 371 1437 404 sunt
1464 363 1548 404 alia
1576 378 1665 405 ma-
1686 361 1738 403 lo

87 411 208 467 jora:
247 426 345 453 nam
366 411 545 453 bellicas
578 413 726 455 laudes
754 416 894 457 solent
926 417 1100 472 quidam
1129 426 1358 460 extenuare
1380 420 1536 471 verbis,
1570 435 1664 462 eas-

92 483 176 531 que
216 468 438 510 detrahere
478 469 674 520 ducibus,
711 473 1026 515 communicare
1067 490 1166 515 cum
1207 476 1432 527 militibus,
1478 492 1530 518 ne
1566 492 1664 533 pro-

91 538 196 581 priae
226 524 312 566 sint
331 524 647 581 imperatorum.

709 529 766 570 Et
794 529 926 581 certe,
958 530 1002 571 in
1035 531 1178 582 armis,
1212 532 1392 572 militum
1423 533 1571 585 virtus,
1603 535 1664 576 lo-

90 594 239 623 corum
260 583 574 638 opportunitas,
597 584 755 626 auxilia
776 586 1004 638 sociorum,
1034 588 1210 638 classes,
1243 598 1524 639 commeatus,
1557 592 1664 631 mul-

90 638 182 679 tum
198 638 372 693 juvant3
404 639 635 682 maximam
655 642 752 684 vero
773 650 951 698 partem,
983 643 1106 699 quasi
1129 645 1330 700 suojure,
1365 645 1552 687 Fortuna
1583 647 1662 688 sibi
1685 644 1737 688 15

89 693 305 746 vindicat;
337 704 394 747 et,
425 697 636 753 quidquid
669 706 734 739 est
769 698 969 754 prospere
1002 706 1187 754 gestum,
1219 701 1262 741 id
1293 700 1413 756 paene
1442 717 1566 744 omne
1587 703 1663 745 du-

92 750 153 793 cit
183 766 322 793 suum.
384 753 444 794 At
477 756 572 794 vero
603 754 729 809 hujus
758 755 917 810 gloriae,
950 755 1000 796 C.
1023 756 1182 807 Qesar,
1214 772 1342 813 quam
1365 774 1409 799 es
1432 760 1560 815 paulo
1589 775 1663 801 an-

90 807 135 850 te
156 808 355 865 adeptus,
376 810 542 851 socium
563 809 696 851 habes
716 813 956 862 nerninem3
987 819 1127 853 totum
1150 813 1247 864 hoc,
1266 823 1663 873 quantumcumque

89 872 170 916 est,
192 866 329 922 (quod
358 865 473 908 certe
494 866 727 908 maximum
748 871 832 920 est)
854 876 992 910 totum
1014 877 1095 920 est,
1129 871 1316 927 inquam,
1347 879 1482 915 tuum.
1543 873 1662 916 Nihil

89 921 174 965 sibi
205 935 258 964 ex
288 921 374 965 ista
406 923 532 966 laude
565 924 774 977 centurio,
810 925 916 967 nihil
948 926 1190 983 praefectus,
1222 927 1327 970 nihil
1355 929 1525 983 cohors,
1556 930 1663 975 nihil
1678 930 1736 973 ‘20

737 1124 1017 1173 cperagratce.

131 1356 163 1385 8.
188 1353 354 1396 Cursibus]
410 1354 597 1397 Hyperbole
621 1356 764 1396 egregia:
796 1356 846 1387 vix

87 1396 171 1428 enim
187 1397 257 1439 quis
270 1398 325 1428 has
340 1397 481 1439 regiones
498 1404 604 1440 posset
618 1400 756 1430 cursibus
778 1410 848 1441 per-

88 1450 207 1482 agrare.

132 1486 185 1515 10.
206 1483 282 1515 Sunt
294 1485 356 1516 alia
371 1487 511 1528 majora]
548 1485 703 1527 Intelligit
715 1485 852 1517 clemen-

85 1526 173 1562 tiam,
197 1538 268 1568 quae
287 1528 428 1559 omnibus
451 1529 586 1559 victoriis
609 1535 641 1560 ct
657 1530 746 1560 rebus
763 1530 853 1561 belli-

87 1566 131 1601 'cis
146 1569 268 1601 viderur
284 1572 526 1612 anteponenda3
550 1573 623 1612 quia
645 1577 710 1602 tota
727 1578 773 1603 est
789 1573 852 1604 cle-

88 1613 205 1644 mentia
220 1613 369 1645 Caesaris:
393 1620 425 1644 at
449 1615 583 1645 victoriae
606 1620 639 1645 et
661 1626 708 1645 res
733 1616 853 1646 belticae

86 1655 148 1696 ipsi
163 1662 235 1687 sunt
254 1667 324 1688 curn
347 1657 474 1698 reliquis
491 1657 562 1688 belli
581 1658 712 1688 ducibus
727 1665 759 1689 et
775 1659 853 1688 mili-

86 1699 170 1730 tibus
183 1710 381 1738 communes;
407 1701 490 1731 unde
505 1705 632 1731 Sumffllt
646 1701 785 1732 nonnulli
802 1712 854 1732 oc-

86 1743 243 1773 casionem
259 1754 312 1774 eas
323 1743 524 1774 extenuandi.

131 1788 181 1818 13.
205 1786 442 1828 Imperatorum-J
488 1786 660 1828 Imperator
671 1787 773 1818 dictus
789 1794 846 1824 est,

86 1829 140 1870 qui
155 1829 218 1860 suis
232 1831 378 1870 auspiciis
392 1830 559 1861 exercitum
575 1831 721 1866 ducebat,
745 1837 777 1861 et
792 1831 848 1862 ali-

87 1877 164 1913 quot
175 1873 309 1904 hostium
322 1873 417 1903 millia
432 1873 463 1903 in
480 1874 546 1903 acie
562 1874 730 1904 ceciderat.
775 1874 853 1906 Sue-

85 1915 190 1946 tonius
205 1916 319 1953 scribit,
341 1916 460 1948 Julium
475 1916 630 1948 Caesarem
652 1916 854 1957 Imperatoris

87 1968 265 1998 praenomen
291 1965 488 2000 perpetuum,
512 1967 544 1990 et
559 1970 734 2001 cognomen
753 1960 853 1991 Patris

89 2000 214 2037 Patriae,
239 2002 257 2032 ἓ,
271 2009 381 2032 senatu
395 2002 567 2042 accepisse.

132 2043 182 2076 Ib.
207 2043 248 2075 Et
268 2045 344 2075 certe
364 2046 397 2075 in
418 2046 534 2086 armis-J
581 2045 700 2076 Causas
723 2046 853 2087 profert,

90 2097 128 2118 ex
143 2087 257 2128 quihus
270 2088 398 2119 victoria
411 2088 552 2118 efficitur.

133 2134 185 2161 14.
219 2130 422 2171 commeatus]
469 2130 531 2161 Per
556 2136 774 2166 commeatum,
805 2131 853 2160 in-

87 2173 202 2214 telligit
231 2184 269 2204 ea
299 2175 402 2204 onmia
429 2184 499 2214 quae
537 2174 683 2204 exercitui
722 2173 769 2204 vel
807 2174 854 2204 in-

89 2217 253 2254 struendo,
273 2217 323 2248 vel
361 2216 488 2253 alendo,
518 2227 641 2258 prorsus
679 2217 855 2248 necessaria

91 2265 175 2292 sunt.

133 2305 186 2334 15.
209 2302 369 2345 fimum]
415 2303 553 2333 Fortuna
568 2302 700 2334 maxime
716 2303 747 2333 in
764 2302 854 2333 bellis

91 2355 208 2388 anceps
218 2347 347 2384 dicitur3
363 2347 438 2387 quid
453 2347 534 2376 enim
546 2345 674 2377 victoria
687 2345 851 2377 incertius?

132 2391 185 2420 1⁷.
208 2390 250 2420 At
264 2390 329 2420 verb
344 2390 431 2429 hujus
445 2389 571 2430 gloria]
632 2389 777 2430 Apponit
790 2389 853 2419 dis·

88 2431 338 2469 similitudinem,
350 2433 412 2474 qua
427 2432 565 2462 ostendit
575 2432 701 2462 laudem
716 2432 853 2462 clemen-

89 2475 141 2506 tiae
163 2475 221 2507 sibi
237 2476 393 2517 propriam
410 2475 563 2506 Caesarein
582 2474 751 2510 vindicare,
768 2474 855 2505 resti-

89 2519 209 2550 tuendo
231 2518 353 2550 senatui
365 2518 563 2553 Marcellum,
587 2518 661 2560 quia
682 2517 743 2559 ipsi
765 2518 856 2549 unica

91 2566 150 2597 est,
171 2572 231 2593 nec
246 2562 419 2593 communis
434 2571 505 2592 curu
519 2561 597 2594 aliis.

136 2606 190 2637 20.
214 2604 380 2646 Ceruaria]
426 2604 592 2645 vegetius,
615 2603 668 2634 lib.
686 2605 717 2634 2.
736 2613 807 2644 cap.
823 2606 855 2635 8.

92 2646 171 2677 dicit
191 2646 286 2678 fuisse
307 2648 508 2683 Centuriones,
534 2650 585 2687 qui
605 2647 736 2688 singulas
756 2652 857 2677 centu-

91 2691 152 2720 rias
161 2690 316 2726 curabant,
323 2692 374 2730 qui
381 2700 463 2721 nunc
474 2691 641 2721 Centenarii
653 2692 855 2720 nominantur.

94 2732 243 2764 Centurio
268 2732 342 2764 vero
373 2733 514 2774 peditum
543 2738 602 2771 est,
628 2738 661 2764 et
694 2732 857 2775 praefectus

94 2774 234 2818 equiturn
250 2775 326 2806 dux.

137 2816 188 2852 lb.
214 2817 300 2850 Nihil
311 2818 492 2863 prdem-twa]
544 2818 689 2852 Praet'eeti
700 2818 779 2852 varii
791 2817 859 2850 fue·

891 1361 981 1395 runt3
1003 1358 1055 1389 alii
1073 1359 1216 1400 legionis,
1241 1360 1294 1400 qui
1320 1361 1441 1401 proprie
1463 1362 1663 1402 judicabant,

892 1406 925 1431 et
947 1402 1012 1441 qui,
1037 1402 1217 1433 absentibus
1244 1403 1367 1444 legatis,
1395 1409 1552 1445 tamquam
1576 1405 1662 1445 ipso-

893 1454 959 1474 rum
982 1445 1100 1481 vicarii,
1137 1451 1325 1486 potestatem
1355 1447 1518 1477 maximam
1547 1449 1664 1479 retine-

895 1487 986 1525 bant;
1011 1488 1062 1518 alii
1077 1495 1257 1525 castrorum,
1275 1490 1314 1519 ad
1333 1499 1410 1530 quos
1425 1496 1592 1521 castrorum
1605 1502 1663 1532 po-

895 1530 978 1567 sitio,
1002 1531 1074 1561 valli
1091 1537 1123 1562 et
1138 1531 1226 1562 fossae
1243 1533 1422 1569 destinatio,
1446 1534 1661 1574 pertinebant3

895 1573 945 1603 alii
970 1584 1113 1608 annonae,
1137 1574 1190 1615 qui
1213 1576 1363 1605 curabant
1387 1587 1554 1612 annonam,
1579 1583 1610 1607 et
1627 1584 1661 1608 ut

898 1616 971 1657 equi
988 1622 1020 1647 et
1036 1624 1136 1647 vestes
1156 1627 1280 1658 semper
1303 1619 1447 1649 militibus
1472 1627 1586 1661 paratae
1610 1631 1660 1652 es-

898 1665 978 1690 sent.

942 1702 992 1734 Ib.
1018 1702 1149 1741 Cohors]
1176 1703 1587 1746 MorlestusetVegetiusin
1598 1705 1661 1737 una

891 1744 1015 1785 legione
1029 1747 1170 1776 cohortes
1184 1747 1293 1777 decern
1305 1747 1399 1777 fuisse
1416 1749 1565 1786 scribunt,
1581 1760 1661 1790 qua-

890 1799 956 1818 rum
980 1789 1076 1829 prima
1100 1795 1131 1819 et
1153 1800 1280 1820 numero
1304 1796 1336 1820 et
1360 1790 1511 1830 dignitate
1529 1792 1661 1823 militum

891 1833 1010 1862 caeteris
1035 1833 1211 1872 praestabat.
1257 1832 1336 1863 Haec
1353 1840 1455 1864 autem
1473 1835 1662 1875 suscipiebat

897 1874 1045 1915 aquilam,
1100 1886 1170 1916 quze
1214 1875 1404 1916 praecipuum
1448 1876 1662 1909 Rornanorum

898 1918 1044 1948 vexillum
1061 1925 1136 1948 erat.
1195 1918 1272 1949 Haec
1289 1920 1423 1950 habebat
1439 1921 1561 1960 pedites
1577 1921 1661 1952 mille

896 1966 1021 1991 centum
1040 1968 1072 1991 et
1091 1961 1242 2002 quinque,
1266 1972 1335 1992 cum
1353 1963 1509 2002 equitibus
1525 1963 1661 1996 luricatis

897 2010 1022 2034 centurn
1036 2004 1160 2044 triginta
1175 2005 1314 2042 duobus3
1337 2006 1496 2036 etCohors
1510 2006 1662 2037 Milliaria.

896 2046 1074 2084 dicebatur3
1097 2052 1130 2077 et
1144 2047 1288 2087 princeps
1302 2049 1394 2078 totius
1406 2048 1537 2088 legionis
1551 2054 1628 2085 erat,
1642 2050 1662 2080 εἰ

896 2089 970 2129 qua,
985 2089 1056 2119 cum
1069 2091 1107 2118 ad
1121 2100 1257 2130 pugnam
1269 2091 1458 2121 veniendum
1472 2097 1549 2128 erat,
1562 2092 1662 2131 prima.

898 2132 980 2162 acies
1001 2132 1218 2162 instruebatur.
1265 2134 1410 2163 Secunda
1430 2135 1538 2165 cohors
1561 2135 1658 2166 habe-

897 2175 952 2205 bat
967 2175 1088 2216 pedites
1102 2176 1177 2205 555.
1195 2180 1227 2205 et
1242 2175 1361 2216 equites
1378 2178 1431 2207 66.
1449 2183 1480 2207 et
1496 2177 1662 2218 Quinqua-

898 2218 1025 2258 genaria
1053 2218 1224 2248 dicebatur.
1270 2218 1375 2250 'sertia
1406 2225 1450 2250 tot
1477 2221 1662 2252 numerabat

897 2261 1023 2300 pedites
1039 2266 1072 2291 et
1086 2261 1226 2301 equite33
1249 2261 1280 2291 in
1297 2262 1360 2302 qua
1370 2261 1535 2294 validiores
1548 2265 1661 2303 proba-

897 2303 1021 2340 bantur,
1047 2304 1118 2343 quia
1142 2304 1173 2334 in
1201 2304 1305 2334 media
1329 2311 1394 2336 erat
1417 2306 1494 2337 acie.
1540 2307 1662 2342 Quarta

897 2347 1021 2387 pedites
1037 2347 1111 2378 60.›.
1127 2353 1159 2377 et
1173 2348 1295 2387 equites
1311 2349 1364 2379 66.
1423 2349 1484 2378 Tot
1499 2349 1530 2379 in
1547 2350 1663 2390 quinta

896 2390 1149 2420 numerabantur:
1181 2390 1235 2419 sed
1265 2396 1404 2422 strenuos
1435 2402 1575 2433 quosque
1606 2394 1663 2423 ini-

895 2432 964 2463 lites
980 2433 1134 2473 exigebat,
1158 2432 1242 2472 quia,
1260 2433 1336 2463 sicut
1352 2434 1449 2474 prima
1465 2437 1573 2466 cohors
1587 2436 1662 2467 dex·

900 2481 989 2512 trum,
1005 2476 1048 2506 sic
1062 2475 1112 2505 illa
1126 2475 1278 2506 sinistrum
1294 2487 1388 2507 cornu
1406 2478 1548 2508 tenebat:
1572 2480 1663 2519 quin-

899 2529 961 2559 que
975 2518 1064 2559 porro
1074 2518 1134 2549 illae
1145 2519 1286 2549 cohortes
1295 2520 1326 2549 in
1340 2520 1438 2557 primii
1450 2521 1516 2551 acie
1527 2523 1662 2554 stabant.

900 2561 995 2592 Sexta
1009 2563 1118 2592 cohors
1140 2562 1276 2592 hahebat
1297 2563 1419 2603 pedites
1441 2565 1516 2594 555.
1539 2564 1662 2604 equites

901 2605 953 2634 66.
969 2604 1024 2635 illa
1039 2610 1142 2635 autern
1158 2605 1188 2634 in
1205 2605 1343 2635 secunda
1359 2605 1424 2636 acie
1441 2612 1511 2646 post
1526 2606 1662 2647 aquilam

902 2647 1113 2680 ordinabatur.
1173 2647 1314 2688 Septima
1345 2649 1464 2688 pedites
1488 2650 1563 2680 555.
1591 2660 1664 2681 cum

900 2690 1058 2730 equitibus
1081 2692 1134 2722 56.
1154 2690 1186 2720 in
1211 2691 1349 2721 secunda
1373 2691 1438 2720 acie
1462 2691 1566 2722 media
1588 2703 1665 2723 cori-

901 2733 1042 2763 sistebat.
1087 2732 1126 2763 In
1140 2733 1264 2768 octava,
1280 2734 1375 2768 nona,
1397 2738 1429 2763 et
1445 2733 1580 2773 decima,
1604 2741 1664 2766 tot·

901 2775 986 2806 idem
997 2780 1084 2807 erant
1099 2776 1223 2808 milites.
1267 2775 1345 2807 Haec
1360 2775 1468 2807 ultima
1482 2777 1514 2808 in
1526 2777 1665 2810 secunda

903 2818 970 2852 acie
1008 2819 1162 2852 sinistrum
1195 2828 1291 2850 cornu
1329 2819 1519 2861 possidebat.
1577 2821 1666 2854 Licet

1237 2861 1322 2903 2c

1657 180 1742 224 355

1445 249 1552 298 Quae
1574 251 1666 306 qui-
