1858 3095
731 170 822 203 rito
852 169 1044 203 M1LoNE.
1648 164 1737 207 313

137 249 278 291 uando
291 248 345 292 ad
357 260 534 291 causam
548 247 798 303 crimenque
813 245 1031 286 veniamus
1047 260 1057 294 ;
1079 243 1113 284 si
1128 257 1266 300 neque
1284 240 1422 284 omnis
1439 244 1656 285 confessio

105 263 207 348 βαθύ
230 314 298 348 est
318 307 537 356 inusitata,
560 319 698 360 neque
715 304 769 345 de
790 301 923 344 causa
943 301 1177 357 quidquam
1195 299 1341 342 nostra
1358 299 1493 350 aliter,
1511 314 1562 340 ac
1579 315 1656 340 nos

106 364 327 414 vellemus,
350 362 377 404 ὲ
396 370 548 404 senatu
563 362 807 417 judicatum
827 366 918 409 est;
951 366 994 399 et
1024 359 1133 399 lator
1162 358 1252 413 ipse
1279 357 1402 412 legiS‚
1424 355 1521 397 cunr
1543 364 1658 398 esset

105 420 394 462 controversia
424 420 540 461 nulla
561 419 677 466 facti,
693 418 802 474 juris
834 424 978 457 tamen
1000 415 1360 470 disceptationem
1380 429 1475 454 esse
1497 414 1656 463 voluit;

105 484 148 519 et
164 477 489 533 electijudiceS,
508 476 629 532 isque
643 474 894 531 praepositus
907 472 1149 528 quaestioni,
1164 472 1235 527 qui
1255 469 1473 525 haecjusti‘:
1490 470 1657 526 sapien·
1676 472 1731 512 90

102 541 249 589 terque
270 534 512 589 disceptet;
546 533 754 588 reliquum
775 538 854 581 est,
870 530 1058 586 judices,
1079 536 1127 570 ut
1158 528 1264 568 nihil
1290 529 1381 583 jain
1404 527 1520 567 aliud
1543 543 1658 582 qua}-

103 605 191 632 rere
207 591 417 641 debeatis,
436 591 514 631 nisi
529 598 622 631 uter
637 589 720 630 utri
737 588 913 630 insidias
929 587 1101 636 fecerit;
1119 601 1143 640 q
1154 585 1236 626 uod
1250 598 1336 640 quo
1353 582 1519 623 facilius
1534 598 1658 639 argu-

102 647 259 690 mentis
273 648 511 704 perspicere
530 647 816 704 possitis‚ren1
831 650 998 701 gestam
1013 642 1134 683 vobis
1152 642 1254 682 duin
1272 640 1454 682 breviter
1470 654 1654 696 expono,

100 719 265 761 quaeso,
288 705 518 762 diligenter
538 704 766 746 attendite.

139 837 193 868 86.
215 835 249 866 Si
272 847 361 877 neque
384 837 474 866 omnis
499 833 660 877 confessio]
708 833 852 864 Breviter
896 831 1028 862 Clodius
1044 830 1163 861 occisus
1180 834 1239 865 est,
1255 827 1566 869 senatnmjudicz'isse
1578 838 1656 859 con-

95 880 211 920 mpetit
231 879 344 910 cicero
370 889 576 920 quaecumque
599 879 630 909 in
654 876 713 907 istiu
735 877 852 907 resuta-
896 880 942 906 tra
960 875 1118 915 Rempub.
1147 872 1297 908 Tertium,
1311 872 1444 902 voluisse
1457 872 1656 913 Pompeium,

97 921 181 952 tione
211 921 462 964 praejudiciorum
485 921 571 952 dicta
594 927 676 957 sunt,
709 918 854 960 primum,
899 924 933 948 ut
947 918 1028 948 Milo
1041 919 1093 958 jus
1109 928 1196 948 suum
1213 921 1362 947 tueretur.

97 963 180 1006 quod
203 965 369 996 adversarii
385 964 551 1006 jactabant
572 965 618 995 sas
642 974 705 994 non
728 963 757 993 ei
786 973 855 993 esse
943 964 994 992 90.
1013 959 1370 1001 Proepositusquaestioni.]
1395 957 1553 990 Domitius
1569 968 1654 1001 quae-

96 1008 176 1040 tueri
189 1008 304 1047 lucem,
316 1011 376 1041 &c.
386 1048 391 1051 Δ
403 1007 597 1045 Secund-im,
606 1008 737 1043 caedem,
748 1006 781 1037 in
793 1005 857 1049 qua
900 1004 976 1036 sitor
991 1005 1082 1036 datus
1099 1010 1156 1035 est.

742 1233 1019 1262 NARRATIO.

103 1337 214 1378 Tria
226 1337 370 1391 capita
389 1338 579 1378 eontinet
593 1336 687 1377 haec
702 1337 912 1377 narratio.
967 1334 1004 1373 1.
1031 1331 1171 1375 Clodii
1185 1334 1378 1375 (remilia.
1427 1334 1467 1373 2.
1487 1333 1659 1388 Profec-

613 1396 786 1435 tionem.
850 1392 889 1433 3.
922 1392 1142 1444 Pugnam.

156 1506 237 1550 Vl.
266 1506 319 1549 P.
340 1506 520 1549 Clodius
542 1507 640 1550 cnm
659 1507 885 1549 statuisset
906 1504 1022 1548 omni
1053 1505 1214 1547 scelere
1232 1505 1277 1546 in
1299 1504 1481 1562 praetura
1502 1519 1655 1547 vexare

100 1564 319 1621 Rempub.
360 1564 614 1621 videretque
651 1564 713 1606 ita
747 1570 886 1606 tracta
924 1577 1020 1605 esse
1060 1562 1237 1604 comitia
1274 1577 1387 1604 anno
1427 1563 1659 1619 superiore,

100 1628 150 1664 ut
167 1635 255 1663 non
275 1622 436 1663 multos
457 1636 626 1664 menses
645 1628 873 1679 praeturam
895 1634 1039 1678 gerere
1060 1626 1232 1675 posset3
1267 1620 1341 1677 qui
1368 1634 1454 1661 non
1486 1619 1660 1661 honoris

102 1679 282 1736 gradum
314 1684 544 1735 spectaret,
579 1686 629 1721 ut
663 1679 821 1728 caeteri,
861 1678 939 1719 sed
972 1683 1022 1718 ut
1058 1677 1106 1718 L.
1142 1677 1325 1718 Paulum
1357 1677 1568 1733 collegam
1599 1676 1661 1717 ef-

102 1738 251 1792 fugere
283 1737 428 1789 vellet,
459 1735 666 1793 singulari
701 1736 856 1777 virtute
893 1735 1044 1783 civem,
1076 1740 1120 1775 et
1153 1748 1312 1775 annum
1351 1734 1566 1790 integrum
1604 1733 1661 1774 ad

102 1793 422 1834 dilacerandam
461 1793 678 1850 Rempub.
717 1798 953 1850 quaererct3
996 1789 1140 1832 subito
1180 1791 1355 1848 reliquit
1391 1805 1551 1832 annum
1591 1805 1662 1832 su·

103 1865 190 1902 um,
223 1865 355 1907 seque
386 1850 430 1891 in
462 1865 620 1892 annum
656 1850 899 1906 proximum
930 1847 1161 1898 transtulit,
1201 1863 1287 1890 non
1322 1852 1389 1904 (ut
1423 1848 1490 1898 fit)
1520 1847 1661 1904 religi-

103 1921 185 1948 one
219 1906 378 1963 aliqufi„
411 1907 486 1949 sed
520 1915 569 1950 ut
603 1908 794 1959 haberet,
823 1906 960 1962 (quod
997 1907 1089 1962 ipse
1122 1905 1314 1957 dicebat)
1346 1905 1400 1946 ad
1433 1912 1662 1961 praeturam

105 1964 350 2020 gerendam,
388 1964 474 2006 hoc
515 1971 595 2016 est,
630 1964 686 2006 ad
719 1964 991 2005 evertendam
1032 1962 1249 2019 Rempub.
1289 1963 1464 2019 plenum
1503 1975 1663 2003 annum

105 2027 234 2076 atque
255 2021 482 2077 integrum.
544 2022 815 2064 Occurrebat
836 2020 889 2072 ei,
911 2034 1108 2061 mancam
1139 2035 1190 2061 ac
1221 2019 1408 2061 debilem
1438 2025 1664 2074 praeturam
1686 2015 1738 2056 10

107 2092 228 2119 suam
262 2077 462 2128 futuram,
499 2079 677 2119 consule
715 2077 911 2118 Milone:
943 2091 1041 2118 eum
1080 2075 1206 2132 porro
1241 2090 1406 2117 summo
1447 2089 1665 2116 consensu

105 2133 256 2191 populi
276 2133 463 2176 Romani
481 2135 702 2176 consulem
725 2134 816 2175 fieri
837 2134 1027 2175 videbat.
1089 2131 1285 2174 Contulit
1306 2148 1351 2174 se
1368 2132 1423 2174 ad
1439 2133 1532 2188 ejus
1550 2147 1665 2174 com-

1708 1732 1735 1771 ΕΠ

152 2269 184 2298 2.
209 2266 258 2297 Ita
269 2271 364 2296 tracta
374 2275 428 2297 esse
441 2268 583 2309 comitia]
622 2265 673 2297 Ita
687 2265 784 2296 dilata
796 2266 864 2296 fue·
952 2264 983 2295 6.
1019 2264 1151 2306 Reliquit
1165 2276 1277 2295 annum
1291 2265 1402 2306 suum]
1461 2265 1571 2296 Annus
1594 2277 1669 2298 snus

109 2316 181 2341 runt
193 2309 318 2340 comitia
333 2315 459 2351 propter
483 2310 605 2340 insanas
627 2310 863 2341 candidatorum
908 2308 1082 2344 dicebatur,
1099 2319 1161 2349 quo
1173 2309 1242 2349 quis
1259 2309 1405 2338 honorem
1424 2315 1529 2348 petere
1547 2320 1584 2339 ex
1597 2310 1667 2351 lege

109 2354 338 2389 contentiones,
354 2360 388 2383 ut
403 2354 536 2394 septimo
547 2354 611 2384 fere
625 2352 744 2384 tanturn
759 2362 864 2382 mense
909 2357 1032 2392 poterat
1045 2364 1051 2380 ι
1074 2357 1109 2382 ut
1123 2357 1284 2392 praeturam
1303 2357 1374 2392 post
1388 2352 1580 2388 aedilitatem,
1598 2360 1669 2393 post

110 2395 269 2427 Domitius
280 2396 430 2427 Calvinus
444 2403 477 2428 et
486 2396 630 2428 Valerius
640 2396 780 2427 Messala
791 2406 864 2427 con-
910 2399 1073 2436 praeturam
1103 2395 1308 2425 consulatum.
1355 2394 1588 2435 Requirebatur
1611 2407 1667 2427 au-

112 2439 247 2471 sulatum
264 2439 401 2470 inierint.
912 2443 988 2474 tem,
1013 2442 1047 2468 ut
1058 2437 1126 2478 quis
1140 2443 1253 2478 praetor
1269 2438 1368 2474 fieret,
1393 2443 1426 2468 ut
1438 2449 1553 2469 annum
1568 2440 1669 2470 aetatis

157 2486 191 2515 4.
213 2481 251 2513 L.
270 2482 429 2523 Paulum]
475 2482 512 2514 L.
529 2482 645 2513 Paulus
665 2481 711 2512 vir
732 2481 792 2513 fuit
807 2481 869 2512 sin·
914 2491 1031 2512 nonum
1048 2486 1080 2510 et
1095 2480 1283 2521 trigesimum
1300 2486 1416 2522 ageret.

115 2526 242 2566 galatis,
262 2530 298 2556 et
319 2526 360 2556 ad
375 2526 622 2558 conservandam
637 2524 798 2567 Rempub.
815 2535 872 2555 na-
960 2526 1013 2555 10.
1035 2522 1198 2563 Manem]
1247 2524 1381 2554 Mancus
1404 2524 1528 2564 dicitur,
1550 2524 1601 2555 cui
1624 2524 1670 2555 al-

116 2574 177 2604 tus,
199 2569 306 2610 inquit
334 2568 445 2600 Cicero
474 2569 507 2599 in
536 2568 710 2600 Vatinium.
764 2568 872 2604 Hunc,
913 2572 981 2597 tera
993 2577 1103 2598 manus
1117 2566 1234 2597 inutilis
1250 2571 1308 2604 est,
1323 2567 1448 2609 sumpta
1458 2567 1638 2608 metaphora
1650 2567 1671 2597 εἷ

118 2615 246 2652 propter
260 2622 410 2643 summam
425 2612 624 2653 probitatem,
647 2612 799 2653 collegam
817 2612 873 2642 ha·
916 2619 1047 2651 corpore
1063 2610 1103 2640 ad
1121 2611 1345 2651 magistratum.

116 2655 194 2684 bere
206 2653 336 2686 clodius
350 2655 489 2686 nolebat.
962 2655 1016 2683 12.
1053 2652 1126 2693 Ejus
1147 2653 1365 2693 competitores]
1418 2652 1574 2683 Petebant
1600 2662 1672 2684 cum

163 2698 196 2727 5.
211 2697 331 2728 Δππυπι
342 2698 524 2740 integrum]
562 2697 614 2728 Ob
626 2697 726 2728 dilata
739 2697 877 2733 comitia,
921 2695 1044 2727 Milone
1062 2696 1243 2727 consulatum
1262 2696 1301 2728 P.
1318 2696 1458 2726 Plautius
1473 2695 1625 2737 Hypsaeus,
1647 2701 1678 2727 et

120 2739 261 2771 medium
274 2741 396 2772 tantum
405 2742 647 2773 annumhabere
658 2747 794 2782 poterat,
806 2739 878 2770 cum
924 2739 962 2773 Q.
979 2738 1115 2770 Metellus
1124 2739 1229 2779 Scipio,
1242 2750 1300 2769 non
1309 2738 1400 2769 solam
1411 2740 1566 2780 largitione
1572 2739 1687 2779 palam„

117 2783 210 2814 eirca
221 2782 288 2813 fere
301 2784 468 2825 septimum
479 2794 619 2816 mensem
628 2785 757 2815 inierint
766 2783 881 2824 magis·
920 2781 1053 2824 jmffusd,
1074 2783 1122 2814 sed
1133 2785 1223 2813 etiam
1225 2781 1411 2823 factionibus
1422 2788 1603 2814 armatorum
1613 2792 1687 2813 suc·

126 2831 243 2858 tratum
255 2827 410 2858 consules.
925 2826 1026 2857 civ-ti.
1068 2825 1244 2856 Pedianus.
