1858 3095
714 218 766 252 1N
790 218 1047 252 cArrrrNAM
1072 219 1099 250 1.
1705 216 1760 260 83

122 295 187 338 vir
217 295 521 353 amplissimus,
545 294 596 337 P.
618 294 783 364 §ijm
819 297 1012 353 pontifex
1040 296 1268 349 maximus,
1302 293 1399 337 Tib.
1421 293 1684 347 Gracchum,

122 353 392 395 mediocriter
428 344 960 408 labefffffanteiifflstatum
999 353 1260 410 reipublicae,
1293 353 1484 410 privatus
1514 352 1684 394 interfe-

119 410 203 451 cit:
237 410 468 452 Catilinam
498 408 611 461 vero,
639 410 783 451 orbem
812 419 933 451 terrae
966 411 1082 451 caede
1114 418 1243 468 atquc
1275 409 1487 452 incendiis
1517 416 1683 451 vastare
1702 408 1758 449 20

121 467 383 523 cupientem,
419 480 497 506 nos
543 467 742 508 consules
784 468 1070 523 perferemus?
1119 483 1218 509 nam
1250 467 1323 508 illa
1353 466 1476 506 nimis
1507 465 1686 522 antiqua

124 531 341 579 praetereo,
379 521 495 578 quod
535 523 588 570 Q.
614 523 816 565 Servilius
852 524 993 565 Ahala
1034 523 1108 579 Sp.
1147 524 1342 574 Melium,
1374 521 1526 563 ‘'novis
1557 523 1685 563 rebus

124 580 380 627 studentem,
414 593 542 621 manu
573 580 650 621 sua
681 580 855 622 occidit.
917 580 1028 628 Fuit,
1051 580 1132 621 fuit
1163 581 1246 621 ista
1277 579 1496 635 quondam
1528 578 1572 620 in
1602 578 1687 619 hac

124 635 342 692 republica
373 635 521 687 virtus,
550 643 600 677 ut
628 637 705 677 viri
737 637 866 678 fortes
896 636 1129 678 acrioribus
1171 635 1394 692 suppliciis
1426 635 1563 677 civem
1593 650 1689 691 pcr-

124 693 352 743 niciosum‚
384 691 512 748 quam
548 693 871 734 acerbissimum
910 693 1093 744 hostem,
1126 692 1387 734 coercerent.
1465 691 1687 734 Habemus
1703 689 1759 730 25

123 747 236 790 enim
280 749 713 791 senatus—consultum
752 749 796 790 in
827 757 884 800 te,
917 749 1118 801 Catilina,
1159 750 1416 790 evehemens
1457 756 1500 790 et
1538 763 1686 804 grave:

123 819 211 846 non
232 804 356 847 deest
379 806 628 862 reipublicae
655 805 899 857 consilium,
921 820 1060 862 neque
1082 806 1314 847 auctoritas
1343 805 1468 860 hujus
1504 805 1686 846 ordinis:

120 875 218 913 nos,
247 877 326 903 nos
358 862 472 913 dico,
504 862 666 918 aperte,
703 864 902 904 consules
935 862 1152 903 desumus.
1228 862 1435 903 Decrevit
1469 862 1687 919 quondam

124 925 315 970 senatus,
350 925 400 960 ut
431 919 476 959 L.
506 919 704 975 Opimius
737 920 838 961 Cos.
859 919 1037 969 videret,
1058 934 1111 961 ne
1144 918 1249 975 quid
1285 918 1531 975 respublica
1560 918 1688 959 detri-

121 975 257 1017 menti
295 982 486 1032 caperet:
517 975 626 1018 snox
663 977 781 1017 nulla
814 976 1075 1026 intercessit3
1107 976 1358 1017 interfectus
1395 983 1473 1024 est,
1514 982 1687 1032 propter
1705 973 1762 1013 30

123 1032 333 1088 quasdam
369 1032 630 1074 seditionum
655 1032 941 1089 suspiciones,
964 1032 1013 1073 C.
1040 1032 1277 1083 Gracchus,
1301 1032 1539 1073 clarissimo
1568 1038 1689 1089 patre

123 1087 306 1146 [natus,]
334 1104 429 1141 aVO,
465 1090 715 1146 majoribus:
767 1090 938 1132 occisus
971 1096 1037 1131 cst
1077 1104 1176 1131 cum
1219 1089 1365 1133 liberis
1398 1088 1462 1130 M.
1495 1088 1689 1141 Fulvius,

153 1281 169 1308 ‘³
182 1285 453 1341 qffiaectmztcm
474 1298 671 1337 regnum.
742 1290 756 1307 ‘³
773 1297 933 1337 urgens
952 1288 993 1325 et
1011 1297 1215 1327 severum.
1288 1282 1447 1325 feodem
1469 1284 1560 1338 ipso
1578 1283 1660 1325 die.

174 1485 222 1517 18.
237 1484 274 1514 Ρ.
291 1483 410 1525 Scipio]
450 1484 558 1526 Scipio
575 1482 705 1518 Nasica,
718 1482 783 1523 qui,
799 1482 887 1513 Livio

128 1528 295 1563 referente,
328 1528 382 1557 lib.
414 1530 469 1567 49,
500 1529 544 1558 vir
571 1527 705 1568 optimus
734 1526 753 1555 a
779 1532 888 1556 senatu

121 1570 283 1612 judicatus
304 1576 372 1607 est3
397 1571 476 1601 filius
505 1570 658 1611 Scipionis
676 1569 821 1605 censoris,
837 1569 891 1610 qui

130 1615 283 1655 porticum
296 1614 326 1644 in
343 1614 501 1654 Capitolio
517 1613 673 1644 exstruxit.

173 1657 222 1688 Ib.
248 1657 309 1687 Tib.
327 1656 518 1698 Gracchum]
562 1655 705 1687 Tiberius
729 1655 889 1686 Gracchus

129 1700 292 1742 largitione
315 1699 460 1730 frumenti
495 1699 580 1729 venit
612 1699 644 1729 in
675 1698 762 1739 regni
794 1698 890 1729 affec-

98 1764 105 1767 -
129 1744 187 1774 tati
209 1743 426 1784 suspicionem,
443 1748 475 1774 et
497 1742 515 1773 εἴ
538 1741 684 1783 Scipione
707 1742 890 1772 interfectus

136 1791 195 1818 est.

176 1831 229 1861 19.
262 1829 429 1870 Privatus]
475 1828 618 1859 Privatus
642 1828 667 1858 is
690 1828 814 1863 dicitur,
837 1826 891 1868 qui

129 1872 195 1903 sine
220 1873 350 1914 imperio
375 1880 434 1908 est,
460 1872 567 1913 quales
591 1876 680 1903 erant
701 1870 890 1906 sacerdotes,

130 1926 304 1957 praecones,
313 1916 429 1957 aliique
445 1915 561 1946 minimi
575 1915 782 1956 magistratus:
806 1913 892 1943 Vide

134 1959 230 1991 Arist.
247 1962 279 1990 4.
295 1959 389 1991 Polit.

175 2004 229 2033 22.
263 2001 404 2032 Servilius
425 2001 550 2042 Ahala]
598 2000 679 2032 Cum
704 2010 781 2041 pop.
797 1998 894 2031 Rom.

133 2044 216 2076 same
236 2051 438 2086 premeretur,
455 2050 487 2075 et
503 2045 558 2085 Sp.
572 2043 690 2074 Melius
706 2045 893 2073 frumentum

133 2088 234 2123 daret,
247 2087 332 2118 venit
346 2087 398 2118 ille
421 2088 453 2117 in
466 2087 673 2126 suspicionem
696 2086 783 2126 regni
799 2085 896 2115 affec-

134 2131 232 2161 tandi.
278 2130 437 2166 Servilius,
461 2130 607 2170 magister
635 2129 789 2169 equitum,
811 2138 895 2163 eum,

135 2173 267 2214 imperio
294 2172 450 2203 dictatoris
470 2183 533 2201 non
556 2172 834 2212 obtemperantem,
849 2170 895 2199 in-

135 2217 258 2247 terfecit
291 2226 374 2246 anno
407 2215 500 2246 Urbis
530 2214 664 2245 conditae
700 2215 774 2244 315.
809 2212 895 2243 Vide

136 2259 268 2296 Livium,
285 2259 340 2291 lib.
351 2259 384 2289 4.

181 2304 234 2334 25.
277 2300 470 2341 Coei-cerem]
516 2299 755 2340 Magistratuum
778 2303 837 2335 est,
867 2304 900 2329 et

138 2356 243 2376 eorum
259 2345 313 2387 qui
329 2350 400 2376 sunt
415 2345 446 2374 in
462 2344 604 2384 imperio,
619 2343 762 2374 co'e'rcere
777 2352 829 2372 eos
844 2342 898 2383 qui

141 2388 281 2430 Reipub.
299 2387 464 2429 perniciosi
481 2392 563 2417 sunt.

183 2435 236 2464 26.
258 2429 585 2470 Senatus-consultum]
631 2429 682 2460 De
698 2428 757 2459 hoc
772 2428 816 2458 ita
831 2426 898 2458 Sal-

138 2475 267 2507 lustius:
302 2475 372 2505 Hoec
407 2473 472 2503 cum
511 2472 642 2503 Ciceroni
677 2473 896 2506 nuntiarentur,

137 2521 311 2550 constitutus
344 2519 376 2548 in
411 2517 497 2546 dubio
531 2526 620 2556 neque
647 2516 777 2555 expedire
801 2514 898 2553 potuit

141 2562 211 2602 quid
238 2567 305 2592 esset
321 2560 515 2602 faciendum:
551 2558 649 2589 Cicero
674 2564 770 2588 tamen
795 2558 834 2587 ad
857 2567 897 2587 se-

140 2611 244 2635 natum
267 2605 380 2639 retulit,
395 2604 445 2643 qui
464 2603 587 2632 decrevit
609 2607 644 2632 ut
670 2601 797 2632 consules
818 2601 897 2630 vide-

140 2652 216 2683 rent,
231 2658 267 2677 ne
289 2647 359 2687 quid
382 2646 505 2685 Respub.
521 2645 684 2675 detrimenti
701 2649 823 2683 cuperet,
839 2642 898 2673 sci-

142 2690 217 2720 licet
231 2690 269 2721 C.
284 2689 437 2720 Antonius
453 2695 484 2718 et
501 2688 612 2718 Cicero
625 2687 779 2729 consules.
824 2685 898 2715 Per-

142 2733 282 2770 mittitur,
304 2732 429 2763 cohibere
456 2732 569 2766 milites,
596 2736 623 2760 et
648 2731 742 2764 socios,
768 2735 795 2759 et
819 2739 898 2758 sum-

144 2786 223 2805 mum
232 2776 288 2814 jus
301 2781 413 2812 tenere5
436 2785 505 2816 qnae
528 2778 669 2814 potestas
696 2772 785 2803 aliter
801 2771 819 2801 εὶ
833 2771 899 2801 solo

143 2817 263 2859 populo
288 2817 527 2848 concedebatur.
572 2815 768 2854 Plutarchus,
779 2814 810 2845 in
825 2813 903 2844 Vita

145 2859 316 2898 Ciceronis,
345 2860 399 2896 ait,
421 2860 480 2893 hoc
505 2858 819 2891 senatus-consultum
846 2856 902 2888 da-

931 1487 996 1513 tum
1032 1492 1099 1515 esse
1134 1482 1300 1524 postquam
1330 1482 1369 1513 C.
1399 1482 1561 1514 Cornelius
1592 1487 1625 1513 et
1654 1483 1692 1514 L.

932 1526 1142 1566 Vargunteius
1186 1527 1360 1567 opprimere
1398 1526 1579 1557 Ciceronem
1617 1537 1694 1557 con-

933 1570 1030 1599 sulem
1047 1569 1133 1600 domi
1156 1569 1260 1600 conati
1279 1574 1363 1605 sunt,
1379 1575 1413 1599 ut
1427 1569 1495 1610 ipse
1510 1569 1621 1610 postea]
1637 1570 1693 1600 de-

933 1612 1071 1643 clarabit.

976 1657 1028 1686 27.
1078 1654 1202 1695 Reipub.
1223 1655 1400 1696 consiliam]
1461 1654 1533 1691 Quo
1563 1655 1693 1685 consilio

932 1699 999 1728 haec
1015 1700 1179 1729 auctoritas
1205 1697 1478 1729 senatus-consulti
1493 1697 1629 1728 faciendi
1644 1709 1694 1729 se-

934 1742 1018 1771 natui
1037 1743 1110 1771 data
1127 1746 1185 1772 est.

979 1787 1030 1816 28.
1056 1784 1125 1820 Nos,
1141 1784 1216 1825 nos.]
1261 1782 1436 1824 Distingnit
1448 1784 1662 1815 auctoritatem
1676 1784 1697 1814 a.

934 1827 1078 1868 persona,
1094 1828 1180 1868 quia,
1202 1827 1227 1858 si
1251 1827 1352 1857 officio
1375 1838 1430 1857 suo
1453 1833 1535 1857 esset
1555 1827 1696 1862 functus,

929 1871 1074 1910 jussisset
1103 1870 1271 1901 Catilinam
1295 1870 1335 1900 ad
1362 1878 1493 1900 mortem
1525 1871 1609 1911 rapi;
1639 1871 1696 1900 sed

936 1913 1046 1948 noluit,
1070 1918 1134 1943 tum
1163 1919 1198 1943 ut
1222 1912 1298 1953 suga
1323 1912 1466 1943 Catilinae
1487 1918 1607 1952 pateret
1629 1911 1696 1953 ejus

936 1956 1118 1997 conjuratio,
1145 1961 1209 1987 tum
1236 1962 1271 1986 ut
1294 1957 1365 1985 urbs
1389 1955 1526 1997 periculo
1549 1956 1697 1987 liberare-

938 2006 996 2030 tur.

981 2044 1033 2072 29.
1057 2040 1094 2071 L.
1107 2041 1263 2081 Opimius]
1289 2040 1406 2071 Consul
1421 2040 1479 2071 fuit
1494 2040 1531 2072 L.
1550 2039 1695 2081 Opimius

938 2095 1008 2116 curn
1043 2084 1085 2121 Q.
1116 2084 1213 2115 Fabio
1246 2084 1401 2119 Maximo,
1435 2083 1528 2114 Urbis
1560 2083 1697 2113 conditae

939 2137 1020 2157 anno
1036 2129 1111 2159 633.

983 2172 1036 2200 31.
1059 2170 1092 2200 C.
1104 2168 1279 2209 Gracchus]
1304 2168 1342 2199 C.
1361 2167 1520 2199 Gracchus
1537 2167 1618 2198 filius
1638 2167 1699 2198 suit

939 2212 976 2242 T.
993 2211 1168 2252 Sempronii
1192 2211 1337 2247 Gracchi,
1353 2211 1407 2252 qui
1431 2211 1478 2240 bis
1504 2210 1612 2241 consul
1626 2210 1698 2248 fuit,

941 2261 973 2285 et
989 2255 1028 2286 de
1045 2254 1209 2287 Celtiberis
1222 2253 1431 2294 triumphavit.

984 2299 1037 2329 32.
1083 2299 1154 2334 Avo,
1185 2297 1365 2338 majoritum]
1433 2295 1567 2327 Gracchi
1602 2294 1700 2326 multa

941 2350 1042 2372 rcrum
1076 2347 1229 2382 gestamur
1253 2339 1350 2381 gloria
1379 2339 1411 2369 in
1448 2338 1576 2380 Repub.
1598 2338 1699 2369 claru-

942 2389 1042 2414 crunt.
1088 2384 1210 2413 Primus
1225 2383 1342 2413 exstitit
1360 2381 1426 2422 ejus
1448 2381 1592 2417 nominis,
1605 2386 1700 2412 caete·

941 2437 1042 2458 rorum
1081 2432 1198 2461 auctor,
1231 2425 1373 2455 Tiberius
1409 2424 1568 2455 Gracchus
1594 2424 1614 2454 ἷι
1635 2435 1698 2466 quo

943 2469 1085 2510 prodiere
1105 2468 1223 2500 Tiberii
1249 2469 1323 2504 duo,
1340 2467 1555 2499 consulatuum
1579 2472 1611 2497 et
1635 2468 1701 2498 vic-

943 2513 1086 2543 toriarum
1112 2511 1209 2553 gloria
1237 2511 1390 2542 illustres:
1427 2520 1557 2551 quorum
1581 2515 1701 2550 postre-

942 2566 1010 2586 mus
1025 2567 1062 2586 ex
1079 2554 1237 2590 Cornelia,
1252 2554 1391 2584 Africani
1412 2552 1535 2594 majoris
1555 2553 1630 2587 filia,
1645 2553 1699 2584 Ti-

939 2599 1058 2629 berium
1081 2604 1114 2629 et
1130 2597 1242 2629 Caium
1265 2597 1413 2638 suscepit,
1429 2597 1461 2626 in
1483 2596 1594 2638 quibus
1617 2606 1700 2625 sum-

941 2651 1024 2671 mum
1046 2641 1106 2672 suit
1127 2640 1299 2681 ingenium,
1315 2645 1347 2670 et
1361 2650 1479 2670 summa
1501 2638 1701 2678 eloquentia3

941 2689 984 2719 at,
1007 2683 1079 2714 cum
1112 2689 1243 2724 uterque
1277 2683 1362 2723 leges
1395 2681 1527 2721 agrarias
1559 2680 1700 2711 m'bunus

941 2726 1041 2767 plebis
1065 2725 1303 2767 promulgasset,
1318 2725 1496 2755 interfectus
1512 2726 1559 2753 cst
1573 2733 1580 2751 :
1607 2722 1702 2753 Tibe-

945 2769 1006 2799 rius
1029 2769 1048 2799 εἴ
1072 2769 1219 2810 Scipione
1240 2767 1358 2798 Nasica
1372 2768 1405 2798 in
1421 2765 1590 2807 Capitolio,
1606 2765 1702 2797 Caius

945 2812 985 2843 ab
1002 2812 1129 2854 Opimio
1145 2813 1176 2842 in
1192 2811 1362 2841 Aventino.

989 2855 1038 2887 Ib.
1054 2854 1100 2887 M.
1113 2854 1265 2894 farvius]
1310 2852 1360 2885 M.
1378 2851 1505 2885 Fulvius
1523 2851 1623 2885 socius
1639 2855 1706 2884 erat

1304 2908 1319 2936 1
