1858 3095
634 149 684 181 IN
713 148 969 184 cAT1L1NAM
1003 149 1068 181 111.
1628 147 1707 191 115

78 232 141 270 est
170 228 263 270 hoec
287 231 450 283 prIma:
484 227 672 270 Consilio
697 242 747 268 ac
773 228 998 280 diligentia
1025 228 1116 267 mea
1142 223 1352 267 Catilinae
1377 226 1638 277 cooejuratio-

75 299 173 326 nem
192 289 374 339 comperi
395 291 435 327 et
455 287 654 326 eoestinaei.

135 340 350 384 Secunda.
409 343 512 383 Non
533 342 623 382 sin&
641 342 860 393 singulari
881 342 971 381 mcci
988 341 1240 394 prudentia,
1259 354 1309 380 ac
1329 340 1501 382 deorum
1519 340 1640 382 benc-

59 400 181 455 βοὴ),
213 401 304 441 sinc?
322 401 478 440 civium
498 400 716 452 sanguine
733 400 935 439 errste’naee'.

139 512 198 554 II.
229 511 462 568 Principio,
493 518 541 553 ut
562 512 749 554 Catilina
783 511 933 569 paucis
966 511 1065 553 ante
1094 511 1244 553 diebus
1273 509 1413 566 erupit
1434 523 1486 551 ex
1508 509 1638 559 Urbe,

81 569 178 611 cum
197 569 370 610 sceleris
395 570 461 610 sui
483 570 639 621 socios,
671 577 715 611 et
740 570 919 625 hujusce
946 568 1093 609 nefarii
1115 568 1211 609 belli
1241 567 1468 608 acerrimos
1491 566 1639 615 duces,

82 625 230 667 Romae
251 625 518 682 reliquisset;
551 641 717 682 semper
742 626 917 681 vigilavi
938 633 981 666 et
1002 624 1180 680 providi,
1213 624 1417 674 Quirites,
1439 623 1641 678 quemad-

80 682 269 732 modum,
287 681 331 722 in
352 683 481 724 tantis
499 690 541 724 et
562 690 649 724 tam
670 680 939 723 absconditis
957 681 1139 732 insidiis,
1156 680 1262 722 salvi
1284 694 1377 721 esse
1399 693 1640 735 possemus.

80 737 191 779 Nam
212 744 318 790 tum,
340 739 437 781 cum
464 755 515 781 ex
536 739 653 780 Urbe
681 738 912 779 Catilinam
941 737 1165 792 ejiciebam
1187 742 1293 790 (non
1324 736 1437 777 enim
1459 737 1550 792 jam
1571 750 1641 776 ve-
1682 737 1708 778 5
1759 741 1764 746 ⁴

78 808 172 836 reor
191 795 318 850 hujus
339 796 455 838 verbi
477 795 697 846 invidiam,
730 794 826 836 cum
848 794 922 834 illa
942 794 1080 850 magis
1109 793 1167 835 sit
1197 793 1401 841 timenda,
1432 792 1549 848 qubd
1580 792 1641 833 vi-

77 866 156 892 vus
177 851 362 903 exierit),
384 853 458 894 sed
490 860 595 903 tum,
627 851 724 894 cum
756 852 875 892 illum
906 851 1184 892 exterminare
1216 850 1438 901 volebam;
1471 856 1544 890 aut
1578 863 1643 890 re-

77 907 240 964 liquam
263 910 580 965 conjuratorum
600 916 798 949 amanum
816 907 941 948 simul
963 907 1184 959 exituram,
1216 913 1292 948 aut
1326 921 1398 948 eos
1422 906 1495 961 qui
1518 906 1643 946 resti-

77 964 248 1017 tissent,
277 965 467 1007 infirmos
489 965 581 1008 sine
603 966 692 1017 illo,
713 980 764 1006 ac
785 964 964 1014 debiles,
990 964 1078 1006 sore
1100 964 1317 1020 putabam.
1377 964 1520 1018 Atque
1543 977 1640 1018 ego,

77 1027 127 1063 ut
142 1021 245 1073 vidi,
276 1037 384 1078 quos
401 1023 588 1065 maximo
610 1023 751 1064 furore
766 1028 810 1063 et
831 1021 989 1062 scelere
1012 1035 1105 1062 esse
1123 1021 1410 1061 inflammatos
1433 1019 1639 1067 sciebam,
1660 1019 1710 1060 lo

79 1092 154 1120 eos
175 1078 403 1120 nobiscum
425 1095 533 1131 esse,
563 1086 606 1121 et
636 1079 785 1121 Romae
806 1077 1086 1128 remansisse3
1118 1077 1162 1118 in
1184 1092 1234 1119 eo
1260 1092 1406 1118 omnes
1425 1076 1516 1117 dies
1537 1090 1642 1117 noc-

79 1141 232 1191 tesque
263 1137 523 1192 consumpsi,
552 1142 612 1188 ut,
658 1136 761 1192 quid
789 1141 977 1190 agerent,
1008 1134 1111 1190 quid
1145 1134 1407 1184 molirentur,
1442 1132 1644 1174 sentirem

79 1206 132 1234 ac
163 1191 378 1244 viderem;
405 1200 467 1244 ut,
506 1192 710 1249 quoniam
743 1193 914 1233 auribus
945 1191 1110 1242 vestris,
1141 1197 1314 1248 propter
1345 1187 1642 1232 incredibilem

80 1248 422 1305 magnitudinem
452 1250 639 1301 sceleris,
670 1248 875 1290 minorem
900 1248 1030 1289 fidem
1056 1248 1222 1301 ‘faceret
1253 1247 1388 1288 oratio
1412 1261 1522 1297 mea,
1553 1260 1644 1287 rem

79 1304 140 1346 ita
171 1305 590 1361 comprehenderem,
620 1309 674 1346 ut‘
699 1313 789 1346 tum
825 1304 995 1345 demum
1027 1304 1177 1345 animis
1207 1304 1334 1355 saluti
1367 1310 1518 1344 vestrae
1545 1317 1643 1358 pro·-
1660 1303 1711 1345 15

79 1361 298 1413 videretis,
330 1361 427 1403 cum
461 1361 598 1403 oculis
628 1360 920 1402 bmaleficium
951 1360 1093 1416 ipsum
1123 1360 1336 1402 videretis.
1397 1359 1565 1414 Itaque,
1597 1365 1645 1401 ut

81 1417 270 1481 comperi
318 1418 484 1474 legatos
537 1418 834 1474 Allobrogum,
864 1416 969 1458 belli
1023 1416 1292 1473 Transalpini
1339 1422 1382 1457 et
1437 1415 1646 1458 tumultus

82 1474 241 1516 Gallici
276 1475 494 1516 excitandi
530 1474 662 1517 causa
702 1483 726 1516 a
760 1475 813 1516 P.
845 1473 1026 1515 Lentulo
1062 1488 1156 1515 esse
1196 1472 1453 1523 solicitatos‚
1485 1485 1646 1527 eosque

81 1531 127 1572 in
148 1531 334 1572 Galliam
347 1532 402 1573 ad
415 1546 516 1573 suos
531 1532 662 1583 cives,
673 1531 911 1586 eodemque
928 1529 1079 1572 itinere
1091 1544 1189 1572 cum
1202 1529 1334 1571 literis
1344 1529 1645 1585 mandatisque

83 1588 137 1629 ad
160 1587 407 1640 Catilinam,
439 1603 532 1630 esse
573 1589 744 1639 missos,
777 1587 1063 1642 comitemque
1102 1586 1155 1628 iis
1190 1587 1443 1642 adjunctum
1472 1585 1715 1629 Vultur-20

83 1644 213 1696 cium,
243 1651 372 1701 atque
403 1645 502 1686 huic
533 1645 655 1686 datas
687 1659 781 1686 esse
821 1644 876 1684 ad
909 1643 1140 1685 Catilinam
1176 1643 1343 1694 literas;
1374 1642 1648 1684 cfacultatem

83 1701 189 1742 mihi
243 1702 432 1743 oblatam
482 1702 643 1757 putavi,
693 1708 742 1742 ut
780 1700 915 1756 (quod
965 1707 1054 1741 erat
1098 1699 1413 1750 difficillimum,
1444 1699 1649 1755 quodque

85 1772 166 1814 ego
188 1772 356 1814 semper
387 1759 586 1815 optabam
609 1759 635 1799 a
661 1758 743 1799 diis
771 1757 1101 1808 immortalibus)
1129 1763 1222 1797 tota
1240 1771 1322 1805 res,
1354 1770 1440 1797 non
1462 1754 1600 1796 solum
1622 1755 1650 1797 ὲ

83 1829 166 1866 me,
198 1815 275 1858 sed
307 1815 438 1857 etiam
471 1815 497 1857 a
525 1821 675 1858 senatu
695 1821 739 1856 et
772 1813 798 1856 a
823 1813 960 1866 vobis,
991 1812 1215 1856 manifeste
1248 1813 1648 1869 deprehenderetur.

197 1986 402 2028 ⁸turbam.
633 1985 1006 2039 ”conjurationem
1239 1990 1254 2008 ‘³
1264 1986 1534 2027 occasionem.

131 2158 183 2187 1⁷.
231 2156 388 2197 Comperi]
435 2155 497 2187 Per
533 2156 679 2197 Sangam,
712 2156 846 2188 amicum

88 2198 307 2249 Allobrogum,
346 2204 443 2230 totam
483 2199 729 2241 conjurationem
761 2210 847 2231 com-

87 2248 182 2316 pelli:
238 2285 457 2327 Allobrogum]
517 2284 702 2326 Allobroges
739 2285 848 2326 populi

90 2327 203 2359 Galliae
228 2328 354 2359 suerunt
393 2329 484 2369 juxta
526 2328 728 2364 Rhodanum,
765 2339 847 2358 nunc.

89 2371 229 2401 Sabaudi
253 2377 286 2402 et
309 2371 529 2411 Delphinaies,
554 2376 626 2401 tunc
651 2378 754 2402 autem
770 2372 847 2402 socii

890 2154 943 2186 De
959 2160 1089 2196 utroque
1105 2153 1216 2185 Cicero
1231 2153 1263 2184 in
1281 2152 1461 2195 Philippica
1476 2155 1508 2184 8.
1551 2152 1651 2185 Potest

889 2200 966 2229 enim
994 2208 1049 2228 esse
1086 2198 1190 2227 bellum
1216 2197 1277 2227 εἰηὲ
1319 2197 1470 2234 tumultu3
1506 2199 1650 2228 tumultus

889 2252 943 2272 esse
967 2241 1027 2271 sine*
1060 2241 1130 2270 bello
1159 2251 1216 2270 non
1239 2246 1339 2279 potest.
1401 2240 1482 2274 Quid
1507 2245 1547 2270 est
1571 2241 1649 2270 enim

890 2285 972 2314 aliud
1001 2284 1158 2318 tumultus,
1184 2284 1240 2313 m'sz'
1275 2283 1456 2323 perturbatio
1480 2288 1577 2318 tanta,
1612 2289 1648 2314 ‘ut

891 2329 986 2368 major
1015 2328 1101 2357 timor
1137 2327 1272 2356 oriatur?
1311 2326 1388 2356 unde
1426 2327 1514 2355 etiam
1547 2336 1649 2356 nomen

891 2371 1001 2400 dictum
1027 2375 1067 2400 est
1090 2368 1244 2399 tumultus.
1290 2367 1394 2409 Itaque
1422 2370 1542 2408 majores
1555 2371 1647 2399 nostri

88 2413 165 2455 pop.
181 2414 275 2445 Rom.
290 2415 400 2455 populi
417 2415 510 2445 fortes
527 2419 560 2444 et
574 2415 727 2455 generosi,
752 2415 805 2456 qui
830 2414 849 2444 ῑῖ

88 2456 252 2497 conjuratis
264 2458 366 2488 vocati
383 2463 465 2488 sunt.

132 2499 182 2530 lb.
215 2500 429 2541 Transalpini]
485 2499 525 2530 In
559 2499 702 2530 ulteriore
743 2498 848 2529 Gallia

89 2541 206 2573 bellum
235 2543 410 2580 dicebatur,
433 2549 465 2574 et
489 2543 637 2573 tumultus
666 2542 698 2572 in
724 2542 847 2572 citerio-

92 2595 146 2616 re:
171 2585 202 2615 in
230 2596 267 2616 eo
297 2586 370 2617 vero
398 2587 503 2617 differt
530 2585 678 2616 tumultus
707 2585 726 2615 εἴ
752 2585 845 2621 bello,

92 2626 177 2668 quod
202 2627 318 2659 bellurn
349 2629 441 2660 latius
472 2629 513 2660 sit
546 2639 672 2667 nomen,
696 2638 754 2658 nec
785 2633 847 2658 tam

95 2680 185 2710 grave
215 2671 307 2710 quam
346 2672 505 2704 turnultus.
564 2672 726 2702 Tumultus
766 2672 847 2701 enini

93 2713 283 2754 perturbatio
310 2720 397 2746 tauta
435 2721 494 2751 est,
520 2720 555 2745 ut
584 2715 725 2745 timorem
755 2713 848 2753 louge

94 2756 260 2786 maximum
276 2757 407 2796 excitet;
433 2759 507 2799 quia
527 2758 576 2790 vel
597 2758 630 2788 in
645 2757 746 2787 Italiae
771 2756 851 2792 sinu,

95 2798 145 2831 vel
170 2799 203 2831 in
219 2798 330 2831 Galliis
352 2799 451 2832 Itanae
474 2801 630 2843 proximis,
650 2799 850 2832 excitabatur.

893 2414 1053 2443 tumultum·
1080 2411 1230 2447 Italicum,
1263 2411 1337 2452 quud
1365 2417 1426 2441 erat
1458 2413 1647 2444 domesticus.-

891 2458 1052 2487 tumultum
1078 2455 1239 2490 Gallicum,
1269 2455 1341 2495 quad
1370 2459 1433 2485 erat
1458 2454 1555 2484 Italiae
1570 2455 1648 2494 fini-

891 2501 998 2536 limus5
1021 2498 1160 2537 praterea
1186 2498 1302 2529 nullum
1332 2498 1493 2528 tumultum
1514 2499 1646 2528 uomina-

889 2543 971 2578 bant,
986 2542 1045 2574 &Q

935 2587 985 2615 19.
1032 2584 1105 2614 Cum
1132 2585 1223 2614 literis
1253 2583 1478 2624 mandatisque]
1535 2581 1648 2622 Legati

891 2627 1094 2667 Allobrogum
1137 2628 1175 2657 ad
1206 2626 1372 2657 Catilinam
1398 2636 1468 2656 cum
1493 2624 1588 2655 literis
1613 2628 1646 2654 et

892 2671 1047 2700 mandatis
1070 2670 1151 2700 missi
1168 2675 1250 2708 sunt,
1267 2671 1378 2710 quibus
1390 2667 1537 2698 videlicet
1552 2667 1647 2708 signi-

893 2713 1053 2749 ficabatur,
1084 2718 1116 2743 ut
1141 2712 1219 2743 fides
1245 2713 1288 2743 eis
1315 2713 1495 2749 haberetur;
1522 2709 1645 2740 Gallice

895 2756 1027 2786 dicimus
1062 2756 1109 2788 des
1138 2756 1232 2787 lettres
1261 2757 1294 2785 de
1336 2755 1474 2792 erenum,-
1514 2753 1647 2797 Anglice

893 2799 1070 2832 credentials.

1280 2853 1305 2880 L
