1790 3090
76 131 160 180 124
741 127 794 161 IN
817 128 1075 163 cArmNAM
1096 129 1164 163 111.

147 207 292 253 silium
312 212 429 249 esset
448 209 655 262 ereptum.
714 205 833 255 Quid
853 206 977 250 vero?
1006 212 1055 248 ut
1083 204 1279 248 homines
1309 202 1438 255 Galli,
1459 215 1513 247 ex
1533 202 1713 246 civitate

146 265 257 307 male
275 263 445 321 pacata,
469 277 565 319 quae
588 276 693 318 gens
724 278 808 306 una
833 271 964 306 restat
995 278 1091 320 quae
1118 263 1278 320 populo
1307 262 1434 304 Rom.
1462 262 1621 303 bellum
1647 260 1709 301 fa-

72 322 129 363 90
148 337 244 364 cere
265 328 309 363 et
328 334 454 377 posse
476 326 520 361 et
539 333 627 360 non
647 320 759 361 nolle
783 321 988 373 videatur,
1025 335 1147 377 spem
1173 320 1352 375 imperii,
1384 325 1427 360 et
1454 333 1593 360 rerum
1620 331 1710 359 am-

144 379 432 436 plissimarum
453 374 563 417 ultro
585 375 667 417 sibi
685 375 710 417 a
723 378 914 433 patriciis
935 377 1182 419 hominibus
1205 378 1408 426 oblatam,
1426 375 1708 432 negligerent,

144 442 416 491 vestramque
433 433 615 475 salutem
632 432 719 474 suis
739 434 892 489 opibus
909 440 1236 490 anteponerent3
1269 434 1314 475 id
1330 448 1492 475 non-ne
1506 429 1710 474 divinitus

144 493 307 534 factum
323 505 417 533 esse
437 489 623 547 putatis?
654 491 890 546 praesertim
906 491 980 547 qui
992 505 1085 542 nos,
1103 504 1191 532 non
1206 491 1456 547 pugnando,
1478 489 1556 532 sed
1568 495 1711 531 tacen-

149 550 223 603 do,
244 562 442 606 superare
463 553 711 604 potuerunt.

188 721 242 752 88,
268 718 313 750 Ex
333 721 448 750 civitate
469 718 545 750 mal&
565 717 697 759 pacata]

145 763 289 794 habuisse
304 763 472 798 civitatem,
498 773 566 803 quae
592 761 798 802 Allobrogum
822 762 904 793 dice·
951 763 1037 804 gicus
1054 762 1156 792 dictus
1172 766 1229 792 est.

145 812 246 844 retur3
271 817 339 847 quae
366 806 445 836 male
470 811 582 846 pacata
610 804 796 845 appellatur,
821 806 906 845 quod
995 809 1047 837 91.
1071 805 1097 835 A
1123 804 1279 845 patriciis-J
1329 804 1467 842 Quidam
1491 808 1579 836 erant
1601 802 1618 834 ὲ
1641 811 1716 833 con-

146 849 361 880 rnolestissime
389 849 504 880 ferrent
526 848 690 890 imperium
715 859 790 890 pop.
812 848 907 882 Rom.
947 848 1059 890 juratis
1075 849 1212 890 patricii.

753 717 907 750 Videntur
951 729 988 750 ex
1004 729 1066 761 quo
1081 718 1157 749 victi
1172 723 1244 749 sunt
1258 717 1277 750 a
1298 718 1341 756 Q.
1358 717 1467 756 Fabio,
1490 718 1546 759 qui
1567 716 1714 748 Allobro-

788 1047 1066 1081 PERORATIO.

202 1147 258 1189 V.
291 1147 595 1198 Quamobrem,
626 1146 833 1199 Quirites,
874 1147 1078 1204 quoniam
1108 1147 1164 1190 ad
1195 1147 1339 1189 omnia
1357 1145 1597 1204 pulvinaria
1616 1160 1714 1203 sup-

145 1205 323 1261 plicatio
358 1205 530 1247 decreta
564 1210 645 1254 est,
685 1205 948 1246 celebratote
982 1205 1080 1246 illos
1109 1204 1201 1247 dies
1238 1220 1337 1247 cum
1370 1204 1626 1260 conjugibus
1662 1218 1715 1245 ac

144 1262 292 1304 liberis
344 1262 510 1304 vestris.
590 1262 705 1302 Nam
750 1261 874 1302 multi
922 1261 1036 1318 saepe
1089 1263 1274 1304 honores
1327 1261 1409 1303 diis
1464 1260 1715 1303 immortali-

144 1320 226 1361 bus
260 1319 371 1376 justi
407 1318 546 1359 habiti
585 1325 686 1360 sunt
725 1333 776 1359 ac
817 1318 964 1370 debiti,
1006 1319 1083 1360 sed
1123 1318 1320 1376 profecto
1353 1318 1559 1376 justiores
1609 1332 1717 1359 nun-

71 1384 99 1423 5
146 1391 290 1433 quam.
369 1375 519 1432 Erepti
561 1375 675 1417 enim
715 1374 820 1416 estis
856 1390 909 1417 ex
950 1376 1248 1418 crudelissimo
1287 1391 1340 1418 ac
1374 1375 1611 1418 miserrimo
1652 1374 1716 1416 in-

145 1433 289 1485 teritu,
325 1439 370 1475 et
405 1431 541 1489 erepti
575 1431 667 1474 sine
705 1432 839 1484 caede,
873 1432 967 1474 sine
1000 1434 1221 1488 sanguine,
1254 1432 1348 1475 sine
1379 1432 1584 1484 exercitu,
1619 1429 1714 1474 sine

145 1489 446 1532 dimicatione:
480 1489 634 1545 togati,
668 1503 736 1530 me
769 1504 856 1530 uno
889 1496 1039 1545 togato
1071 1491 1181 1532 duce
1215 1496 1258 1531 et
1286 1490 1558 1545 imperatore,
1585 1487 1716 1541 vicis-e

144 1547 215 1590 tis.
277 1547 452 1588 Etenim
481 1545 780 1593 recordamini,
817 1545 1022 1598 Quirites,
1059 1561 1208 1588 omnes
1233 1546 1380 1588 civiles
1404 1545 1714 1598 dissensiones,

144 1618 285 1660 neque
307 1602 447 1646 solnm
468 1617 540 1644 eas
562 1618 669 1660 quas
691 1601 887 1654 audistis,
923 1604 1000 1645 sed
1028 1610 1072 1645 et
1094 1603 1172 1645 has
1202 1619 1309 1661 quas
1333 1609 1502 1645 vosmet
1519 1602 1604 1660 ipsi
1625 1616 1715 1644 me-

76 1667 128 1710 10
146 1661 332 1703 ministis
354 1667 398 1702 et
416 1659 601 1702 vidistis.
674 1660 721 1700 L.
754 1659 871 1716 Sylla
895 1660 947 1702 P.
978 1659 1217 1716 Sulpicium
1247 1659 1482 1717 oppressit3
1516 1674 1570 1702 ex
1595 1658 1714 1700 Urbe

147 1718 275 1773 ejecit
306 1717 357 1758 C.
386 1717 585 1767 Marium,
620 1717 847 1758 custodem
873 1717 1001 1773 hujus
1031 1716 1179 1759 Urbis:
1221 1718 1468 1773 multosque
1494 1716 1625 1758 fortes
1655 1715 1718 1757 vi-

145 1789 217 1816 ros
242 1773 398 1833 partim
430 1774 562 1831 ejecit
593 1788 645 1815 ex
672 1773 860 1826 civitate,
895 1774 1050 1831 partim
1083 1774 1314 1817 interemit.
1391 1773 1475 1815 Cn.
1507 1769 1718 1816 Octavius

147 1831 252 1875 Cos.
282 1830 412 1875 armis
449 1845 502 1873 ex
534 1829 649 1873 Urbe
682 1830 895 1888 collegam
930 1846 1054 1874 suum
1088 1831 1276 1889 expulit:
1317 1831 1456 1874 omnis
1485 1830 1560 1873 hic
1593 1830 1717 1872 locus

190 2004 222 2034 1.
258 2003 308 2034 Ad
344 2004 439 2034 omnia
469 2002 669 2043 pulvinaria]
730 2002 912 2033 Pulvinaria

147 2051 236 2077 erant
263 2046 335 2077 lecti
363 2046 419 2086 qui
449 2047 665 2076 sternebantur
702 2045 734 2075 in
772 2047 910 2086 templis,

146 2088 218 2119 cum
247 2089 306 2119 diis
346 2089 522 2120 convivium
552 2088 790 2129 apponebatnr3
828 2090 913 2130 quod

147 2132 289 2163 sacrificii
305 2142 403 2173 genus
419 2132 640 2162 lectisternium
658 2132 832 2169 dicebatur,
856 2138 909 2163 aut

147 2175 286 2216 epulum.
323 2174 327 2176 ’

191 2221 222 2249 9.
249 2218 421 2249 Celebratote
433 2218 494 2248 illos
509 2219 594 2258 dies]
632 2217 791 2259 Ibantper
803 2219 910 2249 urbem

147 2261 281 2292 redimiti
307 2261 407 2302 pueri,
434 2267 594 2297 matronae,
626 2261 782 2301 virgines3
818 2273 911 2293 cane-

148 2305 286 2346 bantque
322 2306 456 2347 hymnos
492 2306 681 2346 compositos
716 2305 749 2335 in
784 2305 910 2336 laudern

148 2348 289 2379 deorum.

192 2393 223 2421 4.
246 2390 354 2431 Justi]
397 2389 481 2421 Justi
497 2395 568 2421 sunt
581 2391 712 2421 honores
729 2390 782 2431 qui
796 2401 912 2431 repen-

150 2433 263 2463 duntur
287 2434 346 2463 diis
375 2433 597 2465 immortalibus
626 2444 683 2476 pro
709 2434 846 2475 acceptis
869 2434 909 2464 ab

148 2476 224 2517 ipsis
239 2476 410 2507 beneficiis.

193 2523 246 2550 10.
268 2519 428 2559 Sulpicium
443 2520 605 2561 oppressit]
650 2519 730 2551 Cum
744 2519 839 2561 Syllae
855 2520 909 2550 de-

149 2567 268 2594 cretum
295 2567 376 2593 esset
406 2562 424 2592 ’3,
455 2569 563 2594 senatu
594 2563 710 2594 bellum
739 2563 910 2594 Mithrida-

150 2606 258 2642 ticum,
287 2605 352 2646 egit
375 2604 496 2636 Marius
524 2616 594 2636 cum
620 2606 758 2646 Sulpicio
787 2607 909 2636 tribuno

148 2648 262 2690 plebis,
301 2652 336 2678 ut
372 2659 410 2679 ea
438 2648 496 2678 sibi
519 2649 679 2689 provincia
709 2660 783 2691 pop.
812 2649 909 2681 Rom.

148 2691 301 2733 suffragiis
318 2692 547 2722 decerneretur.
594 2692 683 2734 Sylla
705 2693 840 2729 interim,
869 2693 911 2723 si-

150 2735 270 2766 mulans
307 2734 534 2776 profectionem
574 2736 614 2766 ad
654 2735 783 2773 bellum,
824 2746 911 2767 exer-

149 2778 246 2810 citum
271 2776 409 2810 Romam
436 2778 609 2817 convertit3
635 2785 754 2821 pugnat
775 2779 808 2811 in
825 2779 911 2812 Urbe

954 2014 1025 2034 curn
1048 2003 1154 2034 Mario
1178 2007 1210 2033 et
1231 2001 1392 2044 Sulpici0;
1422 2001 1581 2043 Sulpicius
1602 2001 1718 2032 occidi-

956 2052 1016 2085 tur,
1040 2052 1072 2077 et
1095 2046 1216 2077 Marius
1245 2046 1326 2086 sugit
1345 2046 1377 2076 in
1400 2044 1552 2077 Africam.
1593 2044 1718 2086 Appia-

956 2100 1026 2126 nus,
1048 2089 1102 2119 lib.
1120 2093 1149 2120 1.
1165 2088 1238 2120 bell.
1249 2088 1332 2119 civil.

996 2136 1049 2163 11.
1075 2132 1227 2163 Custodem
1239 2132 1327 2171 hujus
1340 2130 1446 2172 urbis]
1494 2130 1578 2162 Vere
1592 2130 1716 2162 Marius

953 2176 1048 2206 Urbis
1074 2175 1186 2205 Romae
1209 2180 1312 2206 custos
1338 2175 1410 2211 fuit,
1435 2179 1564 2216 propter
1587 2174 1714 2205 confec-

953 2224 1019 2249 tum
1043 2218 1062 2248 a
1084 2228 1116 2248 se
1138 2218 1255 2249 bellum
1281 2218 1482 2249 Cimbricum.
1527 2217 1560 2248 Is
1578 2217 1714 2258 Arpinas

955 2267 988 2292 et
1012 2261 1172 2292 Ciceronis
1198 2261 1356 2303 popularis
1379 2261 1451 2298 fuit,
1472 2271 1568 2302 quem
1590 2270 1714 2302 semper

951 2305 1072 2336 laudat.

998 2351 1049 2379 12.
1075 2347 1129 2378 Gn.
1148 2347 1310 2388 Octavius]
1356 2346 1416 2378 Cn.
1439 2345 1590 2378 Octavius
1605 2345 1716 2376 habuit

952 2391 1106 2432 collegam
1144 2391 1324 2423 Cornelium
1359 2390 1505 2422 Cinnam.
1563 2388 1714 2419 Octavius

952 2440 1056 2475 partes
1081 2434 1176 2476 Syllae
1200 2439 1326 2466 secutus
1351 2438 1409 2466 est.
1453 2432 1585 2473 Expulit
1605 2436 1709 2463 autem

953 2477 1086 2508 Cinnam
1117 2483 1245 2518 propter
1272 2477 1358 2517 leges
1388 2477 1539 2518 quasdam
1569 2474 1711 2516 Reipub.

953 2521 1154 2561 perniciosas,
1190 2531 1268 2562 quas
1302 2520 1454 2550 Octavius
1490 2518 1563 2550 ferri
1599 2518 1711 2550 noluit.

953 2564 1005 2594 Sic
1029 2563 1187 2605 expulsus,
1216 2562 1378 2595 consulatu
1403 2561 1565 2592 abdicatus
1595 2566 1653 2598 est,
1679 2566 1713 2592 et

952 2607 1048 2637 hostis
1078 2606 1184 2648 patriae
1203 2606 1373 2648 judicatus.
1425 2605 1558 2642 Marius,
1583 2605 1709 2635 rediens

952 2660 990 2680 ex
1013 2649 1132 2686 Africa,
1161 2660 1232 2681 cum
1262 2648 1363 2680 Cinna
1384 2659 1418 2680 se
1432 2648 1614 2689 conjungit:
1643 2647 1712 2678 Ro-

954 2704 1037 2723 mam
1070 2693 1228 2730 obsident,
1253 2692 1406 2733 capiunt;
1434 2702 1568 2733 eamque
1595 2691 1711 2722 civium

953 2736 1212 2771 nobilissimorum
1239 2735 1391 2778 sanguine
1422 2741 1456 2769 et
1490 2734 1630 2774 caedibus
1661 2744 1712 2766 re-

952 2780 1055 2821 plent-
