1790 3090
74 149 164 199 410

4 1275 11 1292 ‚-

4 1289 113 1343 m

88 1315 147 1359 '230
163 1320 214 1358 ut
248 1314 322 1365 ait,
354 1312 572 1369 pervenire
605 1326 693 1353 non
728 1310 883 1366 potuit.

94 1604 149 1646 55
168 1599 295 1655 cepit.

763 156 1024 191 PHILIPPICA
1048 157 1095 189 11.

155 234 235 277 Jus
257 234 530 292 postulabas:
563 233 639 276 sed
661 232 764 289 quid
782 234 837 275 ad
853 234 964 276 rem?
994 233 1092 290 plus
1107 232 1178 274 ille
1196 237 1376 290 poterat.
1438 231 1604 295 ltaque,
1623 240 1720 276 gex·

0 293 119 355 etei&
158 293 298 335 cussis
321 292 406 334 tuis
423 286 617 342 vocibus,
640 297 683 332 et
702 290 756 354 ari
777 296 818 332 te
841 297 885 333 et
905 291 959 331 ad
976 290 1253 359 Pl'aedffiyms
1273 290 1430 353 rnilites
1447 289 1583 330 misit:
1606 289 1717 367 cum}

79 355 106 385 el
157 348 334 406 repente
370 349 396 390 a
428 354 470 389 te
501 348 706 404 praeclara
736 346 808 388 1ll'a
837 348 986 389 tabula
1015 346 1196 402 prolata,
1225 361 1298 402 qul
1329 361 1437 388 risus
1468 345 1714 387 hominum·

158 412 324 447 tantam
346 419 440 446 esse
462 405 667 453 tabulam,
701 410 789 444 tam
821 404 973 454 varias,
1015 410 1103 444 tam
1132 405 1287 444 multas
1318 402 1632 460 possessiones,
1664 417 1716 444 ex

159 526 242 570 tur,
263 523 414 575 posset
444 533 569 559 suurn
600 517 759 559 dicere.

86 466 141 506 35
160 462 332 518 quibus,
354 467 506 516 praeter
525 467 689 517 partem
706 460 882 505 Miseni,
904 459 1012 500 nihil
1033 466 1135 512 erat,
1153 460 1269 516 quod
1289 460 1341 511 is,
1359 460 1432 515 qui
1455 459 1720 501 auctionare-

819 516 1048 558 Auctiouis
1071 515 1169 557 verb
1189 516 1446 557 miserabilis
1468 516 1718 572 adspectus:

158 575 291 617 vestis
323 574 519 631 Pompeii
550 589 637 616 non
667 575 815 624 multa,
853 588 988 629 eaque
1019 572 1266 618 maculosa:
1308 574 1501 629 ejusdem
1521 572 1719 629 quaedam

161 638 364 688 argentea
385 646 488 672 vasa
507 631 697 681 ¹¹collisa‚
730 630 951 671 sordidata
978 629 1217 686 mancipia3
1250 635 1297 670 ut
1327 630 1581 682 doleremus,
1601 629 1723 686 quid-

161 704 291 746 quam
311 703 405 730 esse
427 703 479 730 ex
500 688 587 729 illis
607 687 815 744 reliquiis,
835 688 952 743 quod
973 686 1115 727 videre
1136 700 1374 742 possemus.

87 747 144 788 40
163 745 409 787 auctionem
447 745 638 786 haeredes
680 745 724 785 L.
760 743 927 795 Rubrii,

10 815 142 859 (μω
162 803 382 844 iHaerebat
408 803 590 843 nebulo:
623 800 708 856 qui)
729 816 774 841 se
795 806 992 851 verteret,
1012 815 1099 851 non
1120 800 1320 842 habebat.

1434 686 1559 728 Hanc
1579 692 1723 728 tamen

968 744 1139 785 decreto
1181 743 1365 784 Caesaris
1399 743 1724 799 prohibuerunt.

1382 800 1512 853 Quin,
1533 800 1599 840 his
1619 799 1723 856 ipsis

162 859 443 915 temporibus,
476 858 593 899 domi
615 857 796 898 Caesaris
817 871 1055 912 percussor,
1090 857 1143 897 ab
1176 857 1259 897 isto
1290 857 1460 906 missus,
1492 857 1726 913 deprehen-

164 931 236 957 sus
269 915 494 956 dicebatur
525 929 620 955 esse
652 928 752 954 cum
783 913 896 954 sic-21:
937 914 990 954 de
1021 928 1106 969 quo
1135 913 1278 955 Caesar
1307 914 1352 954 in
1382 920 1547 966 senatu,
1578 911 1725 969 aperte

164 972 208 1012 in
235 978 278 1013 te
309 971 532 1022 invehens,
553 976 733 1026 questus
765 976 845 1010 est.

905 969 1203 1010 Proficiscitur
1223 970 1268 1011 in
1289 970 1544 1026 Hispaniam
1567 969 1726 1022 Caesar,

89 1031 144 1073 45
163 1027 313 1086 paucis
353 1027 434 1069 tibi
455 1028 509 1069 ad
550 1026 825 1077 solvendum,
865 1031 1039 1082 propter
1079 1025 1270 1081 inopiam
1307 1032 1438 1077 tuam,
1479 1027 1721 1082 prorogatis
1782 1024 1787 1044 ⁵

165 1085 330 1128 diebus.
391 1085 457 1126 Ne
480 1091 570 1126 tum
600 1083 774 1140 quidem
805 1082 1020 1139 sequeris:
1053 1088 1140 1123 tam
1168 1082 1307 1123 bonus
1339 1082 1552 1139 gladiator
1579 1083 1729 1125 rudem

163 1150 253 1184 tam
289 1141 374 1183 cito
410 1141 650 1198 accepisti?
711 1140 841 1181 Hunc
876 1139 1007 1193 igitur
1045 1139 1286 1195 quisquam,
1324 1139 1398 1194 qui
1434 1139 1480 1180 in
1511 1139 1599 1181 suis
1633 1154 1728 1197 par-

163 1257 264 1299 cat?

32 1218 36 1226 ¹
162 1199 296 1251 tibus,
329 1198 374 1240 id
410 1205 490 1250 est,
530 1198 575 1239 in
604 1197 718 1238 ksuis
754 1196 953 1247 fortunis,
993 1203 1082 1237 tam
1120 1196 1295 1237 timidus
1329 1196 1472 1248 fuerit,
1510 1196 1731 1252 pertimes-

328 1255 554 1297 Profectus
585 1262 651 1296 est
682 1254 856 1295 tandem
888 1253 1120 1308 aliquando
1145 1252 1188 1293 in
1210 1252 1486 1309 Hispaniam3
1518 1253 1596 1295 sed
1615 1253 1730 1306 tuto,

944 1310 1143 1358 Quonam
1175 1310 1303 1351 modo
1340 1310 1471 1367 igitur
1503 1310 1732 1353 Dolabella

165 1370 388 1429 pervenit?
421 1370 512 1410 Aut
526 1384 612 1411 non
630 1367 905 1424 suscipienda
924 1366 1006 1408 fuit
1027 1367 1111 1408 ista
1132 1382 1277 1419 causa,
1300 1366 1490 1420 Antoni;
1521 1375 1609 1420 aut,
1625 1367 1731 1410 cum

165 1427 449 1484 suscepisses,
482 1425 754 1468 defendenda
788 1439 925 1480 usque
957 1424 1009 1465 ad
1042 1430 1294 1465 extremum.
1354 1424 1436 1465 Ter
1465 1424 1732 1481 depugnavit

169 1485 315 1526 Caesar
349 1499 448 1525 cum
478 1483 673 1531 civibus:,
714 1481 758 1522 in
785 1480 1022 1532 Thessalia,
1058 1481 1222 1533 Africa,
1259 1480 1496 1538 Hispania:
1532 1481 1733 1524 omnibus

167 1541 293 1584 affuit
328 1541 394 1582 his
430 1540 587 1596 pugnis
624 1539 881 1589 Dolabella3
923 1537 968 1578 in
1002 1537 1284 1594 Hispaniensi
1319 1538 1448 1579 etiam
1478 1539 1630 1580 vulnus
1665 1553 1734 1581 ac-

357 1597 403 1639 Si
424 1598 476 1639 de
499 1612 595 1639 meo
610 1595 777 1653 judicio
799 1594 969 1652 quaeris,
986 1595 1172 1647 nollem3
1205 1595 1280 1637 sed
1296 1601 1442 1637 tamen
1458 1595 1684 1637 consilium
1706 1595 1733 1637 a

168 1735 460 1775 geoeamz'natis.
505 1732 698 1776 hattrita.
745 1731 999 1775 ³dzcbitabat.
1045 1732 1253 1787 kquorum
1269 1737 1364 1774 erat
1377 1731 1498 1788 justa
1511 1733 1734 1786 possessio.

210 1906 263 1936 31.
287 1903 341 1934 Jus
363 1904 553 1946 postulabas]
597 1903 712 1939 Itonia,
729 1904 818 1946 quasi
839 1914 928 1946 aequa

169 1953 201 1979 et
216 1948 273 1978 sibi
289 1948 396 1978 debita
412 1948 582 1988 postularet
595 1948 761 1978 Antonius.

212 1993 264 2021 32.
296 1990 337 2020 Et
359 1991 397 2020 ad
421 1990 554 2030 praedes]
602 1990 729 2020 Praedes
744 1990 776 2020 in
792 2001 822 2020 re
839 2000 929 2019 num-

169 2033 265 2063 maria
280 2032 488 2073 appellantur,
504 2035 558 2074 qui
573 2034 667 2064 vades
689 2034 723 2063 in
746 2044 777 2063 re
802 2032 929 2074 capitali

169 2087 332 2118 sponsores
347 2075 501 2106 dicuntur.

211 2121 265 2150 33.
299 2118 448 2149 Ρνιεεῖανίι
472 2118 599 2160 tabum]
643 2118 795 2149 Tabulam
818 2116 930 2148 intelli-

170 2162 215 2202 git
239 2163 387 2192 bonorum
412 2161 566 2202 Pompeii,
582 2172 675 2202 quani
701 2161 814 2191 obtulit
828 2161 929 2192 Anto-

168 2206 250 2241 nius,
266 2210 300 2235 ut
316 2206 447 2245 pretium
464 2205 608 2235 sectionis
623 2205 815 2235 dissolveret.

212 2250 265 2278 35.
298 2248 410 2279 Praeler
429 2254 546 2288 partem
570 2247 704 2288 Miseni]
739 2247 792 2278 De
815 2247 874 2278 hac
897 2258 929 2278 re

169 2290 320 2332 superius.

211 2337 265 2364 40.
298 2334 433 2364 Haeredes
458 2333 495 2364 L.
520 2333 655 2374 Rubrii]
702 2333 754 2364 Illi
776 2334 929 2369 haeredes,

165 2377 294 2407 decreto
310 2377 439 2408 Caesaris
456 2378 649 2417 interposite,
666 2377 839 2407 auctionem
856 2387 926 2417 pro-

165 2420 342 2456 hibuerunt,
357 2421 430 2461 quia
446 2419 601 2450 Antonius
620 2421 701 2450 bona
716 2430 820 2450 eorum
836 2430 926 2450 acce-

191 2467 267 2494 erat.

165 2473 188 2504 P
211 2508 264 2535 41.
302 2505 438 2546 Nebula]
483 2505 529 2535 Ex
550 2505 702 2546 Pompeio
729 2505 841 2535 Festo:
865 2503 927 2533 Ne·

166 2549 233 2578 bulo
246 2555 296 2585 est,
318 2550 366 2588 qui
388 2559 443 2578 non
464 2549 560 2587 pluris
572 2555 612 2579 est
625 2558 709 2588 quam
723 2549 848 2584 nebula;
872 2555 926 2578 aut

165 2593 216 2632 qui
238 2602 294 2622 non
310 2591 407 2632 facil&
426 2592 546 2631 perspici
567 2597 668 2631 potest,
691 2592 784 2630 qualis
805 2592 853 2626 sit,
876 2601 926 2621 ue-

166 2645 264 2675 quam,
280 2641 307 2665 et
322 2641 458 2675 nugatur.
473 2641 478 2646 ”
501 2645 503 2647 ·

209 2678 258 2708 Ib.
283 2677 357 2718 Ipsis
369 2676 562 2717 temporibus]
596 2676 716 2713 Quibus
731 2676 844 2717 nempe
858 2677 923 2709 haec

165 2721 269 2752 auctio
283 2721 390 2751 fiebat.

208 2767 262 2794 42.
295 2764 341 2804 Ab
355 2766 407 2794 isto
421 2763 547 2804 missua]
591 2761 644 2794 Ab
656 2762 805 2793 Antonio.

209 2809 262 2838 44.
309 2806 506 2847 Prrficiscitur
534 2808 566 2837 in
596 2805 799 2847 Hispaniam]
841 2806 926 2839 Con-

970 1904 1052 1934 fecto
1076 1903 1157 1935 bello
1179 1903 1337 1939 Africano,
1366 1901 1520 1944 profectus
1555 1906 1602 1933 est
1629 1902 1736 1934 Caesar

972 1947 1004 1976 in
1021 1947 1217 1988 Hispaniam,
1242 1947 1295 1977 ubi
1314 1946 1392 1976 filius
1409 1946 1552 1987 Pompeii
1572 1946 1733 1986 ingentem

972 1991 1148 2020 confecerat
1170 1990 1349 2026 exercitum,
1365 1994 1399 2019 ut
1415 1989 1510 2029 patris
1533 1996 1661 2019 mortem
1684 1989 1733 2020 ul-

973 2038 1151 2063 eisceretur.

1016 2076 1069 2106 46.
1095 2076 1122 2106 T
1119 2087 1166 2105 am
1187 2076 1276 2107 bonus
1296 2073 1474 2116 gladiatam-J
1520 2074 1624 2106 Vocat
1634 2074 1735 2106 Anto-

974 2118 1060 2149 nium
1085 2119 1299 2159 gladiatorem,
1324 2118 1396 2159 quia
1420 2117 1530 2149 civium
1552 2118 1734 2159 sanguinem

972 2161 1006 2192 in
1024 2162 1105 2192 bello
1118 2161 1200 2192 civili
1215 2161 1378 2193 effuderat.

1016 2205 1064 2236 Ib.
1109 2205 1222 2235 Rudem
1252 2211 1311 2236 tam
1339 2203 1395 2240 cit&
1425 2202 1581 2243 accepisti]
1629 2201 1734 2237 Rudis

973 2248 1121 2278 feminino
1136 2258 1249 2288 genere
1265 2245 1351 2288 virga
1373 2251 1431 2283 est,
1451 2246 1514 2287 qua
1535 2247 1643 2277 donati
1665 2247 1734 2288 gla-

974 2291 1108 2321 diatores
1122 2291 1241 2321 emeriti
1254 2296 1359 2328 erant3
1381 2300 1484 2332 neque
1499 2289 1647 2331 deinceps
1661 2289 1732 2331 cogi

975 2334 1014 2364 ad
1033 2334 1173 2374 proeliuru
1189 2338 1344 2375 poterant.

1013 2378 1066 2407 51.
1092 2377 1152 2408 Ista
1166 2378 1281 2418 causa]
1328 2375 1458 2408 Caesaris
1470 2375 1626 2406 videlicet.

1012 2422 1064 2452 52.
1091 2420 1141 2451 Ter
1164 2421 1344 2461 depugnavit
1367 2418 1488 2459 Caesar]
1531 2416 1636 2450 Primo
1653 2428 1732 2459 pug-

971 2464 1057 2493 navit
1079 2464 1110 2495 in
1126 2463 1286 2493 Thessalia
1306 2473 1375 2493 cum
1393 2461 1546 2502 Pompeio
1567 2460 1607 2491 ad
1632 2460 1731 2492 Phar.

971 2506 1070 2536 salum
1079 2517 1092 2543 v;
1114 2507 1145 2538 iu
1161 2506 1269 2536 Africa
1290 2517 1360 2537 cum
1382 2504 1528 2545 Scipione
1544 2509 1576 2534 et
1590 2502 1673 2534 Juba
1689 2506 1731 2536 ad

970 2548 1146 2588 Thapsum:
1164 2550 1197 2579 in
1211 2548 1367 2590 Hispania
1382 2558 1451 2579 cum
1467 2546 1569 2578 liberis
1583 2546 1729 2588 Pompeii

969 2592 1009 2621 ad
1027 2591 1195 2622 Mundam.

1011 2635 1064 2665 54.
1102 2634 1140 2665 In
1170 2634 1356 2674 Hispaniensi
1379 2634 1498 2675 etiam]
1551 2632 1606 2672 A,d
1633 2631 1730 2665 Mun-

969 2677 1039 2708 dam
1055 2677 1206 2718 oppidum
1221 2677 1395 2708 vulneratus
1416 2682 1464 2708 est
1479 2665 1661 2714 Dolabella
1685 2681 1728 2712 et.

969 2721 1140 2761 desperatis
1155 2720 1218 2751 fere
1233 2721 1336 2756 rebus,
1351 2721 1392 2750 de
1407 2725 1504 2752 morte
1519 2719 1578 2752 sibi
1590 2718 1727 2751 violenta

969 2763 1131 2796 afferenda
1148 2762 1252 2795 Caesar
1266 2762 1426 2805 cogitavit.
