1759 2997
54 121 148 177 5063
699 120 762 153 DE
783 118 1013 155 AMICITlA.

64 214 172 250 rum,
192 198 477 248 voluntatum,
508 193 599 237 sine
621 195 710 237 ulla
732 196 1004 253 exceptione,
1026 194 1331 246 communitas3
1361 199 1424 246 ut,
1445 194 1574 237 etiam
1594 194 1631 238 si

67 255 153 313 qua
172 256 344 297 fortuna
365 253 584 304 acciderit,
616 259 664 293 ut
694 252 834 294 minus
850 254 981 309 justae
1002 253 1238 294 amicorum
1253 253 1496 294 voluntates
1513 252 1632 308 adju-

66 313 219 354 vandae
239 312 339 362 sint,
369 311 414 351 in
435 309 593 365 quibus
610 324 753 350 eorum
776 317 850 351 aut
875 316 1006 366 caput
1041 316 1203 365 agatur,
1235 315 1309 350 aut
1344 309 1470 359 fama,
1502 308 1636 350 decli-

65 370 256 411 nandum
276 368 332 408 sit
353 367 406 408 de
426 366 510 418 visi,
530 365 659 407 modo
679 381 732 407 ne
754 380 920 407 summa
939 366 1157 422 turpitudo
1180 372 1394 421 sequatur.
1424 364 1506 406 Est
1522 364 1634 406 enim

66 433 279 482 quatenus
296 424 495 465 amicitiae
513 423 603 463 dari
619 422 741 464 venia
761 423 912 478 possit:
935 437 1015 464 nec
1031 422 1129 464 verb
1145 422 1403 479 negligenda
1415 429 1481 463 est
1497 422 1632 463 fama:

65 495 148 523 nec
179 481 394 523 mediocre
423 481 555 521 telum
585 480 638 520 ad
669 494 736 520 res
768 479 976 535 gerendas
998 479 1242 521 existimare
1263 485 1434 535 oportet
1449 479 1634 520 benevo-

65 538 244 580 lentiam
260 537 435 588 civium3
468 551 598 592 quam
614 535 837 577 blanditiis
855 542 899 577 et
914 536 1173 577 assentando
1187 535 1390 592 colligere
1407 543 1529 591 turpe
1547 541 1632 576 est:

65 596 214 644 virtus,
236 609 364 651 quam
392 593 584 649 sequitur
605 592 773 644 caritas,
795 592 968 633 minime
987 592 1252 648 repudianda
1273 599 1351 634 est.
1413 591 1499 633 Sed
1521 606 1634 647 saepe

67 652 247 704 (etenim
269 652 396 692 redeo
419 652 473 691 acl
492 649 752 705 Scipionem,
775 650 898 705 cujus
920 649 1057 690 omnis
1079 664 1216 690 sermo
1240 655 1330 690 erat
1349 649 1402 690 de
1423 647 1632 699 amicitia)

66 709 335 765 querebatur,
345 707 462 763 qubd
477 707 676 748 omnibus
690 707 732 746 in
747 705 1075 747 rebushomines
1085 705 1380 761 diligentiores
1389 711 1554 756 essent3
1571 711 1635 753 ut,

67 780 219 821 capras
239 771 283 806 et
303 779 403 805 oves
427 770 533 819 quot
553 763 735 819 quisque
766 762 955 813 haberet,
977 762 1119 804 dicere
1140 769 1313 818 posset3
1344 762 1506 803 amicos
1528 768 1635 817 quot

65 822 258 871 haberet,
287 835 373 861 non
402 827 552 875 posset
578 820 744 870 dicere3
776 826 819 860 et
840 819 883 859 in
903 819 989 860 illis
1011 818 1185 875 quidem
1208 819 1407 875 parandis
1429 818 1633 860 adhibere

65 892 227 928 curam,
262 876 308 917 in
342 876 492 917 amicis
526 875 738 931 eligendis
769 875 1040 931 negligentes
1069 890 1189 927 esse;
1220 890 1301 917 nec
1329 876 1484 917 habere
1508 874 1633 931 quasi

65 934 190 989 signa
202 933 400 989 quaedam
417 939 460 973 et
471 938 610 983 notas,
628 931 782 987 quibus
797 945 886 982 eOS‚
901 931 973 986 qui
988 932 1042 972 ad
1057 931 1289 972 amicitiam
1310 938 1454 973 essent
1473 932 1633 982 idonei,

59 991 320 1046 judicarent.
380 989 491 1030 Sunt
510 988 641 1044 igitur
661 987 784 1039 firmi,
806 993 849 1028 et
870 987 1060 1038 stabiles,
1082 995 1126 1029 et
1143 994 1408 1040 constantes,
1426 988 1633 1044 eligendi3

62 1048 183 1103 cujus
206 1046 371 1102 generis
389 1052 455 1087 est
475 1059 631 1100 magna
650 1044 843 1101 penuria:
873 1050 916 1085 et
931 1044 1127 1099 judicare
1144 1044 1316 1085 difficile
1334 1052 1401 1086 est
1416 1044 1533 1096 sane,
1550 1044 1632 1085 nisi

62 1109 316 1159 expertum,
339 1102 645 1159 experiendum
665 1108 809 1142 autem
830 1107 896 1141 est
915 1100 959 1141 in
980 1100 1076 1156 ipsa
1092 1100 1304 1142 amicitia:
1335 1100 1396 1142 ita
1415 1101 1634 1156 praecurrit

62 1160 256 1202 amicitia
288 1159 515 1215 judicium,
552 1158 750 1214 tollitque
782 1157 1028 1213 experiendi
1060 1163 1333 1213 potestatem.
1394 1157 1476 1199 Est
1503 1158 1634 1214 igitur

59 1216 300 1274 prudentis,
320 1216 545 1264 sustinere,
560 1221 609 1256 ut
629 1229 810 1264 currum,
846 1213 910 1255 sic
941 1214 1150 1269 impetum
1180 1214 1514 1266 benevolentiae3
1545 1229 1632 1271 quo

60 1281 246 1326 utamur,
265 1273 387 1330 quasi
409 1273 530 1329 equis
551 1271 744 1322 tentatis,
762 1271 825 1312 sic
841 1270 1058 1322 amicitiis,
1075 1271 1223 1327 aliqua
1239 1277 1358 1327 parte
1380 1271 1631 1327 periclitatis

59 1331 251 1373 moribus
287 1330 534 1372 amicorum.
594 1328 782 1376 Quidam
802 1343 914 1384 saepe
942 1328 985 1368 in
1008 1327 1139 1384 parva
1161 1327 1347 1384 pecunia
1367 1328 1633 1385 perspiciun-

59 1394 143 1440 tur,
181 1390 309 1445 quam
344 1387 432 1428 sint
460 1387 601 1438 leves;
637 1385 829 1442 quidam,
861 1399 969 1441 quos
999 1399 1129 1441 parva
1159 1399 1328 1426 movere
1358 1399 1443 1426 non
1475 1385 1632 1441 potuit,

60 1452 385 1499 cognoscuntur
406 1443 450 1483 in
471 1441 651 1498 magna:
685 1442 750 1483 sin
777 1443 876 1483 vero
897 1450 1021 1483 erunt
1041 1441 1174 1497 aliqui
1195 1441 1364 1497 reperti,
1395 1441 1470 1498 qui
1499 1456 1631 1498 pecu-

58 1501 176 1542 niam
205 1501 401 1557 praeferre
432 1499 632 1540 amicitiae
664 1498 884 1540 sordidum
915 1497 1186 1549 existiment3
1230 1498 1305 1539 ubi
1335 1512 1410 1540 eos
1443 1498 1631 1540 invenie-

59 1573 171 1608 mus,
205 1557 278 1614 qui
308 1558 507 1607 honores,
538 1556 828 1612 magistratus,
859 1555 1048 1611 imperia,
1080 1560 1336 1610 potestates,
1365 1569 1484 1611 opes,
1526 1555 1632 1597 ami-

59 1614 175 1656 citiae
195 1629 283 1655 non
322 1613 615 1669 anteponent?
662 1619 721 1662 ut,
759 1611 857 1654 cum
888 1627 940 1653 ex
971 1612 1108 1653 alter-22
1138 1619 1257 1668 parte
1288 1613 1506 1669 proposita
1536 1611 1631 1653 haec

59 1670 162 1722 sint,
194 1686 247 1712 ex
276 1670 413 1712 altera
437 1671 510 1726 jus
542 1669 757 1721 amicitiae,
789 1683 876 1710 non
902 1669 1037 1710 multo
1065 1668 1139 1708 illa
1170 1668 1350 1709 malint?
1409 1668 1633 1710 Imbecilla.

59 1727 175 1769 enim
204 1734 357 1769 natura
388 1734 454 1768 est
483 1726 538 1767 ad
569 1726 928 1768 contemnendam
958 1725 1220 1781 potentiam3
1266 1739 1395 1780 quam
1432 1724 1561 1766 etiam
1592 1725 1629 1766 si

55 1784 261 1839 neglecta
292 1782 484 1824 amicitia
514 1782 739 1824 consecuti
770 1790 883 1833 sunt,
916 1788 1168 1822 excusatum
1199 1781 1247 1821 iri
1280 1796 1326 1822 se
1357 1781 1629 1833 arbitrantur,

57 1842 160 1896 quia
179 1855 265 1881 non
287 1840 377 1881 sine
399 1839 556 1895 magna
585 1838 718 1880 causa
750 1839 806 1878 sit
840 1839 1041 1894 neglecta
1071 1837 1275 1878 amicitia.
1336 1837 1488 1893 Itaque
1518 1853 1628 1879 verae

56 1896 262 1938 amicitiae
293 1895 543 1937 difficillime
578 1895 843 1951 reperiuntur
877 1894 922 1935 in
955 1894 1008 1934 iis
1044 1894 1117 1949 qui
1153 1894 1197 1934 in
1231 1894 1467 1935 honoribus
1498 1909 1628 1950 reque

54 1953 232 2010 publica
264 1959 508 1995 versantur:
542 1952 616 1993 ubi
651 1951 765 1992 enim
782 1951 913 1992 istum
935 1951 1141 2001 invenias,
1177 1950 1250 2006 qui
1271 1950 1478 1991 honorem
1498 1951 1628 1992 amici

56 2016 292 2065 anteponat
312 2009 419 2051 suo?
452 2008 595 2057 Quid?
627 2008 719 2049 haec
740 2014 789 2048 ut
809 2007 1018 2057 omittam,
1042 2006 1171 2063 quam
1195 2021 1360 2062 graves,
1395 2006 1524 2064 quam
1546 2007 1629 2048 dif-

56 2067 208 2117 ficileS,
245 2066 460 2123 plerisque
496 2065 695 2106 videntur
725 2064 1020 2105 calamitatum
1041 2063 1293 2105 societates!
1326 2064 1380 2105 ad
1411 2079 1519 2119 quas
1539 2079 1627 2107 non

57 2130 126 2166 est
145 2123 271 2165 facile
292 2124 469 2166 inventu
490 2121 564 2179 qui
585 2121 833 2163 descendat.
896 2120 1167 2177 Quamquam
1186 2120 1353 2163 Ennius
1371 2119 1486 2163 recte
1503 2137 1513 2163 :

396 2238 573 2279 Amicus
594 2242 735 2279 certus
753 2238 803 2278 in
822 2250 869 2278 ‘re
887 2235 1054 2278 inec-rt&
1072 2239 1294 2279 cernitur:

55 2355 203 2393 tamen
224 2351 318 2393 haec
338 2351 423 2392 duo
444 2350 632 2392 levitatis
666 2357 710 2392 et
740 2349 999 2391 infirmitatis
1021 2350 1248 2406 plerosque
1269 2349 1558 2401 convincuntg
1588 2349 1626 2391 si

56 2415 132 2449 aut
152 2408 197 2449 in
216 2408 342 2449 bonis
363 2408 490 2449 rebus
507 2414 801 2458 contemnunt,
823 2414 898 2448 aut
917 2406 961 2448 in
980 2407 1103 2448 malis
1125 2407 1339 2449 deserunt.

114 2464 287 2506 XVIII.
319 2464 405 2512 Qui
440 2464 571 2520 igitur
603 2463 781 2519 utraque
809 2463 854 2504 in
888 2478 931 2504 re
965 2478 1152 2519 gravem,
1176 2469 1459 2514 constantem,
1490 2462 1625 2504 stabi-

54 2521 156 2573 lem,
189 2535 235 2563 se
271 2521 315 2562 in
345 2520 535 2562 amicitia
566 2520 828 2577 praestiterit,
859 2520 975 2560 hunc
1007 2534 1059 2561 ex
1079 2520 1266 2563 maxime
1287 2534 1378 2562 raro
1401 2519 1623 2562 hominum

54 2592 209 2634 genere
238 2577 434 2633 judicare
468 2578 688 2628 debemus,
720 2584 764 2618 et
796 2591 918 2633 paene
949 2576 1109 2618 divino.
1186 2577 1520 2618 Firmamentum
1551 2591 1625 2617 au-

52 2641 142 2675 tem
163 2634 409 2676 stabilitatis
432 2634 772 2689 constantiaeque
794 2634 900 2689 ejus,
932 2648 1060 2689 quam
1090 2634 1135 2674 in
1165 2633 1357 2675 amicitia
1377 2633 1622 2689 quaerimus,

49 2691 161 2732 fides
206 2698 295 2733 est:
341 2691 450 2732 nihil
494 2691 606 2732 enim
639 2698 706 2732 est
734 2691 903 2742 stabile,
935 2691 1051 2747 quod
1081 2690 1261 2732 infidum
1291 2697 1370 2731 est.
1447 2689 1622 2746 Simpli-

49 2761 145 2791 cem
165 2748 387 2805 praeterea,
417 2753 461 2792 et
481 2762 749 2792 communem
780 2754 824 2791 et
855 2746 1211 2801 consentientem,
1243 2753 1286 2789 et
1309 2745 1383 2805 qui
1403 2746 1528 2790 rebus
1550 2746 1624 2789 iis-
