1858 3095
678 167 768 201 Pno
793 167 910 201 LEGE
933 167 1145 210 ΜΑΝῙῌΑ.

124 245 248 301 cujus
271 246 458 288 adventu
478 246 572 302 ipso
593 251 721 302 atque
742 246 932 297 nomine,
953 245 1125 287 tametsi
1149 245 1221 287 ille
1243 244 1298 286 ad
1319 243 1579 286 maritimum
1600 245 1688 287 bel-

123 301 212 343 lum
234 304 408 354 venerit,
427 310 571 344 tamen
593 303 779 359 impetus
801 303 992 344 hostium
1013 317 1230 358 repressos
1252 317 1345 344 esse
1368 301 1614 358 intelligunt
1637 317 1688 344 ac

122 360 379 401 retardatos.
436 359 490 400 Hi
511 375 602 411 vos,
622 359 825 416 quoniam
847 358 980 401 libere
999 360 1117 415 loqui
1137 374 1221 401 non
1239 359 1354 411 licet,
1372 357 1501 400 tacite
1518 367 1685 414 rogant,

123 423 171 456 ut
191 431 236 457 se
254 431 437 472 quoque,
457 416 570 458 sicut
587 425 833 458 caeterarum
855 416 1167 473 provinciarum
1189 417 1347 467 socios,
1364 415 1520 471 dignos
1538 415 1686 456 existi-

122 472 262 523 metis,
283 486 463 528 quorum
496 474 675 515 salutem
705 474 778 515 tali
813 473 900 515 viro
933 473 1270 515 commendetis:
1302 480 1430 527 atque
1452 472 1535 513 hoc
1556 472 1684 512 etiam
1707 470 1758 511 15

122 529 259 585 magis
280 528 410 584 quam
431 537 623 582 caeteros,
646 529 765 587 quod
787 530 998 586 ejusmodi
1020 531 1061 571 in
1085 529 1348 585 provinciam
1370 528 1567 570 homines
1587 544 1686 570 cum

121 585 320 642 cimperio
343 586 550 638 misimus,
570 595 630 639 ut,
647 587 776 628 etiam
798 588 833 629 si
855 588 908 629 ab
926 587 1049 628 hoste
1070 587 1318 636 defendant,
1334 594 1477 627 tamen
1495 585 1685 642 ipsorum

119 641 328 683 adventus
348 643 392 684 in
413 645 538 685 urbes
570 645 785 685 sociorum
812 659 898 685 non
920 642 1101 684 multum
1122 643 1174 684 ab
1197 643 1344 684 hostili
1365 641 1684 698 expugnatione

119 697 334 740 differant.

393 700 520 741 Hunc
541 701 774 742 audiebant
794 699 934 752 anteit,
966 714 1082 741 nunc
1103 706 1357 755 praesentem
1378 699 1542 749 vident,
1564 698 1686 740 tant&

119 756 418 812 temperantia,
441 757 562 798 tanta
600 758 942 809 mansuetudine,
962 758 1082 798 tanta
1117 756 1383 798 humanitate
1395 757 1428 804 ¹¹,
1456 763 1502 796 ut
1536 755 1564 796 ii
1587 756 1686 797 bea-
1702 754 1757 794 20

117 812 272 854 tissimi
309 829 404 855 esse
447 814 690 866 videantur,
723 815 835 871 apud
868 829 976 870 quos
1008 814 1080 854 ille
1112 813 1354 855 diutissime
1385 819 1686 854 commoratur.

119 868 277 921 Quare,
299 870 349 922 si,
371 878 541 927 propter
561 871 720 923 socios,
741 871 860 913 nulla
879 871 962 927 ipsi
982 870 1135 926 injuria
1164 870 1370 921 lacessiti,
1389 870 1569 926 majores
1590 884 1685 911 ves-

116 925 171 967 tri
193 941 293 968 cum
312 927 549 979 Antiocho,
572 944 670 970 cum
702 928 922 984 Philippo,
945 943 1044 969 cum
1064 927 1239 978 AEtclis‚
1261 942 1360 969 cum
1388 926 1535 968 Poenis
1568 927 1684 968 bella.

118 992 370 1039 gesserunt3
401 994 562 1041 quanto
581 1000 655 1026 vos
672 985 816 1027 studio
836 985 1052 1035 convenit,
1071 983 1235 1040 injuriis
1253 993 1525 1040 provocatOS,
1543 983 1684 1025 socio-

116 1054 209 1081 rum
222 1042 406 1083 salutem
422 1042 508 1082 una
522 1057 619 1083 cum
635 1043 800 1099 imperii
816 1042 945 1084 vestri
961 1041 1171 1098 dignitate
1189 1041 1434 1090 defendere,
1449 1040 1684 1097 praesertim
1702 1038 1756 1080 25

118 1095 218 1139 cum
239 1099 292 1140 de
313 1098 465 1140 vestris
487 1100 684 1141 maximis
706 1099 990 1160 vectigalibus
1012 1099 1187 1156 agatur!

260 1242 376 1276 ccum
401 1238 567 1277 summci
588 1239 857 1277 auam-itate.

161 1372 212 1401 11.
237 1370 283 1401 Ad
296 1372 476 1401 maritimum
486 1370 619 1411 bellum]
664 1370 780 1411 Ingens
798 1370 878 1410 pira·

116 1417 216 1443 tarum
240 1414 406 1444 multitudo
430 1414 527 1445 effusa
551 1424 607 1455 per
630 1423 713 1443 mare
729 1413 879 1444 conuner-

115 1456 198 1487 cium
214 1467 307 1488 omne
330 1457 537 1498 prohibebat:
562 1458 631 1496 lege
648 1456 786 1487 Gabinia}
807 1456 879 1487 mis-

119 1509 170 1529 sus
185 1505 232 1530 est
255 1505 364 1531 contra
386 1511 439 1531 eos
462 1500 642 1541 Pompeius,
658 1510 736 1540 quos
758 1510 877 1535 omnes,

117 1542 274 1582 trigesimo
299 1549 371 1585 post
392 1543 508 1574 belluni
531 1549 709 1583 susceptum
730 1543 796 1579 die,
814 1548 879 1572 toto

118 1585 195 1616 mari
210 1592 403 1628 persecutus,
418 1597 458 1616 ne
471 1586 533 1616 una
548 1586 677 1627 quidem
693 1596 730 1615 ex
745 1587 806 1616 suis
824 1596 879 1616 na-

118 1628 206 1659 vibus
217 1630 340 1665 amissa,
355 1629 484 1671 expulit.
516 1628 568 1659 De
583 1630 642 1659 hoc
657 1628 740 1658 bello
757 1629 878 1659 Plutar-

118 1672 194 1703 chus
207 1672 240 1703 in
256 1672 320 1703 vita.
335 1672 492 1713 Pompeii.

166 1716 217 1747 12.
262 1715 434 1756 Repressms]
490 1715 607 1746 Hostes
638 1714 670 1744 in
694 1713 772 1744 Asia
794 1719 878 1744 metu

120 1758 266 1799 Pompeii
282 1758 412 1800 repressi
426 1763 507 1788 sunt.

162 1803 217 1834 13.
239 1801 341 1832 Libere*
362 1801 439 1842 loqui
453 1813 511 1832 ‘non
528 1801 623 1844 licen]
667 1801 800 1842 Propter
816 1811 879 1831 me-

119 1849 185 1874 tum
202 1844 393 1886 proconsulis
407 1844 512 1876 Acilii.

160 1890 213 1919 18.
238 1887 347 1918 Hostili
359 1889 570 1929 expugnatione
584 1886 752 1929 differant]
791 1887 879 1917 Ava-

117 1930 217 1961 ritiam
241 1931 342 1972 carpit
365 1931 494 1961 aliorum
517 1931 570 1972 qui
594 1930 676 1960 missi
701 1936 782 1965 sunt,
805 1930 879 1971 quia

119 1983 183 2003 non
214 1979 276 2004 tam
314 1973 503 2015 provinciam
536 1973 622 2004 illam
656 1973 877 2010 defenderunt,

119 2016 213 2057 qua'nn
230 2017 452 2058 exspoliarunt.

164 2061 217 2090 23.
265 2060 338 2090 cum
360 2059 527 2100 Antiocho]
588 2058 668 2091 cum
707 2058 880 2089 Antiochus

118 2113 171 2132 rex
192 2103 292 2144 Syriae
309 2102 435 2133 fecisset
454 2103 634 2133 societatem
657 2112 727 2132 curn
752 2102 881 2140 AEtolis‚

118 2145 302 2185 quibuscum
315 2145 482 2176 foederatas
497 2145 627 2176 Graeciae
641 2144 784 2175 civitates
799 2144 881 2174 bello

119 2189 376 2231 persequebatur,
389 2193 423 2219 et
441 2188 571 2219 maxime
586 2187 817 2230 Lysimachiam
831 2198 882 2218 ur-

1090 1234 1105 1257 d
1120 1234 1271 1291 supple
1287 1237 1537 1289 praeditum.

922 1369 1006 1407 bem,
1021 1380 1114 1410 quani
1139 1371 1325 1410 repetebat:
1348 1371 1482 1411 populus
1499 1370 1594 1401 Rom.
1609 1382 1684 1402 con-

923 1417 968 1441 tra
984 1423 1037 1443 eos
1056 1412 1259 1443 Glabrionem
1274 1413 1367 1443 misit.

966 1455 1015 1485 Ib.
1063 1455 1137 1485 Cum
1151 1455 1314 1496 Philippa]
1359 1455 1527 1497 Philippus
1543 1456 1595 1486 ille
1611 1456 1686 1487 Ma-

922 1498 1062 1528 cedoniae
1092 1509 1144 1529 rex
1179 1499 1248 1537 suit,
1272 1509 1335 1529 non
1366 1499 1492 1540 quidem
1515 1498 1688 1531 Alexandri

924 1546 1035 1581 pater3
1059 1542 1112 1572 sed
1129 1542 1220 1578 alter,
1236 1542 1290 1582 qui
1315 1542 1412 1572 multo
1438 1541 1508 1582 post
1529 1543 1684 1583 regnavit.

925 1584 1029 1614 Causa
1051 1585 1125 1615 belli
1147 1585 1218 1621 suit,
1240 1584 1326 1626 quod
1348 1584 1562 1616 Athenienses
1583 1585 1684 1616 socios

923 1628 1092 1658 obsideret.

966 1670 1015 1702 Ib.
1041 1670 1114 1700 Cum
1137 1670 1262 1711 Poenis]
1317 1669 1397 1702 Cum
1432 1671 1523 1702 Poeni
1560 1671 1684 1702 Messa-

922 1723 1006 1749 nam,
1018 1714 1175 1744 civitatem
1189 1714 1384 1750 foederatam,
1396 1714 1478 1745 sacta
1488 1725 1559 1746 cum
1569 1715 1684 1746 Hiero-

923 1767 963 1787 ne
991 1758 1214 1798 Syracusarum
1239 1762 1373 1798 tyranno
1388 1757 1549 1793 societate,
1563 1768 1687 1799 oppug-

923 1806 1047 1836 natent,
1063 1800 1119 1839 eis,
1136 1800 1244 1841 Appio
1269 1800 1403 1831 Claudio
1428 1801 1520 1837 duce,
1535 1801 1650 1831 bellum
1666 1801 1686 1832 εὶ
1714 1831 1720 1835 ,

925 1842 1077 1873 Romanis
1109 1843 1228 1873 illatum
1252 1849 1318 1881 est3
1358 1844 1440 1874 unde
1464 1845 1594 1885 primum
1617 1844 1686 1874 bel-

922 1886 985 1916 lum
1017 1886 1170 1916 Punicum
1202 1891 1302 1916 ortum
1337 1886 1438 1917 duxit.
1498 1887 1685 1918 observabis

922 1935 1026 1959 autem
1049 1930 1134 1970 quod
1158 1928 1209 1959 hic
1237 1930 1314 1959 ordo
1342 1935 1517 1970 temporum
1543 1930 1561 1960 ὲ
1591 1930 1684 1962 Cice-

921 1982 995 2003 rone
1011 1983 1074 2002 non
1091 1978 1227 2003 servetur
1242 1983 1248 2001 :
1274 1975 1304 2002 1.
1321 1971 1403 2002 enim
1421 1973 1537 2003 bellum
1561 1978 1684 2014 gestum

919 2015 980 2045 suit
1005 2026 1075 2046 cum
1099 2015 1216 2052 Poenis,
1233 2019 1265 2046 2.
1287 2025 1357 2045 cum
1382 2015 1544 2058 Philippo,
1566 2018 1597 2047 3.
1613 2027 1684 2047 cum

924 2057 1094 2088 Antiocho.

968 2104 1022 2131 94.
1047 2101 1168 2135 Quanto
1190 2100 1263 2140 vos]
1309 2100 1493 2142 Complexio
1522 2102 1612 2142 hujus
1634 2112 1684 2133 se-

924 2144 1035 2175 cundae
1052 2145 1159 2185 partis,
1175 2154 1245 2175 cum
1260 2144 1442 2175 transitione
1457 2145 1498 2176 ad
1514 2144 1647 2176 tertiam.

461 2357 648 2386 TERTIA
683 2357 806 2386 PARS
841 2356 1145 2386 ARGUMENTI
1180 2356 1345 2387 PRIMI.

505 2518 622 2565 Quia
638 2521 837 2569 aguntur
856 2518 1083 2569 vectigalia
1104 2518 1305 2558 maoez'ma.

179 2627 258 2671 VI.
308 2629 422 2671 Nam
448 2636 697 2672 caeterarum
735 2628 1051 2686 provinciarum
1080 2629 1322 2694 vectigalia,
1343 2629 1546 2681 Quirites,
1565 2635 1683 2671 atan-

124 2692 170 2727 ta
187 2695 300 2741 sunt,
312 2693 361 2729 ut
379 2687 446 2738 iis,
461 2688 516 2730 ad
534 2687 651 2745 ipsas
672 2685 916 2744 provincias
936 2686 1155 2740 tutandas,
1171 2702 1243 2730 vix
1260 2687 1451 2734 contenti
1471 2702 1566 2729 esse
1583 2701 1683 2745 pos-

686 2807 701 2824 ²
714 2806 803 2843 tam
823 2801 985 2854 eceigua
1004 2807 1123 2843 sunt.

897 2883 921 2909 F
