<?xml version="1.0" encoding="UTF-8"?>
<!DOCTYPE html PUBLIC "-//W3C//DTD XHTML 1.0 Transitional//EN"
    "http://www.w3.org/TR/xhtml1/DTD/xhtml1-transitional.dtd">
<html xmlns="http://www.w3.org/1999/xhtml" xml:lang="en" lang="en">
 <head>
  <title>
</title>
<meta http-equiv="Content-Type" content="text/html;charset=utf-8" />
  <meta name='ocr-system' content='tesseract 3.04.00' />
  <meta name='ocr-capabilities' content='ocr_page ocr_carea ocr_par ocr_line ocrx_word'/>
</head>
<body>
  <div class='ocr_page' id='page_1' title='image "./selectaeoratione00ciceuoft_0109.png"; bbox 0 0 1858 3095; ppageno 0'>
   <div class='ocr_carea' id='block_1_1' title="bbox 680 209 1700 253">
    <p class='ocr_par' dir='ltr' id='par_1_1' title="bbox 680 209 1700 253">
     <span class='ocr_line' id='line_1_1' title="bbox 680 209 1700 253; baseline 0.004 -4"><span class='ocrx_word' id='word_1_1' title='bbox 680 216 769 250; x_wconf 75' lang='lat' dir='ltr'><strong>PRO</strong></span> <span class='ocrx_word' id='word_1_2' title='bbox 794 216 1002 250; x_wconf 58' lang='lat' dir='ltr'><strong>namuro.</strong></span> <span class='ocrx_word' id='word_1_3' title='bbox 1641 209 1700 253; x_wconf 82' lang='grc'><strong>69</strong></span> 
     </span>
    </p>
   </div>
   <div class='ocr_carea' id='block_1_2' title="bbox 41 289 1686 1539">
    <p class='ocr_par' dir='ltr' id='par_1_2' title="bbox 41 289 1686 1539">
     <span class='ocr_line' id='line_1_2' title="bbox 55 289 1616 353; baseline -0.004 -15"><span class='ocrx_word' id='word_1_4' title='bbox 55 295 274 353; x_wconf 87' lang='lat' dir='ltr'><strong>proprium</strong></span> <span class='ocrx_word' id='word_1_5' title='bbox 296 295 587 338; x_wconf 82' lang='lat' dir='ltr'><strong>testimonium</strong></span> <span class='ocrx_word' id='word_1_6' title='bbox 603 308 708 336; x_wconf 85' lang='lat' dir='ltr'><strong>meae</strong></span> <span class='ocrx_word' id='word_1_7' title='bbox 725 294 867 336; x_wconf 87' lang='lat' dir='ltr'><strong>laudis</strong></span> <span class='ocrx_word' id='word_1_8' title='bbox 882 294 1015 336; x_wconf 86' lang='lat' dir='ltr'><strong>esset!</strong></span> <span class='ocrx_word' id='word_1_9' title='bbox 1046 292 1162 342; x_wconf 85' lang='lat' dir='ltr'>Quid</span> <span class='ocrx_word' id='word_1_10' title='bbox 1179 292 1291 336; x_wconf 89' lang='lat' dir='ltr'><strong>enim</strong></span> <span class='ocrx_word' id='word_1_11' title='bbox 1305 289 1440 348; x_wconf 85' lang='lat' dir='ltr'><strong>optari</strong></span> <span class='ocrx_word' id='word_1_12' title='bbox 1456 294 1616 346; x_wconf 82' lang='lat' dir='ltr'><strong>potest,</strong></span> 
     </span>
     <span class='ocr_line' id='line_1_3' title="bbox 54 346 1684 409; baseline -0.004 -16"><span class='ocrx_word' id='word_1_13' title='bbox 54 353 172 409; x_wconf 91' lang='lat' dir='ltr'><strong>quod</strong></span> <span class='ocrx_word' id='word_1_14' title='bbox 195 368 278 408; x_wconf 87' lang='lat' dir='ltr'><strong>ego</strong></span> <span class='ocrx_word' id='word_1_15' title='bbox 297 353 482 403; x_wconf 88' lang='lat' dir='ltr'><strong>mallem,</strong></span> <span class='ocrx_word' id='word_1_16' title='bbox 501 351 632 407; x_wconf 69' lang='lat' dir='ltr'><strong>quam</strong></span> <span class='ocrx_word' id='word_1_17' title='bbox 652 366 720 393; x_wconf 89' lang='lat' dir='ltr'><strong>me</strong></span> <span class='ocrx_word' id='word_1_18' title='bbox 743 351 786 392; x_wconf 89' lang='lat' dir='ltr'><strong>in</strong></span> <span class='ocrx_word' id='word_1_19' title='bbox 802 352 1031 393; x_wconf 82' lang='lat' dir='ltr'>consulatu</span> <span class='ocrx_word' id='word_1_20' title='bbox 1051 365 1147 392; x_wconf 84' lang='lat' dir='ltr'><strong>meo</strong></span> <span class='ocrx_word' id='word_1_21' title='bbox 1169 349 1414 392; x_wconf 87' lang='lat' dir='ltr'><strong>carnificem</strong></span> <span class='ocrx_word' id='word_1_22' title='bbox 1435 346 1488 388; x_wconf 90' lang='lat' dir='ltr'><strong>de</strong></span> <span class='ocrx_word' id='word_1_23' title='bbox 1507 347 1614 397; x_wconf 84' lang='lat' dir='ltr'><strong>foro,</strong></span> <span class='ocrx_word' id='word_1_24' title='bbox 1666 399 1684 409; x_wconf 39' lang='grc' dir='ltr'><em>ν</em></span> 
     </span>
     <span class='ocr_line' id='line_1_4' title="bbox 54 398 1686 465; baseline -0.005 -14"><span class='ocrx_word' id='word_1_25' title='bbox 54 424 225 451; x_wconf 89' lang='lat' dir='ltr'><strong>crucem</strong></span> <span class='ocrx_word' id='word_1_26' title='bbox 246 410 299 450; x_wconf 91' lang='lat' dir='ltr'><strong>de</strong></span> <span class='ocrx_word' id='word_1_27' title='bbox 313 409 492 465; x_wconf 89' lang='lat' dir='ltr'><strong>Campo,</strong></span> <span class='ocrx_word' id='word_1_28' title='bbox 515 408 764 449; x_wconf 76' lang='lat' dir='ltr'><strong>sustulisse?</strong></span> <span class='ocrx_word' id='word_1_29' title='bbox 796 408 881 449; x_wconf 86' lang='lat' dir='ltr'><strong>Sed</strong></span> <span class='ocrx_word' id='word_1_30' title='bbox 907 408 989 448; x_wconf 87' lang='lat' dir='ltr'><strong>ista</strong></span> <span class='ocrx_word' id='word_1_31' title='bbox 1010 407 1101 448; x_wconf 88' lang='lat' dir='ltr'><strong>laus</strong></span> <span class='ocrx_word' id='word_1_32' title='bbox 1123 406 1305 463; x_wconf 69' lang='lat' dir='ltr'><strong>primum</strong></span> <span class='ocrx_word' id='word_1_33' title='bbox 1324 411 1391 446; x_wconf 91' lang='lat' dir='ltr'><strong>est</strong></span> <span class='ocrx_word' id='word_1_34' title='bbox 1405 403 1614 459; x_wconf 87' lang='lat' dir='ltr'><strong>majorum</strong></span> <span class='ocrx_word' id='word_1_35' title='bbox 1630 398 1686 438; x_wconf 68' lang='lat'><strong>40</strong></span> 
     </span>
     <span class='ocr_line' id='line_1_5' title="bbox 53 458 1613 522; baseline -0.005 -15"><span class='ocrx_word' id='word_1_36' title='bbox 53 473 309 516; x_wconf 91' lang='lat' dir='ltr'><strong>nostrorum,</strong></span> <span class='ocrx_word' id='word_1_37' title='bbox 331 464 534 515; x_wconf 88' lang='lat' dir='ltr'><strong>Quirites,</strong></span> <span class='ocrx_word' id='word_1_38' title='bbox 550 465 635 521; x_wconf 90' lang='lat' dir='ltr'><strong>qui,</strong></span> <span class='ocrx_word' id='word_1_39' title='bbox 649 465 838 520; x_wconf 82' lang='lat' dir='ltr'><strong>expulsis</strong></span> <span class='ocrx_word' id='word_1_40' title='bbox 856 465 1040 519; x_wconf 78' lang='lat' dir='ltr'><strong>regibus,</strong></span> <span class='ocrx_word' id='word_1_41' title='bbox 1053 464 1218 504; x_wconf 89' lang='lat' dir='ltr'><strong>nullum</strong></span> <span class='ocrx_word' id='word_1_42' title='bbox 1239 464 1282 504; x_wconf 88' lang='lat' dir='ltr'><strong>in</strong></span> <span class='ocrx_word' id='word_1_43' title='bbox 1302 462 1437 502; x_wconf 90' lang='lat' dir='ltr'><strong>libero</strong></span> <span class='ocrx_word' id='word_1_44' title='bbox 1452 458 1613 522; x_wconf 41' lang='lat' dir='ltr'><strong>pop-ulo</strong></span> 
     </span>
     <span class='ocr_line' id='line_1_6' title="bbox 50 518 1613 577; baseline -0.004 -15"><span class='ocrx_word' id='word_1_45' title='bbox 50 523 158 564; x_wconf 87' lang='lat' dir='ltr'><strong>vesti</strong></span> <span class='ocrx_word' id='word_1_46' title='bbox 194 522 281 564; x_wconf 90' lang='lat' dir='ltr'><strong>ium</strong></span> <span class='ocrx_word' id='word_1_47' title='bbox 313 521 575 563; x_wconf 81' lang='lat' dir='ltr'><strong>crudelitatis</strong></span> <span class='ocrx_word' id='word_1_48' title='bbox 607 522 733 577; x_wconf 79' lang='lat' dir='ltr'><strong>regiae</strong></span> <span class='ocrx_word' id='word_1_49' title='bbox 763 522 1048 563; x_wconf 88' lang='lat' dir='ltr'><strong>retinuerunt:</strong></span> <span class='ocrx_word' id='word_1_50' title='bbox 1082 520 1236 561; x_wconf 89' lang='lat' dir='ltr'><strong>deinde</strong></span> <span class='ocrx_word' id='word_1_51' title='bbox 1256 518 1486 560; x_wconf 89' lang='lat' dir='ltr'><strong>multorum</strong></span> <span class='ocrx_word' id='word_1_52' title='bbox 1505 529 1613 557; x_wconf 81' lang='lat' dir='ltr'><strong>viro-</strong></span> 
     </span>
     <span class='ocr_line' id='line_1_7' title="bbox 53 537 1614 634; baseline -0.005 -14"><span class='ocrx_word' id='word_1_53' title='bbox 53 593 145 620; x_wconf 89' lang='lat' dir='ltr'><strong>rum</strong></span> <span class='ocrx_word' id='word_1_54' title='bbox 163 537 348 629; x_wconf 45' lang='lat' dir='ltr'><strong>artium,</strong></span> <span class='ocrx_word' id='word_1_55' title='bbox 370 578 443 634; x_wconf 92' lang='lat' dir='ltr'><strong>qui</strong></span> <span class='ocrx_word' id='word_1_56' title='bbox 465 586 649 620; x_wconf 84' lang='lat' dir='ltr'><strong>vestrum</strong></span> <span class='ocrx_word' id='word_1_57' title='bbox 671 578 928 629; x_wconf 84' lang='lat' dir='ltr'><strong>libertatem,</strong></span> <span class='ocrx_word' id='word_1_58' title='bbox 951 592 1037 619; x_wconf 88' lang='lat' dir='ltr'><strong>non</strong></span> <span class='ocrx_word' id='word_1_59' title='bbox 1057 577 1289 617; x_wconf 84' lang='lat' dir='ltr'><strong>acerbitate</strong></span> <span class='ocrx_word' id='word_1_60' title='bbox 1305 572 1614 630; x_wconf 87' lang='lat' dir='ltr'><strong>suppliciorum</strong></span> 
     </span>
     <span class='ocr_line' id='line_1_8' title="bbox 53 629 1613 691; baseline -0.004 -15"><span class='ocrx_word' id='word_1_61' title='bbox 53 635 70 659; x_wconf 79' lang='lat'><strong>‘¹</strong></span> <span class='ocrx_word' id='word_1_62' title='bbox 85 635 300 685; x_wconf 83' lang='lat' dir='ltr'><strong>infestam,</strong></span> <span class='ocrx_word' id='word_1_63' title='bbox 322 635 397 676; x_wconf 91' lang='lat' dir='ltr'><strong>sed</strong></span> <span class='ocrx_word' id='word_1_64' title='bbox 430 635 606 676; x_wconf 87' lang='lat' dir='ltr'><strong>lenitate</strong></span> <span class='ocrx_word' id='word_1_65' title='bbox 634 635 776 691; x_wconf 82' lang='lat' dir='ltr'><strong>legum</strong></span> <span class='ocrx_word' id='word_1_66' title='bbox 796 635 1018 685; x_wconf 88' lang='lat' dir='ltr'><strong>munitam,</strong></span> <span class='ocrx_word' id='word_1_67' title='bbox 1040 648 1133 674; x_wconf 91' lang='lat' dir='ltr'><strong>esse</strong></span> <span class='ocrx_word' id='word_1_68' title='bbox 1155 633 1393 673; x_wconf 86' lang='lat' dir='ltr'><strong>voluerunt.</strong></span> <span class='ocrx_word' id='word_1_69' title='bbox 1453 629 1613 677; x_wconf 87' lang='lat' dir='ltr'><strong>Quam-</strong></span> 
     </span>
     <span class='ocr_line' id='line_1_9' title="bbox 53 684 1684 749; baseline -0.005 -16"><span class='ocrx_word' id='word_1_70' title='bbox 53 692 198 733; x_wconf 87' lang='lat' dir='ltr'><strong>obrem</strong></span> <span class='ocrx_word' id='word_1_71' title='bbox 218 699 313 732; x_wconf 90' lang='lat' dir='ltr'><strong>uter</strong></span> <span class='ocrx_word' id='word_1_72' title='bbox 342 693 535 732; x_wconf 71' lang='lat' dir='ltr'><strong>nostrum</strong></span> <span class='ocrx_word' id='word_1_73' title='bbox 562 692 751 742; x_wconf 87' lang='lat' dir='ltr'><strong>tandem,</strong></span> <span class='ocrx_word' id='word_1_74' title='bbox 779 691 977 740; x_wconf 84' lang='lat' dir='ltr'><strong>Labiene,</strong></span> <span class='ocrx_word' id='word_1_75' title='bbox 1008 689 1226 746; x_wconf 90' lang='lat' dir='ltr'><strong>popularis</strong></span> <span class='ocrx_word' id='word_1_76' title='bbox 1253 689 1350 730; x_wconf 80' lang='lat' dir='ltr'><strong>est?</strong></span> <span class='ocrx_word' id='word_1_77' title='bbox 1380 693 1516 749; x_wconf 70' lang='lat' dir='ltr'><strong>tu-ne,</strong></span> <span class='ocrx_word' id='word_1_78' title='bbox 1536 684 1611 749; x_wconf 80' lang='lat' dir='ltr'><strong>qui</strong></span> <span class='ocrx_word' id='word_1_79' title='bbox 1628 685 1684 726; x_wconf 89' lang='grc'><strong>50</strong></span> 
     </span>
     <span class='ocr_line' id='line_1_10' title="bbox 52 742 1611 803; baseline -0.004 -14"><span class='ocrx_word' id='word_1_80' title='bbox 52 747 219 790; x_wconf 86' lang='lat' dir='ltr'><strong>civibus</strong></span> <span class='ocrx_word' id='word_1_81' title='bbox 240 746 423 788; x_wconf 85' lang='lat' dir='ltr'><strong>Roman.</strong></span> <span class='ocrx_word' id='word_1_82' title='bbox 443 748 487 788; x_wconf 89' lang='lat' dir='ltr'><strong>in</strong></span> <span class='ocrx_word' id='word_1_83' title='bbox 509 747 718 789; x_wconf 86' lang='lat' dir='ltr'><strong>concione</strong></span> <span class='ocrx_word' id='word_1_84' title='bbox 752 747 847 803; x_wconf 64' lang='lat' dir='ltr'><strong>ipsa</strong></span> <span class='ocrx_word' id='word_1_85' title='bbox 876 747 1122 788; x_wconf 83' lang='lat' dir='ltr'><strong>carnificem</strong></span> <span class='ocrx_word' id='word_1_86' title='bbox 1143 752 1187 786; x_wconf 91' lang='lat' dir='ltr'><strong>et</strong></span> <span class='ocrx_word' id='word_1_87' title='bbox 1212 745 1385 786; x_wconf 86' lang='lat' dir='ltr'><strong>vincula</strong></span> <span class='ocrx_word' id='word_1_88' title='bbox 1418 742 1611 784; x_wconf 76' lang='lat' dir='ltr'><strong>adhiberr</strong></span> 
     </span>
     <span class='ocr_line' id='line_1_11' title="bbox 50 798 1612 861; baseline -0.004 -15"><span class='ocrx_word' id='word_1_89' title='bbox 50 809 177 861; x_wconf 85' lang='lat' dir='ltr'><strong>putas</strong></span> <span class='ocrx_word' id='word_1_90' title='bbox 200 811 415 860; x_wconf 91' lang='lat' dir='ltr'><strong>oportere;</strong></span> <span class='ocrx_word' id='word_1_91' title='bbox 446 804 519 860; x_wconf 91' lang='lat' dir='ltr'><strong>qui</strong></span> <span class='ocrx_word' id='word_1_92' title='bbox 541 804 585 844; x_wconf 88' lang='lat' dir='ltr'><strong>in</strong></span> <span class='ocrx_word' id='word_1_93' title='bbox 599 804 763 860; x_wconf 88' lang='lat' dir='ltr'><strong>Campo</strong></span> <span class='ocrx_word' id='word_1_94' title='bbox 784 803 961 855; x_wconf 87' lang='lat' dir='ltr'><strong>Martio,</strong></span> <span class='ocrx_word' id='word_1_95' title='bbox 978 802 1163 844; x_wconf 89' lang='lat' dir='ltr'><strong>comitiis</strong></span> <span class='ocrx_word' id='word_1_96' title='bbox 1183 800 1448 851; x_wconf 86' lang='lat' dir='ltr'><strong>centuriatis,</strong></span> <span class='ocrx_word' id='word_1_97' title='bbox 1465 798 1612 856; x_wconf 89' lang='lat' dir='ltr'><strong>auspi-</strong></span> 
     </span>
     <span class='ocr_line' id='line_1_12' title="bbox 50 856 1610 916; baseline -0.003 -14"><span class='ocrx_word' id='word_1_98' title='bbox 50 866 147 902; x_wconf 85' lang='lat' dir='ltr'><strong>cato</strong></span> <span class='ocrx_word' id='word_1_99' title='bbox 168 860 212 901; x_wconf 92' lang='lat' dir='ltr'><strong>in</strong></span> <span class='ocrx_word' id='word_1_100' title='bbox 231 861 342 912; x_wconf 94' lang='lat' dir='ltr'><strong>loco,</strong></span> <span class='ocrx_word' id='word_1_101' title='bbox 363 875 534 902; x_wconf 88' lang='lat' dir='ltr'><strong>crucem</strong></span> <span class='ocrx_word' id='word_1_102' title='bbox 554 861 608 902; x_wconf 88' lang='lat' dir='ltr'><strong>ad</strong></span> <span class='ocrx_word' id='word_1_103' title='bbox 629 860 786 901; x_wconf 89' lang='lat' dir='ltr'><strong>civium</strong></span> <span class='ocrx_word' id='word_1_104' title='bbox 819 860 1077 916; x_wconf 90' lang='lat' dir='ltr'><strong>supplicium</strong></span> <span class='ocrx_word' id='word_1_105' title='bbox 1107 858 1237 915; x_wconf 81' lang='lat' dir='ltr'><strong>defigi</strong></span> <span class='ocrx_word' id='word_1_106' title='bbox 1259 865 1303 899; x_wconf 91' lang='lat' dir='ltr'><strong>et</strong></span> <span class='ocrx_word' id='word_1_107' title='bbox 1322 856 1528 899; x_wconf 89' lang='lat' dir='ltr'><strong>constitui</strong></span> <span class='ocrx_word' id='word_1_108' title='bbox 1539 857 1610 912; x_wconf 83' lang='lat' dir='ltr'><strong>ju-</strong></span> 
     </span>
     <span class='ocr_line' id='line_1_13' title="bbox 50 913 1607 974; baseline -0.003 -16"><span class='ocrx_word' id='word_1_109' title='bbox 50 917 154 958; x_wconf 69' lang='lat' dir='ltr'><strong>bes?</strong></span> <span class='ocrx_word' id='word_1_110' title='bbox 183 931 238 958; x_wconf 88' lang='lat' dir='ltr'><strong>an</strong></span> <span class='ocrx_word' id='word_1_111' title='bbox 259 931 356 974; x_wconf 87' lang='lat' dir='ltr'><strong>ego,</strong></span> <span class='ocrx_word' id='word_1_112' title='bbox 376 917 449 973; x_wconf 91' lang='lat' dir='ltr'><strong>qui</strong></span> <span class='ocrx_word' id='word_1_113' title='bbox 470 917 673 958; x_wconf 84' lang='lat' dir='ltr'><strong>funestari</strong></span> <span class='ocrx_word' id='word_1_114' title='bbox 695 917 950 959; x_wconf 86' lang='lat' dir='ltr'><strong>concionem</strong></span> <span class='ocrx_word' id='word_1_115' title='bbox 972 916 1231 972; x_wconf 81' lang='lat' dir='ltr'><strong>contagione</strong></span> <span class='ocrx_word' id='word_1_116' title='bbox 1251 913 1466 956; x_wconf 88' lang='lat' dir='ltr'><strong>carnificis</strong></span> <span class='ocrx_word' id='word_1_117' title='bbox 1486 919 1607 963; x_wconf 86' lang='lat' dir='ltr'><strong>veto;</strong></span> 
     </span>
     <span class='ocr_line' id='line_1_14' title="bbox 50 969 1681 1030; baseline -0.001 -15"><span class='ocrx_word' id='word_1_118' title='bbox 50 973 124 1030; x_wconf 90' lang='lat' dir='ltr'><strong>qui</strong></span> <span class='ocrx_word' id='word_1_119' title='bbox 145 973 406 1030; x_wconf 83' lang='lat' dir='ltr'><strong>expiandum</strong></span> <span class='ocrx_word' id='word_1_120' title='bbox 438 974 575 1015; x_wconf 90' lang='lat' dir='ltr'><strong>forum</strong></span> <span class='ocrx_word' id='word_1_121' title='bbox 596 988 696 1030; x_wconf 91' lang='lat' dir='ltr'><strong>pop.</strong></span> <span class='ocrx_word' id='word_1_122' title='bbox 717 973 900 1015; x_wconf 89' lang='lat' dir='ltr'><strong>Romani</strong></span> <span class='ocrx_word' id='word_1_123' title='bbox 922 974 976 1014; x_wconf 89' lang='lat' dir='ltr'><strong>ab</strong></span> <span class='ocrx_word' id='word_1_124' title='bbox 997 972 1082 1014; x_wconf 89' lang='lat' dir='ltr'><strong>illis</strong></span> <span class='ocrx_word' id='word_1_125' title='bbox 1104 972 1255 1014; x_wconf 83' lang='lat' dir='ltr'><strong>nefarii</strong></span> <span class='ocrx_word' id='word_1_126' title='bbox 1286 970 1460 1014; x_wconf 90' lang='lat' dir='ltr'><strong>sceleris</strong></span> <span class='ocrx_word' id='word_1_127' title='bbox 1480 969 1609 1011; x_wconf 88' lang='lat' dir='ltr'><strong>vesti·</strong></span> <span class='ocrx_word' id='word_1_128' title='bbox 1625 974 1681 1014; x_wconf 87' lang='lat'><strong>55</strong></span> 
     </span>
     <span class='ocr_line' id='line_1_15' title="bbox 49 1026 1609 1087; baseline -0.003 -15"><span class='ocrx_word' id='word_1_129' title='bbox 49 1030 132 1086; x_wconf 85' lang='lat' dir='ltr'><strong>giis</strong></span> <span class='ocrx_word' id='word_1_130' title='bbox 151 1044 246 1072; x_wconf 90' lang='lat' dir='ltr'><strong>esse</strong></span> <span class='ocrx_word' id='word_1_131' title='bbox 267 1031 388 1081; x_wconf 89' lang='lat' dir='ltr'><strong>dico;</strong></span> <span class='ocrx_word' id='word_1_132' title='bbox 419 1031 492 1087; x_wconf 90' lang='lat' dir='ltr'><strong>qui</strong></span> <span class='ocrx_word' id='word_1_133' title='bbox 509 1038 674 1072; x_wconf 84' lang='lat' dir='ltr'><strong>castam</strong></span> <span class='ocrx_word' id='word_1_134' title='bbox 691 1031 959 1081; x_wconf 87' lang='lat' dir='ltr'><strong>concionem,</strong></span> <span class='ocrx_word' id='word_1_135' title='bbox 976 1036 1173 1071; x_wconf 86' lang='lat' dir='ltr'><strong>sanctum</strong></span> <span class='ocrx_word' id='word_1_136' title='bbox 1189 1029 1415 1085; x_wconf 89' lang='lat' dir='ltr'><strong>Campum,</strong></span> <span class='ocrx_word' id='word_1_137' title='bbox 1431 1026 1609 1068; x_wconf 90' lang='lat' dir='ltr'><strong>inviola-</strong></span> 
     </span>
     <span class='ocr_line' id='line_1_16' title="bbox 49 1083 1608 1144; baseline -0.003 -16"><span class='ocrx_word' id='word_1_138' title='bbox 49 1095 140 1128; x_wconf 87' lang='lat' dir='ltr'><strong>tum</strong></span> <span class='ocrx_word' id='word_1_139' title='bbox 159 1101 316 1144; x_wconf 88' lang='lat' dir='ltr'><strong>corpus</strong></span> <span class='ocrx_word' id='word_1_140' title='bbox 333 1088 523 1129; x_wconf 83' lang='lat' dir='ltr'><strong>omnium</strong></span> <span class='ocrx_word' id='word_1_141' title='bbox 545 1088 702 1129; x_wconf 88' lang='lat' dir='ltr'><strong>civium</strong></span> <span class='ocrx_word' id='word_1_142' title='bbox 719 1088 844 1128; x_wconf 89' lang='lat' dir='ltr'><strong>Rom.</strong></span> <span class='ocrx_word' id='word_1_143' title='bbox 864 1087 1077 1143; x_wconf 84' lang='lat' dir='ltr'><strong>integrum</strong></span> <span class='ocrx_word' id='word_1_144' title='bbox 1090 1087 1163 1142; x_wconf 83' lang='lat' dir='ltr'><strong>jus</strong></span> <span class='ocrx_word' id='word_1_145' title='bbox 1180 1084 1404 1136; x_wconf 84' lang='lat' dir='ltr'><strong>libertatis,</strong></span> <span class='ocrx_word' id='word_1_146' title='bbox 1423 1083 1608 1126; x_wconf 89' lang='lat' dir='ltr'><strong>defendo</strong></span> 
     </span>
     <span class='ocr_line' id='line_1_17' title="bbox 50 1141 1610 1201; baseline -0.001 -17"><span class='ocrx_word' id='word_1_147' title='bbox 50 1143 206 1186; x_wconf 87' lang='lat' dir='ltr'><strong>servari</strong></span> <span class='ocrx_word' id='word_1_148' title='bbox 224 1144 443 1201; x_wconf 75' lang='lat' dir='ltr'><strong>oportere?</strong></span> <span class='ocrx_word' id='word_1_149' title='bbox 474 1144 701 1200; x_wconf 86' lang='lat' dir='ltr'><strong>Popularis</strong></span> <span class='ocrx_word' id='word_1_150' title='bbox 723 1143 821 1186; x_wconf 73' lang='lat' dir='ltr'><strong>vero</strong></span> <span class='ocrx_word' id='word_1_151' title='bbox 843 1144 1038 1185; x_wconf 90' lang='lat' dir='ltr'><strong>tribunus</strong></span> <span class='ocrx_word' id='word_1_152' title='bbox 1058 1143 1209 1199; x_wconf 89' lang='lat' dir='ltr'><strong>plebis,</strong></span> <span class='ocrx_word' id='word_1_153' title='bbox 1226 1149 1372 1184; x_wconf 89' lang='lat' dir='ltr'><strong>custos</strong></span> <span class='ocrx_word' id='word_1_154' title='bbox 1392 1141 1610 1182; x_wconf 85' lang='lat' dir='ltr'><strong>defensor-</strong></span> 
     </span>
     <span class='ocr_line' id='line_1_18' title="bbox 51 1197 1607 1257; baseline -0.003 -15"><span class='ocrx_word' id='word_1_155' title='bbox 51 1215 134 1256; x_wconf 90' lang='lat' dir='ltr'><strong>que</strong></span> <span class='ocrx_word' id='word_1_156' title='bbox 158 1199 267 1257; x_wconf 87' lang='lat' dir='ltr'><strong>juris</strong></span> <span class='ocrx_word' id='word_1_157' title='bbox 307 1207 351 1242; x_wconf 90' lang='lat' dir='ltr'><strong>et</strong></span> <span class='ocrx_word' id='word_1_158' title='bbox 387 1201 622 1242; x_wconf 79' lang='lat' dir='ltr'><strong>libertatis!</strong></span> <span class='ocrx_word' id='word_1_159' title='bbox 684 1201 840 1242; x_wconf 83' lang='lat' dir='ltr'><strong>Porcia</strong></span> <span class='ocrx_word' id='word_1_160' title='bbox 873 1201 942 1240; x_wconf 83' lang='lat' dir='ltr'><strong>lex</strong></span> <span class='ocrx_word' id='word_1_161' title='bbox 972 1200 1111 1256; x_wconf 85' lang='lat' dir='ltr'><strong>virgas</strong></span> <span class='ocrx_word' id='word_1_162' title='bbox 1142 1200 1196 1240; x_wconf 90' lang='lat' dir='ltr'><strong>ab</strong></span> <span class='ocrx_word' id='word_1_163' title='bbox 1227 1199 1418 1240; x_wconf 88' lang='lat' dir='ltr'><strong>omnium</strong></span> <span class='ocrx_word' id='word_1_164' title='bbox 1448 1197 1607 1240; x_wconf 90' lang='lat' dir='ltr'><strong>civium</strong></span> 
     </span>
     <span class='ocr_line' id='line_1_19' title="bbox 50 1254 1680 1313; baseline 0.001 -16"><span class='ocrx_word' id='word_1_165' title='bbox 50 1257 176 1298; x_wconf 85' lang='lat' dir='ltr'><strong>Rom.</strong></span> <span class='ocrx_word' id='word_1_166' title='bbox 197 1271 374 1313; x_wconf 90' lang='lat' dir='ltr'><strong>corpore</strong></span> <span class='ocrx_word' id='word_1_167' title='bbox 394 1257 574 1307; x_wconf 85' lang='lat' dir='ltr'><strong>amovit3</strong></span> <span class='ocrx_word' id='word_1_168' title='bbox 606 1257 676 1298; x_wconf 88' lang='lat' dir='ltr'><strong>hic</strong></span> <span class='ocrx_word' id='word_1_169' title='bbox 693 1257 932 1298; x_wconf 83' lang='lat' dir='ltr'><strong>misericors</strong></span> <span class='ocrx_word' id='word_1_170' title='bbox 954 1257 1124 1312; x_wconf 81' lang='lat' dir='ltr'><strong>flagella</strong></span> <span class='ocrx_word' id='word_1_171' title='bbox 1144 1257 1303 1297; x_wconf 89' lang='lat' dir='ltr'><strong>retulit.</strong></span> <span class='ocrx_word' id='word_1_172' title='bbox 1364 1255 1520 1296; x_wconf 86' lang='lat' dir='ltr'><strong>Porcia</strong></span> <span class='ocrx_word' id='word_1_173' title='bbox 1538 1254 1607 1296; x_wconf 86' lang='lat' dir='ltr'><strong>lex</strong></span> <span class='ocrx_word' id='word_1_174' title='bbox 1625 1256 1680 1298; x_wconf 89' lang='lat'><strong>60</strong></span> 
     </span>
     <span class='ocr_line' id='line_1_20' title="bbox 50 1312 1609 1369; baseline -0.001 -16"><span class='ocrx_word' id='word_1_175' title='bbox 50 1313 293 1355; x_wconf 88' lang='lat' dir='ltr'><strong>libertatem</strong></span> <span class='ocrx_word' id='word_1_176' title='bbox 315 1314 472 1354; x_wconf 91' lang='lat' dir='ltr'><strong>civium</strong></span> <span class='ocrx_word' id='word_1_177' title='bbox 491 1314 630 1354; x_wconf 85' lang='lat' dir='ltr'><strong>lictori</strong></span> <span class='ocrx_word' id='word_1_178' title='bbox 652 1313 827 1369; x_wconf 83' lang='lat' dir='ltr'><strong>eripuit3</strong></span> <span class='ocrx_word' id='word_1_179' title='bbox 860 1313 1086 1361; x_wconf 80' lang='lat' dir='ltr'><strong>Labienus,</strong></span> <span class='ocrx_word' id='word_1_180' title='bbox 1107 1313 1236 1354; x_wconf 90' lang='lat' dir='ltr'><strong>homo</strong></span> <span class='ocrx_word' id='word_1_181' title='bbox 1258 1312 1492 1368; x_wconf 87' lang='lat' dir='ltr'><strong>popularis,</strong></span> <span class='ocrx_word' id='word_1_182' title='bbox 1518 1325 1609 1353; x_wconf 89' lang='lat' dir='ltr'><strong>car-</strong></span> 
     </span>
     <span class='ocr_line' id='line_1_21' title="bbox 50 1367 1608 1426; baseline -0.001 -16"><span class='ocrx_word' id='word_1_183' title='bbox 50 1370 168 1411; x_wconf 89' lang='lat' dir='ltr'><strong>nifici</strong></span> <span class='ocrx_word' id='word_1_184' title='bbox 207 1369 350 1410; x_wconf 84' lang='lat' dir='ltr'><strong>tradit.</strong></span> <span class='ocrx_word' id='word_1_185' title='bbox 415 1369 466 1410; x_wconf 90' lang='lat' dir='ltr'><strong>C.</strong></span> <span class='ocrx_word' id='word_1_186' title='bbox 496 1369 719 1410; x_wconf 70' lang='lat' dir='ltr'><strong>Gracchus</strong></span> <span class='ocrx_word' id='word_1_187' title='bbox 755 1370 894 1426; x_wconf 82' lang='lat' dir='ltr'><strong>legem</strong></span> <span class='ocrx_word' id='word_1_188' title='bbox 932 1369 1044 1420; x_wconf 88' lang='lat' dir='ltr'><strong>tulit,</strong></span> <span class='ocrx_word' id='word_1_189' title='bbox 1087 1384 1140 1410; x_wconf 86' lang='lat' dir='ltr'><strong>ne</strong></span> <span class='ocrx_word' id='word_1_190' title='bbox 1181 1370 1234 1410; x_wconf 90' lang='lat' dir='ltr'><strong>de</strong></span> <span class='ocrx_word' id='word_1_191' title='bbox 1270 1368 1412 1424; x_wconf 84' lang='lat' dir='ltr'><strong>capite</strong></span> <span class='ocrx_word' id='word_1_192' title='bbox 1449 1367 1608 1409; x_wconf 88' lang='lat' dir='ltr'><strong>civium</strong></span> 
     </span>
     <span class='ocr_line' id='line_1_22' title="bbox 52 1424 1607 1482; baseline -0.002 -15"><span class='ocrx_word' id='word_1_193' title='bbox 52 1426 180 1468; x_wconf 88' lang='lat' dir='ltr'><strong>Rom.</strong></span> <span class='ocrx_word' id='word_1_194' title='bbox 200 1425 368 1482; x_wconf 88' lang='lat' dir='ltr'><strong>injussu</strong></span> <span class='ocrx_word' id='word_1_195' title='bbox 393 1432 534 1467; x_wconf 87' lang='lat' dir='ltr'><strong>vestro</strong></span> <span class='ocrx_word' id='word_1_196' title='bbox 567 1426 853 1482; x_wconf 84' lang='lat' dir='ltr'><strong>judicaretur3</strong></span> <span class='ocrx_word' id='word_1_197' title='bbox 885 1425 955 1466; x_wconf 90' lang='lat' dir='ltr'><strong>hic</strong></span> <span class='ocrx_word' id='word_1_198' title='bbox 975 1425 1208 1480; x_wconf 86' lang='lat' dir='ltr'><strong>popularis,</strong></span> <span class='ocrx_word' id='word_1_199' title='bbox 1231 1425 1257 1466; x_wconf 69' lang='lat' dir='ltr'><strong>a</strong></span> <span class='ocrx_word' id='word_1_200' title='bbox 1277 1424 1526 1472; x_wconf 88' lang='lat' dir='ltr'><strong>duumviris,</strong></span> <span class='ocrx_word' id='word_1_201' title='bbox 1545 1424 1607 1465; x_wconf 90' lang='lat' dir='ltr'><strong>in-</strong></span> 
     </span>
     <span class='ocr_line' id='line_1_23' title="bbox 41 1480 1607 1539; baseline -0.002 -14"><span class='ocrx_word' id='word_1_202' title='bbox 41 1483 169 1539; x_wconf 89' lang='lat' dir='ltr'><strong>jussu</strong></span> <span class='ocrx_word' id='word_1_203' title='bbox 191 1489 345 1535; x_wconf 86' lang='lat' dir='ltr'><strong>vestro,</strong></span> <span class='ocrx_word' id='word_1_204' title='bbox 365 1496 452 1525; x_wconf 87' lang='lat' dir='ltr'><strong>non</strong></span> <span class='ocrx_word' id='word_1_205' title='bbox 466 1482 654 1539; x_wconf 87' lang='lat' dir='ltr'><strong>judicari</strong></span> <span class='ocrx_word' id='word_1_206' title='bbox 673 1482 727 1524; x_wconf 91' lang='lat' dir='ltr'><strong>de</strong></span> <span class='ocrx_word' id='word_1_207' title='bbox 747 1482 841 1524; x_wconf 89' lang='lat' dir='ltr'><strong>cive</strong></span> <span class='ocrx_word' id='word_1_208' title='bbox 863 1482 988 1524; x_wconf 87' lang='lat' dir='ltr'><strong>Rom.</strong></span> <span class='ocrx_word' id='word_1_209' title='bbox 1010 1482 1102 1534; x_wconf 88' lang='lat' dir='ltr'><strong>sed,</strong></span> <span class='ocrx_word' id='word_1_210' title='bbox 1122 1481 1287 1524; x_wconf 68' lang='lat' dir='ltr'><strong>indicta</strong></span> <span class='ocrx_word' id='word_1_211' title='bbox 1306 1480 1452 1532; x_wconf 64' lang='lat' dir='ltr'><strong>causa,</strong></span> <span class='ocrx_word' id='word_1_212' title='bbox 1468 1480 1607 1522; x_wconf 85' lang='lat' dir='ltr'><strong>civem</strong></span> 
     </span>
    </p>
   </div>
   <div class='ocr_carea' id='block_1_3' title="bbox 699 1630 940 1671">
    <p class='ocr_par' dir='ltr' id='par_1_3' title="bbox 699 1630 940 1671">
     <span class='ocr_line' id='line_1_24' title="bbox 699 1630 940 1671; baseline 0.004 -1"><span class='ocrx_word' id='word_1_213' title='bbox 699 1630 716 1652; x_wconf 75' lang='lat'><strong>‘¹</strong></span> <span class='ocrx_word' id='word_1_214' title='bbox 734 1635 940 1671; x_wconf 70' lang='lat' dir='ltr'><strong>ceratam.</strong></span> 
     </span>
    </p>
   </div>
   <div class='ocr_carea' id='block_1_4' title="bbox 90 1775 804 1819">
    <p class='ocr_par' dir='ltr' id='par_1_4' title="bbox 90 1775 804 1819">
     <span class='ocr_line' id='line_1_25' title="bbox 90 1775 804 1819; baseline 0 -12"><span class='ocrx_word' id='word_1_215' title='bbox 90 1777 144 1807; x_wconf 80' lang='lat'><strong>44.</strong></span> <span class='ocrx_word' id='word_1_216' title='bbox 168 1775 339 1817; x_wconf 62' lang='lat' dir='ltr'><strong>Carnificem</strong></span> <span class='ocrx_word' id='word_1_217' title='bbox 355 1777 388 1807; x_wconf 82' lang='lat' dir='ltr'><strong>de</strong></span> <span class='ocrx_word' id='word_1_218' title='bbox 390 1776 490 1819; x_wconf 68' lang='lat' dir='ltr'><strong>form]</strong></span> <span class='ocrx_word' id='word_1_219' title='bbox 534 1775 690 1807; x_wconf 82' lang='lat' dir='ltr'><strong>Labienus</strong></span> <span class='ocrx_word' id='word_1_220' title='bbox 705 1776 804 1807; x_wconf 87' lang='lat' dir='ltr'><strong>carni-</strong></span> 
     </span>
    </p>
   </div>
   <div class='ocr_carea' id='block_1_5' title="bbox 49 1774 1605 1857">
    <p class='ocr_par' dir='ltr' id='par_1_5' title="bbox 49 1774 1605 1857">
     <span class='ocr_line' id='line_1_26' title="bbox 891 1774 1605 1821; baseline 0.001 -12"><span class='ocrx_word' id='word_1_221' title='bbox 891 1778 939 1809; x_wconf 91' lang='lat' dir='ltr'><strong>Ib.</strong></span> <span class='ocrx_word' id='word_1_222' title='bbox 966 1777 1141 1821; x_wconf 70' lang='lat' dir='ltr'><strong>Contegione</strong></span> <span class='ocrx_word' id='word_1_223' title='bbox 1167 1777 1337 1821; x_wconf 48' lang='lat' dir='ltr'><strong>carnificis]</strong></span> <span class='ocrx_word' id='word_1_224' title='bbox 1382 1774 1447 1809; x_wconf 86' lang='lat' dir='ltr'><strong>Lex</strong></span> <span class='ocrx_word' id='word_1_225' title='bbox 1470 1777 1542 1816; x_wconf 76' lang='lat' dir='ltr'><strong>suit,</strong></span> <span class='ocrx_word' id='word_1_226' title='bbox 1565 1790 1605 1810; x_wconf 90' lang='lat' dir='ltr'><strong>ne</strong></span> 
     </span>
     <span class='ocr_line' id='line_1_27' title="bbox 49 1819 1320 1857; baseline 0 -7"><span class='ocrx_word' id='word_1_227' title='bbox 49 1820 137 1850; x_wconf 88' lang='lat' dir='ltr'><strong>ficem</strong></span> <span class='ocrx_word' id='word_1_228' title='bbox 153 1819 184 1850; x_wconf 89' lang='lat' dir='ltr'><strong>in</strong></span> <span class='ocrx_word' id='word_1_229' title='bbox 199 1820 297 1850; x_wconf 79' lang='lat' dir='ltr'><strong>sorum</strong></span> <span class='ocrx_word' id='word_1_230' title='bbox 321 1821 461 1857; x_wconf 84' lang='lat' dir='ltr'><strong>duxerat,</strong></span> <span class='ocrx_word' id='word_1_231' title='bbox 477 1819 548 1850; x_wconf 74' lang='lat' dir='ltr'><strong>curu</strong></span> <span class='ocrx_word' id='word_1_232' title='bbox 567 1819 688 1850; x_wconf 85' lang='lat' dir='ltr'><strong>Rabirii</strong></span> <span class='ocrx_word' id='word_1_233' title='bbox 711 1830 806 1850; x_wconf 87' lang='lat' dir='ltr'><strong>causa</strong></span> <span class='ocrx_word' id='word_1_234' title='bbox 1312 1823 1320 1829; x_wconf 74' lang='lat'>⁸</span> 
     </span>
    </p>
   </div>
   <div class='ocr_carea' id='block_1_6' title="bbox 848 1822 1605 1864">
    <p class='ocr_par' dir='ltr' id='par_1_6' title="bbox 848 1822 1605 1864">
     <span class='ocr_line' id='line_1_28' title="bbox 848 1822 1605 1864; baseline 0.001 -12"><span class='ocrx_word' id='word_1_235' title='bbox 848 1822 986 1852; x_wconf 84' lang='lat' dir='ltr'><strong>carnifex</strong></span> <span class='ocrx_word' id='word_1_236' title='bbox 1015 1823 1153 1864; x_wconf 87' lang='lat' dir='ltr'><strong>impurus</strong></span> <span class='ocrx_word' id='word_1_237' title='bbox 1175 1823 1208 1852; x_wconf 88' lang='lat' dir='ltr'><strong>in</strong></span> <span class='ocrx_word' id='word_1_238' title='bbox 1232 1832 1383 1854; x_wconf 82' lang='lat' dir='ltr'><strong>concione</strong></span> <span class='ocrx_word' id='word_1_239' title='bbox 1417 1832 1605 1864; x_wconf 86' lang='lat' dir='ltr'><strong>quemquam</strong></span> 
     </span>
    </p>
   </div>
   <div class='ocr_carea' id='block_1_7' title="bbox 49 1863 810 2806">
    <p class='ocr_par' dir='ltr' id='par_1_7' title="bbox 49 1863 804 1990">
     <span class='ocr_line' id='line_1_29' title="bbox 49 1863 804 1903; baseline -0.001 -10"><span class='ocrx_word' id='word_1_240' title='bbox 49 1863 208 1903; x_wconf 80' lang='lat' dir='ltr'><strong>agebatur,</strong></span> <span class='ocrx_word' id='word_1_241' title='bbox 224 1868 259 1892; x_wconf 89' lang='lat' dir='ltr'><strong>ut</strong></span> <span class='ocrx_word' id='word_1_242' title='bbox 272 1863 452 1894; x_wconf 87' lang='lat' dir='ltr'><strong>damnatum</strong></span> <span class='ocrx_word' id='word_1_243' title='bbox 475 1873 546 1893; x_wconf 86' lang='lat' dir='ltr'><strong>eum</strong></span> <span class='ocrx_word' id='word_1_244' title='bbox 571 1863 645 1893; x_wconf 68' lang='lat' dir='ltr'><strong>inde</strong></span> <span class='ocrx_word' id='word_1_245' title='bbox 659 1863 694 1893; x_wconf 87' lang='lat' dir='ltr'><strong>in</strong></span> <span class='ocrx_word' id='word_1_246' title='bbox 710 1863 804 1893; x_wconf 81' lang='lat' dir='ltr'><strong>Cam-</strong></span> 
     </span>
     <span class='ocr_line' id='line_1_30' title="bbox 50 1905 804 1946; baseline 0.003 -11"><span class='ocrx_word' id='word_1_247' title='bbox 50 1916 124 1946; x_wconf 91' lang='lat' dir='ltr'><strong>pum</strong></span> <span class='ocrx_word' id='word_1_248' title='bbox 142 1905 285 1936; x_wconf 85' lang='lat' dir='ltr'><strong>Martium</strong></span> <span class='ocrx_word' id='word_1_249' title='bbox 309 1907 488 1943; x_wconf 87' lang='lat' dir='ltr'><strong>abduceret,</strong></span> <span class='ocrx_word' id='word_1_250' title='bbox 505 1911 538 1936; x_wconf 92' lang='lat' dir='ltr'><strong>ut</strong></span> <span class='ocrx_word' id='word_1_251' title='bbox 565 1906 608 1936; x_wconf 90' lang='lat' dir='ltr'><strong>ibi</strong></span> <span class='ocrx_word' id='word_1_252' title='bbox 626 1906 656 1936; x_wconf 92' lang='lat' dir='ltr'><strong>in</strong></span> <span class='ocrx_word' id='word_1_253' title='bbox 683 1916 804 1937; x_wconf 88' lang='lat' dir='ltr'><strong>crucem</strong></span> 
     </span>
     <span class='ocr_line' id='line_1_31' title="bbox 51 1953 358 1990; baseline 0.007 -12"><span class='ocrx_word' id='word_1_254' title='bbox 51 1953 191 1989; x_wconf 86' lang='lat' dir='ltr'><strong>paratum</strong></span> <span class='ocrx_word' id='word_1_255' title='bbox 206 1954 358 1990; x_wconf 85' lang='lat' dir='ltr'><strong>ageretur.</strong></span> 
     </span>
    </p>

    <p class='ocr_par' dir='ltr' id='par_1_8' title="bbox 52 1991 805 2076">
     <span class='ocr_line' id='line_1_32' title="bbox 94 1991 805 2034; baseline 0 -12"><span class='ocrx_word' id='word_1_256' title='bbox 94 1993 146 2022; x_wconf 81' lang='lat'><strong>50.</strong></span> <span class='ocrx_word' id='word_1_257' title='bbox 172 1991 327 2031; x_wconf 77' lang='lat' dir='ltr'><strong>Popularis</strong></span> <span class='ocrx_word' id='word_1_258' title='bbox 339 1991 407 2032; x_wconf 82' lang='lat' dir='ltr'><strong>est.]</strong></span> <span class='ocrx_word' id='word_1_259' title='bbox 443 1991 606 2033; x_wconf 84' lang='lat' dir='ltr'><strong>Popularis</strong></span> <span class='ocrx_word' id='word_1_260' title='bbox 619 1991 742 2028; x_wconf 83' lang='lat' dir='ltr'><strong>dicitur,</strong></span> <span class='ocrx_word' id='word_1_261' title='bbox 752 1992 805 2034; x_wconf 93' lang='lat' dir='ltr'><strong>qui</strong></span> 
     </span>
     <span class='ocr_line' id='line_1_33' title="bbox 52 2034 749 2076; baseline 0.003 -13"><span class='ocrx_word' id='word_1_262' title='bbox 52 2039 84 2064; x_wconf 82' lang='lat' dir='ltr'><strong>et</strong></span> <span class='ocrx_word' id='word_1_263' title='bbox 96 2034 198 2064; x_wconf 89' lang='lat' dir='ltr'><strong>verbis</strong></span> <span class='ocrx_word' id='word_1_264' title='bbox 214 2040 246 2064; x_wconf 88' lang='lat' dir='ltr'><strong>et</strong></span> <span class='ocrx_word' id='word_1_265' title='bbox 258 2035 346 2065; x_wconf 86' lang='lat' dir='ltr'><strong>factis</strong></span> <span class='ocrx_word' id='word_1_266' title='bbox 362 2035 484 2076; x_wconf 84' lang='lat' dir='ltr'><strong>placere</strong></span> <span class='ocrx_word' id='word_1_267' title='bbox 502 2035 619 2075; x_wconf 88' lang='lat' dir='ltr'><strong>populo</strong></span> <span class='ocrx_word' id='word_1_268' title='bbox 636 2036 749 2065; x_wconf 82' lang='lat' dir='ltr'><strong>studet.</strong></span> 
     </span>
    </p>

    <p class='ocr_par' dir='ltr' id='par_1_9' title="bbox 51 2076 805 2236">
     <span class='ocr_line' id='line_1_34' title="bbox 95 2076 803 2117; baseline 0.001 -10"><span class='ocrx_word' id='word_1_269' title='bbox 95 2079 148 2107; x_wconf 67' lang='lat'><strong>52.</strong></span> <span class='ocrx_word' id='word_1_270' title='bbox 166 2076 203 2106; x_wconf 88' lang='lat' dir='ltr'><strong>In</strong></span> <span class='ocrx_word' id='word_1_271' title='bbox 219 2076 325 2117; x_wconf 77' lang='lat' dir='ltr'><strong>Campo</strong></span> <span class='ocrx_word' id='word_1_272' title='bbox 340 2077 477 2117; x_wconf 63' lang='lat' dir='ltr'><strong>Martia]</strong></span> <span class='ocrx_word' id='word_1_273' title='bbox 517 2079 653 2117; x_wconf 87' lang='lat' dir='ltr'><strong>Campus</strong></span> <span class='ocrx_word' id='word_1_274' title='bbox 669 2078 803 2108; x_wconf 81' lang='lat' dir='ltr'><strong>Martius</strong></span> 
     </span>
     <span class='ocr_line' id='line_1_35' title="bbox 52 2119 804 2160; baseline 0 -11"><span class='ocrx_word' id='word_1_275' title='bbox 52 2129 125 2159; x_wconf 81' lang='lat' dir='ltr'><strong>ager</strong></span> <span class='ocrx_word' id='word_1_276' title='bbox 140 2120 198 2149; x_wconf 81' lang='lat' dir='ltr'><strong>fuit</strong></span> <span class='ocrx_word' id='word_1_277' title='bbox 218 2119 466 2160; x_wconf 81' lang='lat' dir='ltr'><strong>Tarquiniorum,</strong></span> <span class='ocrx_word' id='word_1_278' title='bbox 481 2120 578 2150; x_wconf 85' lang='lat' dir='ltr'><strong>Marti</strong></span> <span class='ocrx_word' id='word_1_279' title='bbox 599 2126 804 2155; x_wconf 82' lang='lat' dir='ltr'><strong>consecratus,</strong></span> 
     </span>
     <span class='ocr_line' id='line_1_36' title="bbox 51 2162 805 2203; baseline 0 -11"><span class='ocrx_word' id='word_1_280' title='bbox 51 2173 145 2203; x_wconf 81' lang='lat' dir='ltr'><strong>quem</strong></span> <span class='ocrx_word' id='word_1_281' title='bbox 162 2162 279 2199; x_wconf 82' lang='lat' dir='ltr'><strong>Livius,</strong></span> <span class='ocrx_word' id='word_1_282' title='bbox 306 2163 360 2194; x_wconf 88' lang='lat' dir='ltr'><strong>lib.</strong></span> <span class='ocrx_word' id='word_1_283' title='bbox 384 2166 414 2193; x_wconf 86' lang='lat'><strong>1.</strong></span> <span class='ocrx_word' id='word_1_284' title='bbox 436 2162 587 2192; x_wconf 83' lang='lat' dir='ltr'><strong>Martium</strong></span> <span class='ocrx_word' id='word_1_285' title='bbox 613 2163 805 2203; x_wconf 87' lang='lat' dir='ltr'><strong>appellatum</strong></span> 
     </span>
     <span class='ocr_line' id='line_1_37' title="bbox 51 2205 278 2236; baseline 0.004 -2"><span class='ocrx_word' id='word_1_286' title='bbox 51 2205 145 2236; x_wconf 78' lang='lat' dir='ltr'><strong>fuisse</strong></span> <span class='ocrx_word' id='word_1_287' title='bbox 166 2210 278 2235; x_wconf 88' lang='lat' dir='ltr'><strong>narrat.</strong></span> 
     </span>
    </p>

    <p class='ocr_par' dir='ltr' id='par_1_10' title="bbox 51 2247 805 2545">
     <span class='ocr_line' id='line_1_38' title="bbox 95 2247 805 2287; baseline 0.001 -10"><span class='ocrx_word' id='word_1_288' title='bbox 95 2247 144 2278; x_wconf 87' lang='lat' dir='ltr'><strong>Ib.</strong></span> <span class='ocrx_word' id='word_1_289' title='bbox 169 2247 502 2287; x_wconf 71' lang='lat' dir='ltr'><strong>Cmnitz&#39;iscenmriatis.]</strong></span> <span class='ocrx_word' id='word_1_290' title='bbox 548 2247 683 2278; x_wconf 87' lang='lat' dir='ltr'><strong>Comitia</strong></span> <span class='ocrx_word' id='word_1_291' title='bbox 697 2254 805 2278; x_wconf 85' lang='lat' dir='ltr'><strong>centu-</strong></span> 
     </span>
     <span class='ocr_line' id='line_1_39' title="bbox 51 2290 805 2332; baseline 0.003 -12"><span class='ocrx_word' id='word_1_292' title='bbox 51 2291 128 2321; x_wconf 76' lang='lat' dir='ltr'><strong>riata</strong></span> <span class='ocrx_word' id='word_1_293' title='bbox 143 2290 278 2322; x_wconf 88' lang='lat' dir='ltr'><strong>omnium</strong></span> <span class='ocrx_word' id='word_1_294' title='bbox 295 2291 428 2321; x_wconf 78' lang='lat' dir='ltr'><strong>maxima</strong></span> <span class='ocrx_word' id='word_1_295' title='bbox 442 2290 645 2327; x_wconf 84' lang='lat' dir='ltr'><strong>habebantur,</strong></span> <span class='ocrx_word' id='word_1_296' title='bbox 655 2296 718 2321; x_wconf 77' lang='lat' dir='ltr'><strong>tum</strong></span> <span class='ocrx_word' id='word_1_297' title='bbox 732 2291 805 2332; x_wconf 84' lang='lat' dir='ltr'><strong>quia</strong></span> 
     </span>
     <span class='ocr_line' id='line_1_40' title="bbox 53 2334 803 2374; baseline 0.001 -11"><span class='ocrx_word' id='word_1_298' title='bbox 53 2334 170 2365; x_wconf 74' lang='lat' dir='ltr'><strong>fiebant</strong></span> <span class='ocrx_word' id='word_1_299' title='bbox 183 2344 221 2364; x_wconf 88' lang='lat' dir='ltr'><strong>ex</strong></span> <span class='ocrx_word' id='word_1_300' title='bbox 242 2344 336 2364; x_wconf 73' lang='lat' dir='ltr'><strong>censu</strong></span> <span class='ocrx_word' id='word_1_301' title='bbox 359 2339 390 2364; x_wconf 91' lang='lat' dir='ltr'><strong>et</strong></span> <span class='ocrx_word' id='word_1_302' title='bbox 404 2338 496 2364; x_wconf 85' lang='lat' dir='ltr'><strong>aetate</strong></span> <span class='ocrx_word' id='word_1_303' title='bbox 515 2344 571 2374; x_wconf 86' lang='lat' dir='ltr'><strong>per</strong></span> <span class='ocrx_word' id='word_1_304' title='bbox 592 2334 757 2370; x_wconf 83' lang='lat' dir='ltr'><strong>centurias,</strong></span> <span class='ocrx_word' id='word_1_305' title='bbox 771 2334 803 2364; x_wconf 91' lang='lat' dir='ltr'><strong>in</strong></span> 
     </span>
     <span class='ocr_line' id='line_1_41' title="bbox 53 2376 804 2418; baseline 0.001 -12"><span class='ocrx_word' id='word_1_306' title='bbox 53 2378 165 2417; x_wconf 85' lang='lat' dir='ltr'><strong>quibus</strong></span> <span class='ocrx_word' id='word_1_307' title='bbox 187 2376 315 2418; x_wconf 81' lang='lat' dir='ltr'><strong>singulis</strong></span> <span class='ocrx_word' id='word_1_308' title='bbox 340 2382 466 2407; x_wconf 85' lang='lat' dir='ltr'><strong>centum</strong></span> <span class='ocrx_word' id='word_1_309' title='bbox 495 2377 579 2407; x_wconf 87' lang='lat' dir='ltr'><strong>cives</strong></span> <span class='ocrx_word' id='word_1_310' title='bbox 602 2383 705 2407; x_wconf 89' lang='lat' dir='ltr'><strong>erant:</strong></span> <span class='ocrx_word' id='word_1_311' title='bbox 738 2382 804 2407; x_wconf 85' lang='lat' dir='ltr'><strong>tum</strong></span> 
     </span>
     <span class='ocr_line' id='line_1_42' title="bbox 52 2419 804 2461; baseline 0 -11"><span class='ocrx_word' id='word_1_312' title='bbox 52 2420 126 2461; x_wconf 88' lang='lat' dir='ltr'><strong>quia</strong></span> <span class='ocrx_word' id='word_1_313' title='bbox 140 2420 171 2450; x_wconf 91' lang='lat' dir='ltr'><strong>in</strong></span> <span class='ocrx_word' id='word_1_314' title='bbox 187 2419 232 2450; x_wconf 87' lang='lat' dir='ltr'><strong>eis</strong></span> <span class='ocrx_word' id='word_1_315' title='bbox 247 2419 388 2450; x_wconf 83' lang='lat' dir='ltr'><strong>consules</strong></span> <span class='ocrx_word' id='word_1_316' title='bbox 411 2425 443 2449; x_wconf 88' lang='lat' dir='ltr'><strong>et</strong></span> <span class='ocrx_word' id='word_1_317' title='bbox 464 2419 595 2460; x_wconf 80' lang='lat' dir='ltr'><strong>majores</strong></span> <span class='ocrx_word' id='word_1_318' title='bbox 610 2420 804 2460; x_wconf 80' lang='lat' dir='ltr'><strong>magistratus</strong></span> 
     </span>
     <span class='ocr_line' id='line_1_43' title="bbox 54 2462 805 2503; baseline -0.001 -10"><span class='ocrx_word' id='word_1_319' title='bbox 54 2463 250 2493; x_wconf 81' lang='lat' dir='ltr'><strong>creabantur:</strong></span> <span class='ocrx_word' id='word_1_320' title='bbox 285 2467 349 2493; x_wconf 86' lang='lat' dir='ltr'><strong>tum</strong></span> <span class='ocrx_word' id='word_1_321' title='bbox 373 2462 447 2503; x_wconf 84' lang='lat' dir='ltr'><strong>quia</strong></span> <span class='ocrx_word' id='word_1_322' title='bbox 468 2462 500 2492; x_wconf 89' lang='lat' dir='ltr'><strong>in</strong></span> <span class='ocrx_word' id='word_1_323' title='bbox 524 2462 570 2493; x_wconf 80' lang='lat' dir='ltr'><strong>liis</strong></span> <span class='ocrx_word' id='word_1_324' title='bbox 592 2463 633 2493; x_wconf 90' lang='lat' dir='ltr'><strong>de</strong></span> <span class='ocrx_word' id='word_1_325' title='bbox 667 2463 805 2494; x_wconf 83' lang='lat' dir='ltr'><strong>maximis</strong></span> 
     </span>
     <span class='ocr_line' id='line_1_44' title="bbox 55 2504 515 2545; baseline 0 -10"><span class='ocrx_word' id='word_1_326' title='bbox 55 2504 152 2536; x_wconf 71' lang='lat' dir='ltr'><strong>solum</strong></span> <span class='ocrx_word' id='word_1_327' title='bbox 165 2505 343 2536; x_wconf 84' lang='lat' dir='ltr'><strong>criminibus</strong></span> <span class='ocrx_word' id='word_1_328' title='bbox 354 2506 515 2545; x_wconf 81' lang='lat' dir='ltr'><strong>agebatur.</strong></span> 
     </span>
    </p>

    <p class='ocr_par' dir='ltr' id='par_1_11' title="bbox 56 2547 810 2750">
     <span class='ocr_line' id='line_1_45' title="bbox 98 2547 807 2589; baseline 0 -11"><span class='ocrx_word' id='word_1_329' title='bbox 98 2547 148 2578; x_wconf 84' lang='lat' dir='ltr'><strong>lb.</strong></span> <span class='ocrx_word' id='word_1_330' title='bbox 167 2550 322 2588; x_wconf 72' lang='lat' dir='ltr'><strong>Auspicato</strong></span> <span class='ocrx_word' id='word_1_331' title='bbox 335 2549 366 2578; x_wconf 79' lang='lat' dir='ltr'><strong>in</strong></span> <span class='ocrx_word' id='word_1_332' title='bbox 381 2548 467 2589; x_wconf 67' lang='lat' dir='ltr'><strong>loco]</strong></span> <span class='ocrx_word' id='word_1_333' title='bbox 513 2548 701 2589; x_wconf 85' lang='lat' dir='ltr'><strong>Auspicatus</strong></span> <span class='ocrx_word' id='word_1_334' title='bbox 722 2548 807 2579; x_wconf 90' lang='lat' dir='ltr'><strong>locus</strong></span> 
     </span>
     <span class='ocr_line' id='line_1_46' title="bbox 56 2588 807 2632; baseline 0.003 -12"><span class='ocrx_word' id='word_1_335' title='bbox 56 2590 108 2621; x_wconf 84' lang='lat' dir='ltr'><strong>ille</strong></span> <span class='ocrx_word' id='word_1_336' title='bbox 123 2590 246 2628; x_wconf 81' lang='lat' dir='ltr'><strong>dieitur,</strong></span> <span class='ocrx_word' id='word_1_337' title='bbox 259 2590 313 2632; x_wconf 89' lang='lat' dir='ltr'><strong>qui</strong></span> <span class='ocrx_word' id='word_1_338' title='bbox 328 2591 473 2631; x_wconf 83' lang='lat' dir='ltr'><strong>auspiciis</strong></span> <span class='ocrx_word' id='word_1_339' title='bbox 497 2590 709 2622; x_wconf 82' lang='lat' dir='ltr'><strong>consularibus</strong></span> <span class='ocrx_word' id='word_1_340' title='bbox 732 2588 807 2622; x_wconf 79' lang='lat' dir='ltr'><strong>con-</strong></span> 
     </span>
     <span class='ocr_line' id='line_1_47' title="bbox 57 2634 809 2675; baseline 0.003 -12"><span class='ocrx_word' id='word_1_341' title='bbox 57 2638 206 2664; x_wconf 85' lang='lat' dir='ltr'><strong>secratur:</strong></span> <span class='ocrx_word' id='word_1_342' title='bbox 230 2644 331 2675; x_wconf 86' lang='lat' dir='ltr'><strong>neque</strong></span> <span class='ocrx_word' id='word_1_343' title='bbox 345 2635 428 2664; x_wconf 89' lang='lat' dir='ltr'><strong>enirn</strong></span> <span class='ocrx_word' id='word_1_344' title='bbox 451 2634 504 2664; x_wconf 88' lang='lat' dir='ltr'><strong>illa</strong></span> <span class='ocrx_word' id='word_1_345' title='bbox 527 2634 651 2664; x_wconf 89' lang='lat' dir='ltr'><strong>comitia</strong></span> <span class='ocrx_word' id='word_1_346' title='bbox 674 2634 739 2665; x_wconf 70' lang='lat' dir='ltr'><strong>sine</strong></span> <span class='ocrx_word' id='word_1_347' title='bbox 755 2645 809 2665; x_wconf 85' lang='lat' dir='ltr'><strong>au-</strong></span> 
     </span>
     <span class='ocr_line' id='line_1_48' title="bbox 57 2676 810 2719; baseline 0.003 -13"><span class='ocrx_word' id='word_1_348' title='bbox 57 2676 155 2717; x_wconf 83' lang='lat' dir='ltr'><strong>spice,</strong></span> <span class='ocrx_word' id='word_1_349' title='bbox 179 2685 237 2707; x_wconf 88' lang='lat' dir='ltr'><strong>nec</strong></span> <span class='ocrx_word' id='word_1_350' title='bbox 258 2678 318 2708; x_wconf 79' lang='lat' dir='ltr'><strong>nisi</strong></span> <span class='ocrx_word' id='word_1_351' title='bbox 340 2677 373 2707; x_wconf 85' lang='lat' dir='ltr'><strong>in</strong></span> <span class='ocrx_word' id='word_1_352' title='bbox 395 2677 464 2708; x_wconf 92' lang='lat' dir='ltr'><strong>loco</strong></span> <span class='ocrx_word' id='word_1_353' title='bbox 487 2678 680 2719; x_wconf 84' lang='lat' dir='ltr'><strong>inaugurato,</strong></span> <span class='ocrx_word' id='word_1_354' title='bbox 703 2678 810 2708; x_wconf 85' lang='lat' dir='ltr'><strong>haberi</strong></span> 
     </span>
     <span class='ocr_line' id='line_1_49' title="bbox 57 2719 154 2750; baseline 0.01 -1"><span class='ocrx_word' id='word_1_355' title='bbox 57 2719 154 2750; x_wconf 85' lang='lat' dir='ltr'><strong>licuit.</strong></span> 
     </span>
    </p>

    <p class='ocr_par' dir='ltr' id='par_1_12' title="bbox 101 2760 808 2806">
     <span class='ocr_line' id='line_1_50' title="bbox 101 2760 808 2806; baseline 0.001 -13"><span class='ocrx_word' id='word_1_356' title='bbox 101 2763 155 2793; x_wconf 82' lang='lat'><strong>54.</strong></span> <span class='ocrx_word' id='word_1_357' title='bbox 172 2760 353 2802; x_wconf 60' lang='lat' dir='ltr'><strong>Famam-t]</strong></span> <span class='ocrx_word' id='word_1_358' title='bbox 377 2763 606 2795; x_wconf 76' lang='lat' dir='ltr'><strong>Existimabam</strong></span> <span class='ocrx_word' id='word_1_359' title='bbox 616 2764 712 2806; x_wconf 91' lang='lat' dir='ltr'><strong>pollui</strong></span> <span class='ocrx_word' id='word_1_360' title='bbox 726 2775 808 2800; x_wconf 89' lang='lat' dir='ltr'><strong>eum,</strong></span> 
     </span>
    </p>
   </div>
   <div class='ocr_carea' id='block_1_8' title="bbox 847 1865 1608 2807">
    <p class='ocr_par' dir='ltr' id='par_1_13' title="bbox 849 1865 1432 1906">
     <span class='ocr_line' id='line_1_51' title="bbox 849 1865 1432 1906; baseline 0 -12"><span class='ocrx_word' id='word_1_361' title='bbox 849 1865 1023 1906; x_wconf 85' lang='lat' dir='ltr'><strong>attingeret,</strong></span> <span class='ocrx_word' id='word_1_362' title='bbox 1038 1875 1097 1896; x_wconf 90' lang='lat' dir='ltr'><strong>nec</strong></span> <span class='ocrx_word' id='word_1_363' title='bbox 1112 1865 1189 1896; x_wconf 89' lang='lat' dir='ltr'><strong>civis</strong></span> <span class='ocrx_word' id='word_1_364' title='bbox 1209 1866 1432 1896; x_wconf 80' lang='lat' dir='ltr'><strong>verberaretur.</strong></span> 
     </span>
    </p>

    <p class='ocr_par' dir='ltr' id='par_1_14' title="bbox 848 1907 1606 2078">
     <span class='ocr_line' id='line_1_52' title="bbox 891 1907 1606 1950; baseline 0.003 -12"><span class='ocrx_word' id='word_1_365' title='bbox 891 1910 944 1939; x_wconf 79' lang='lat'><strong>55.</strong></span> <span class='ocrx_word' id='word_1_366' title='bbox 983 1907 1102 1950; x_wconf 66' lang='grc' dir='ltr'><strong>ΝςῙὶινίἰ</strong></span> <span class='ocrx_word' id='word_1_367' title='bbox 1126 1909 1260 1950; x_wconf 64' lang='lat' dir='ltr'><strong>sceleris]</strong></span> <span class='ocrx_word' id='word_1_368' title='bbox 1316 1908 1478 1938; x_wconf 82' lang='lat' dir='ltr'><strong>Nefarium</strong></span> <span class='ocrx_word' id='word_1_369' title='bbox 1505 1909 1606 1940; x_wconf 86' lang='lat' dir='ltr'><strong>scelus</strong></span> 
     </span>
     <span class='ocr_line' id='line_1_53' title="bbox 849 1951 1606 1992; baseline -0.001 -12"><span class='ocrx_word' id='word_1_370' title='bbox 849 1956 924 1986; x_wconf 81' lang='lat' dir='ltr'><strong>erat,</strong></span> <span class='ocrx_word' id='word_1_371' title='bbox 940 1951 965 1981; x_wconf 91' lang='lat' dir='ltr'><strong>si</strong></span> <span class='ocrx_word' id='word_1_372' title='bbox 980 1956 1143 1992; x_wconf 87' lang='lat' dir='ltr'><strong>caperetur</strong></span> <span class='ocrx_word' id='word_1_373' title='bbox 1156 1952 1230 1982; x_wconf 87' lang='lat' dir='ltr'><strong>civis</strong></span> <span class='ocrx_word' id='word_1_374' title='bbox 1256 1951 1429 1987; x_wconf 84' lang='lat' dir='ltr'><strong>Romanus,</strong></span> <span class='ocrx_word' id='word_1_375' title='bbox 1446 1957 1478 1981; x_wconf 86' lang='lat' dir='ltr'><strong>et</strong></span> <span class='ocrx_word' id='word_1_376' title='bbox 1492 1952 1532 1981; x_wconf 89' lang='lat' dir='ltr'><strong>ad</strong></span> <span class='ocrx_word' id='word_1_377' title='bbox 1549 1962 1606 1992; x_wconf 87' lang='lat' dir='ltr'><strong>pa..</strong></span> 
     </span>
     <span class='ocr_line' id='line_1_54' title="bbox 848 1994 1604 2035; baseline 0.001 -11"><span class='ocrx_word' id='word_1_378' title='bbox 848 1994 980 2024; x_wconf 87' lang='lat' dir='ltr'><strong>tibulum</strong></span> <span class='ocrx_word' id='word_1_379' title='bbox 992 1995 1170 2031; x_wconf 81' lang='lat' dir='ltr'><strong>dueeretur3</strong></span> <span class='ocrx_word' id='word_1_380' title='bbox 1181 1995 1278 2035; x_wconf 90' lang='lat' dir='ltr'><strong>quod,</strong></span> <span class='ocrx_word' id='word_1_381' title='bbox 1287 2000 1437 2035; x_wconf 89' lang='lat' dir='ltr'><strong>tanquam</strong></span> <span class='ocrx_word' id='word_1_382' title='bbox 1447 1994 1604 2026; x_wconf 80' lang='lat' dir='ltr'><strong>funestum</strong></span> 
     </span>
     <span class='ocr_line' id='line_1_55' title="bbox 850 2037 1453 2078; baseline 0.002 -12"><span class='ocrx_word' id='word_1_383' title='bbox 850 2037 976 2078; x_wconf 86' lang='lat' dir='ltr'><strong>aliquod</strong></span> <span class='ocrx_word' id='word_1_384' title='bbox 992 2037 1158 2077; x_wconf 85' lang='lat' dir='ltr'><strong>piaculum,</strong></span> <span class='ocrx_word' id='word_1_385' title='bbox 1174 2037 1362 2078; x_wconf 83' lang='lat' dir='ltr'><strong>expiandum</strong></span> <span class='ocrx_word' id='word_1_386' title='bbox 1378 2041 1453 2067; x_wconf 82' lang='lat' dir='ltr'><strong>erat.</strong></span> 
     </span>
    </p>

    <p class='ocr_par' dir='ltr' id='par_1_15' title="bbox 847 2079 1605 2247">
     <span class='ocr_line' id='line_1_56' title="bbox 889 2079 1605 2122; baseline 0.003 -13"><span class='ocrx_word' id='word_1_387' title='bbox 889 2081 942 2111; x_wconf 79' lang='lat'><strong>56.</strong></span> <span class='ocrx_word' id='word_1_388' title='bbox 977 2079 1118 2120; x_wconf 73' lang='lat' dir='ltr'><strong>Castam]</strong></span> <span class='ocrx_word' id='word_1_389' title='bbox 1171 2079 1300 2111; x_wconf 86' lang='lat' dir='ltr'><strong>Castum</strong></span> <span class='ocrx_word' id='word_1_390' title='bbox 1323 2081 1354 2110; x_wconf 87' lang='lat' dir='ltr'><strong>id</strong></span> <span class='ocrx_word' id='word_1_391' title='bbox 1385 2079 1497 2111; x_wconf 82' lang='lat' dir='ltr'><strong>dicitur</strong></span> <span class='ocrx_word' id='word_1_392' title='bbox 1518 2080 1605 2122; x_wconf 88' lang='lat' dir='ltr'><strong>quod</strong></span> 
     </span>
     <span class='ocr_line' id='line_1_57' title="bbox 847 2121 1603 2161; baseline 0.003 -10"><span class='ocrx_word' id='word_1_393' title='bbox 847 2132 958 2161; x_wconf 88' lang='lat' dir='ltr'><strong>purum</strong></span> <span class='ocrx_word' id='word_1_394' title='bbox 973 2128 1031 2157; x_wconf 87' lang='lat' dir='ltr'><strong>est,</strong></span> <span class='ocrx_word' id='word_1_395' title='bbox 1047 2133 1105 2153; x_wconf 87' lang='lat' dir='ltr'><strong>nec</strong></span> <span class='ocrx_word' id='word_1_396' title='bbox 1122 2122 1285 2158; x_wconf 84' lang='lat' dir='ltr'><strong>violatum;</strong></span> <span class='ocrx_word' id='word_1_397' title='bbox 1310 2121 1482 2153; x_wconf 86' lang='lat' dir='ltr'><strong>violabatur</strong></span> <span class='ocrx_word' id='word_1_398' title='bbox 1499 2129 1603 2154; x_wconf 86' lang='lat' dir='ltr'><strong>autem</strong></span> 
     </span>
     <span class='ocr_line' id='line_1_58' title="bbox 849 2164 1603 2205; baseline 0.003 -11"><span class='ocrx_word' id='word_1_399' title='bbox 849 2164 987 2205; x_wconf 88' lang='lat' dir='ltr'><strong>Campus</strong></span> <span class='ocrx_word' id='word_1_400' title='bbox 1004 2165 1138 2195; x_wconf 86' lang='lat' dir='ltr'><strong>Martius</strong></span> <span class='ocrx_word' id='word_1_401' title='bbox 1155 2170 1186 2195; x_wconf 92' lang='lat' dir='ltr'><strong>et</strong></span> <span class='ocrx_word' id='word_1_402' title='bbox 1200 2164 1351 2196; x_wconf 85' lang='lat' dir='ltr'><strong>carnificis</strong></span> <span class='ocrx_word' id='word_1_403' title='bbox 1371 2170 1403 2195; x_wconf 89' lang='lat' dir='ltr'><strong>et</strong></span> <span class='ocrx_word' id='word_1_404' title='bbox 1417 2165 1514 2196; x_wconf 88' lang='lat' dir='ltr'><strong>crucis</strong></span> <span class='ocrx_word' id='word_1_405' title='bbox 1529 2176 1603 2197; x_wconf 82' lang='lat' dir='ltr'><strong>con-</strong></span> 
     </span>
     <span class='ocr_line' id='line_1_59' title="bbox 849 2207 984 2247; baseline 0 -11"><span class='ocrx_word' id='word_1_406' title='bbox 849 2207 984 2247; x_wconf 85' lang='lat' dir='ltr'><strong>tagione.</strong></span> 
     </span>
    </p>

    <p class='ocr_par' dir='ltr' id='par_1_16' title="bbox 847 2249 1605 2410">
     <span class='ocr_line' id='line_1_60' title="bbox 892 2249 1602 2292; baseline 0.006 -13"><span class='ocrx_word' id='word_1_407' title='bbox 892 2253 944 2282; x_wconf 83' lang='lat'><strong>58.</strong></span> <span class='ocrx_word' id='word_1_408' title='bbox 970 2249 1125 2290; x_wconf 80' lang='lat' dir='ltr'><strong>Popularis</strong></span> <span class='ocrx_word' id='word_1_409' title='bbox 1135 2249 1198 2281; x_wconf 63' lang='lat' dir='ltr'><strong>verb</strong></span> <span class='ocrx_word' id='word_1_410' title='bbox 1215 2251 1376 2292; x_wconf 62' lang='lat' dir='ltr'><strong>tribunus]</strong></span> <span class='ocrx_word' id='word_1_411' title='bbox 1413 2249 1536 2282; x_wconf 68' lang='lat' dir='ltr'><strong>Ironice</strong></span> <span class='ocrx_word' id='word_1_412' title='bbox 1551 2251 1602 2283; x_wconf 85' lang='lat' dir='ltr'><strong>hic</strong></span> 
     </span>
     <span class='ocr_line' id='line_1_61' title="bbox 848 2292 1604 2326; baseline 0.004 -4"><span class='ocrx_word' id='word_1_413' title='bbox 848 2293 930 2323; x_wconf 84' lang='lat' dir='ltr'><strong>ludit</strong></span> <span class='ocrx_word' id='word_1_414' title='bbox 949 2292 1122 2324; x_wconf 89' lang='lat' dir='ltr'><strong>Labienum</strong></span> <span class='ocrx_word' id='word_1_415' title='bbox 1141 2293 1282 2324; x_wconf 88' lang='lat' dir='ltr'><strong>dissimili</strong></span> <span class='ocrx_word' id='word_1_416' title='bbox 1303 2293 1468 2325; x_wconf 87' lang='lat' dir='ltr'><strong>collatione</strong></span> <span class='ocrx_word' id='word_1_417' title='bbox 1490 2295 1604 2326; x_wconf 86' lang='lat' dir='ltr'><strong>civium</strong></span> 
     </span>
     <span class='ocr_line' id='line_1_62' title="bbox 848 2335 1605 2378; baseline 0.004 -12"><span class='ocrx_word' id='word_1_418' title='bbox 848 2335 1056 2376; x_wconf 84' lang='lat' dir='ltr'><strong>popularium,</strong></span> <span class='ocrx_word' id='word_1_419' title='bbox 1071 2347 1201 2378; x_wconf 87' lang='lat' dir='ltr'><strong>quorum</strong></span> <span class='ocrx_word' id='word_1_420' title='bbox 1222 2335 1405 2367; x_wconf 85' lang='lat' dir='ltr'><strong>meminerat</strong></span> <span class='ocrx_word' id='word_1_421' title='bbox 1418 2335 1450 2367; x_wconf 86' lang='lat' dir='ltr'><strong>in</strong></span> <span class='ocrx_word' id='word_1_422' title='bbox 1465 2337 1605 2369; x_wconf 84' lang='lat' dir='ltr'><strong>oratione</strong></span> 
     </span>
     <span class='ocr_line' id='line_1_63' title="bbox 847 2378 1083 2410; baseline 0.004 -1"><span class='ocrx_word' id='word_1_423' title='bbox 847 2378 903 2409; x_wconf 69' lang='lat' dir='ltr'><strong>sua</strong></span> <span class='ocrx_word' id='word_1_424' title='bbox 916 2379 1083 2410; x_wconf 87' lang='lat' dir='ltr'><strong>Labienus.</strong></span> 
     </span>
    </p>

    <p class='ocr_par' dir='ltr' id='par_1_17' title="bbox 849 2421 1607 2496">
     <span class='ocr_line' id='line_1_64' title="bbox 891 2421 1607 2465; baseline 0.003 -13"><span class='ocrx_word' id='word_1_425' title='bbox 891 2423 943 2453; x_wconf 86' lang='lat'><strong>63.</strong></span> <span class='ocrx_word' id='word_1_426' title='bbox 978 2421 1095 2463; x_wconf 58' lang='lat' dir='ltr'><strong>Ivgjussu</strong></span> <span class='ocrx_word' id='word_1_427' title='bbox 1122 2422 1238 2462; x_wconf 64' lang='lat' dir='ltr'><strong>vestra]</strong></span> <span class='ocrx_word' id='word_1_428' title='bbox 1296 2422 1437 2464; x_wconf 87' lang='lat' dir='ltr'><strong>Populus</strong></span> <span class='ocrx_word' id='word_1_429' title='bbox 1461 2423 1607 2465; x_wconf 87' lang='lat' dir='ltr'><strong>jubebat,</strong></span> 
     </span>
     <span class='ocr_line' id='line_1_65' title="bbox 849 2464 1147 2496; baseline -0.003 0"><span class='ocrx_word' id='word_1_430' title='bbox 849 2464 998 2496; x_wconf 83' lang='lat' dir='ltr'><strong>censebat</strong></span> <span class='ocrx_word' id='word_1_431' title='bbox 1011 2470 1147 2496; x_wconf 87' lang='lat' dir='ltr'><strong>senatus.</strong></span> 
     </span>
    </p>

    <p class='ocr_par' dir='ltr' id='par_1_18' title="bbox 850 2506 1608 2807">
     <span class='ocr_line' id='line_1_66' title="bbox 894 2506 1608 2548; baseline 0.004 -11"><span class='ocrx_word' id='word_1_432' title='bbox 894 2506 943 2538; x_wconf 94' lang='lat' dir='ltr'><strong>Ib.</strong></span> <span class='ocrx_word' id='word_1_433' title='bbox 987 2508 1012 2537; x_wconf 81' lang='lat' dir='ltr'><strong><em>A</em></strong></span> <span class='ocrx_word' id='word_1_434' title='bbox 1037 2508 1229 2548; x_wconf 55' lang='lat' dir='ltr'><strong>duumviris]</strong></span> <span class='ocrx_word' id='word_1_435' title='bbox 1279 2507 1456 2545; x_wconf 87' lang='lat' dir='ltr'><strong>Suetonius,</strong></span> <span class='ocrx_word' id='word_1_436' title='bbox 1481 2509 1514 2540; x_wconf 83' lang='lat' dir='ltr'><strong>in</strong></span> <span class='ocrx_word' id='word_1_437' title='bbox 1541 2509 1608 2540; x_wconf 59' lang='lat' dir='ltr'><strong>vita</strong></span> 
     </span>
     <span class='ocr_line' id='line_1_67' title="bbox 852 2549 1607 2586; baseline 0.004 -6"><span class='ocrx_word' id='word_1_438' title='bbox 852 2549 994 2586; x_wconf 55' lang='lat' dir='ltr'><strong>Canai-is,</strong></span> <span class='ocrx_word' id='word_1_439' title='bbox 1015 2551 1109 2581; x_wconf 85' lang='lat' dir='ltr'><strong>refert</strong></span> <span class='ocrx_word' id='word_1_440' title='bbox 1131 2550 1307 2582; x_wconf 89' lang='lat' dir='ltr'><strong>duumviros</strong></span> <span class='ocrx_word' id='word_1_441' title='bbox 1325 2551 1344 2581; x_wconf 71' lang='lat' dir='ltr'><strong>a</strong></span> <span class='ocrx_word' id='word_1_442' title='bbox 1373 2552 1465 2582; x_wconf 91' lang='lat' dir='ltr'><strong>Tullo</strong></span> <span class='ocrx_word' id='word_1_443' title='bbox 1495 2552 1607 2584; x_wconf 85' lang='lat' dir='ltr'><strong>Hosti-</strong></span> 
     </span>
     <span class='ocr_line' id='line_1_68' title="bbox 850 2592 1607 2634; baseline 0 -12"><span class='ocrx_word' id='word_1_444' title='bbox 850 2592 892 2622; x_wconf 92' lang='lat' dir='ltr'><strong>lio</strong></span> <span class='ocrx_word' id='word_1_445' title='bbox 919 2603 990 2634; x_wconf 86' lang='lat' dir='ltr'><strong>rege</strong></span> <span class='ocrx_word' id='word_1_446' title='bbox 1019 2594 1052 2623; x_wconf 89' lang='lat' dir='ltr'><strong>in</strong></span> <span class='ocrx_word' id='word_1_447' title='bbox 1075 2593 1169 2625; x_wconf 71' lang='lat' dir='ltr'><strong>causa</strong></span> <span class='ocrx_word' id='word_1_448' title='bbox 1198 2593 1394 2625; x_wconf 84' lang='lat' dir='ltr'><strong>Horatiorum</strong></span> <span class='ocrx_word' id='word_1_449' title='bbox 1418 2594 1514 2626; x_wconf 86' lang='lat' dir='ltr'><strong>fuisse</strong></span> <span class='ocrx_word' id='word_1_450' title='bbox 1543 2595 1607 2634; x_wconf 82' lang='lat' dir='ltr'><strong>pri.</strong></span> 
     </span>
     <span class='ocr_line' id='line_1_69' title="bbox 852 2634 1606 2679; baseline 0.003 -14"><span class='ocrx_word' id='word_1_451' title='bbox 852 2634 935 2665; x_wconf 72' lang='lat' dir='ltr'><strong>nium</strong></span> <span class='ocrx_word' id='word_1_452' title='bbox 968 2637 1166 2674; x_wconf 86' lang='lat' dir='ltr'><strong>constitutos,</strong></span> <span class='ocrx_word' id='word_1_453' title='bbox 1204 2647 1275 2668; x_wconf 88' lang='lat' dir='ltr'><strong>cum</strong></span> <span class='ocrx_word' id='word_1_454' title='bbox 1312 2642 1468 2679; x_wconf 86' lang='lat' dir='ltr'><strong>potestate</strong></span> <span class='ocrx_word' id='word_1_455' title='bbox 1503 2642 1606 2668; x_wconf 86' lang='lat' dir='ltr'><strong>tamen</strong></span> 
     </span>
     <span class='ocr_line' id='line_1_70' title="bbox 854 2677 1608 2720; baseline 0.003 -12"><span class='ocrx_word' id='word_1_456' title='bbox 854 2679 893 2708; x_wconf 88' lang='lat' dir='ltr'><strong>ad</strong></span> <span class='ocrx_word' id='word_1_457' title='bbox 920 2677 1069 2720; x_wconf 85' lang='lat' dir='ltr'><strong>populum</strong></span> <span class='ocrx_word' id='word_1_458' title='bbox 1099 2679 1310 2720; x_wconf 83' lang='lat' dir='ltr'><strong>provocandi:</strong></span> <span class='ocrx_word' id='word_1_459' title='bbox 1347 2686 1417 2711; x_wconf 84' lang='lat' dir='ltr'><strong>acta</strong></span> <span class='ocrx_word' id='word_1_460' title='bbox 1445 2679 1518 2710; x_wconf 64' lang='lat' dir='ltr'><strong>vert}</strong></span> <span class='ocrx_word' id='word_1_461' title='bbox 1544 2680 1608 2720; x_wconf 88' lang='lat' dir='ltr'><strong>pri-</strong></span> 
     </span>
     <span class='ocr_line' id='line_1_71' title="bbox 851 2720 1608 2764; baseline 0.005 -14"><span class='ocrx_word' id='word_1_462' title='bbox 851 2720 933 2751; x_wconf 76' lang='lat' dir='ltr'><strong>mum</strong></span> <span class='ocrx_word' id='word_1_463' title='bbox 963 2723 1030 2753; x_wconf 88' lang='lat' dir='ltr'><strong>haec</strong></span> <span class='ocrx_word' id='word_1_464' title='bbox 1054 2721 1177 2754; x_wconf 86' lang='lat' dir='ltr'><strong>Rabirii</strong></span> <span class='ocrx_word' id='word_1_465' title='bbox 1201 2733 1295 2754; x_wconf 89' lang='lat' dir='ltr'><strong>causa</strong></span> <span class='ocrx_word' id='word_1_466' title='bbox 1324 2723 1408 2764; x_wconf 88' lang='lat' dir='ltr'><strong>apud</strong></span> <span class='ocrx_word' id='word_1_467' title='bbox 1429 2722 1608 2754; x_wconf 79' lang='lat' dir='ltr'><strong>duumviros</strong></span> 
     </span>
     <span class='ocr_line' id='line_1_72' title="bbox 853 2764 1608 2807; baseline 0.004 -13"><span class='ocrx_word' id='word_1_468' title='bbox 853 2765 928 2801; x_wconf 85' lang='lat' dir='ltr'><strong>suit;</strong></span> <span class='ocrx_word' id='word_1_469' title='bbox 951 2769 995 2803; x_wconf 91' lang='lat' dir='ltr'><strong>et,</strong></span> <span class='ocrx_word' id='word_1_470' title='bbox 1011 2765 1051 2795; x_wconf 88' lang='lat' dir='ltr'><strong>ab</strong></span> <span class='ocrx_word' id='word_1_471' title='bbox 1072 2765 1110 2796; x_wconf 88' lang='lat' dir='ltr'><strong>iis</strong></span> <span class='ocrx_word' id='word_1_472' title='bbox 1133 2767 1369 2801; x_wconf 85' lang='lat' dir='ltr'><strong>condemnatus,</strong></span> <span class='ocrx_word' id='word_1_473' title='bbox 1390 2764 1428 2795; x_wconf 81' lang='lat' dir='ltr'><strong>ad</strong></span> <span class='ocrx_word' id='word_1_474' title='bbox 1455 2765 1608 2807; x_wconf 88' lang='lat' dir='ltr'><strong>populum</strong></span> 
     </span>
    </p>
   </div>
   <div class='ocr_carea' id='block_1_9' title="bbox 58 2803 1039 2849">
    <p class='ocr_par' dir='ltr' id='par_1_19' title="bbox 58 2803 1039 2849">
     <span class='ocr_line' id='line_1_73' title="bbox 58 2803 1039 2849; baseline 0.002 -13"><span class='ocrx_word' id='word_1_475' title='bbox 58 2816 121 2836; x_wconf 84' lang='lat' dir='ltr'><strong>uon</strong></span> <span class='ocrx_word' id='word_1_476' title='bbox 145 2803 238 2835; x_wconf 73' lang='lat' dir='ltr'><strong>inodo</strong></span> <span class='ocrx_word' id='word_1_477' title='bbox 260 2804 314 2846; x_wconf 85' lang='lat' dir='ltr'><strong>qui</strong></span> <span class='ocrx_word' id='word_1_478' title='bbox 335 2807 539 2842; x_wconf 67' lang='lat' dir='ltr'><strong>attrectasset,</strong></span> <span class='ocrx_word' id='word_1_479' title='bbox 563 2808 619 2837; x_wconf 82' lang='lat' dir='ltr'><strong>sed</strong></span> <span class='ocrx_word' id='word_1_480' title='bbox 642 2807 735 2838; x_wconf 81' lang='lat' dir='ltr'><strong>etiam</strong></span> <span class='ocrx_word' id='word_1_481' title='bbox 760 2807 813 2848; x_wconf 88' lang='lat' dir='ltr'><strong>qui</strong></span> <span class='ocrx_word' id='word_1_482' title='bbox 858 2807 1039 2849; x_wconf 81' lang='lat' dir='ltr'><strong>appellavit.</strong></span> 
     </span>
    </p>
   </div>
   <div class='ocr_carea' id='block_1_10' title="bbox 60 2848 628 2885">
    <p class='ocr_par' dir='ltr' id='par_1_20' title="bbox 60 2848 628 2885">
     <span class='ocr_line' id='line_1_74' title="bbox 60 2848 628 2885; baseline 0.011 -9"><span class='ocrx_word' id='word_1_483' title='bbox 60 2848 199 2885; x_wconf 81' lang='lat' dir='ltr'><strong>vidisset,</strong></span> <span class='ocrx_word' id='word_1_484' title='bbox 214 2848 346 2879; x_wconf 86' lang='lat' dir='ltr'><strong>cadaver</strong></span> <span class='ocrx_word' id='word_1_485' title='bbox 361 2849 492 2881; x_wconf 80' lang='lat' dir='ltr'><strong>hominis</strong></span> <span class='ocrx_word' id='word_1_486' title='bbox 507 2850 628 2882; x_wconf 83' lang='lat' dir='ltr'><strong>mortui.</strong></span> 
     </span>
    </p>
   </div>
   <div class='ocr_carea' id='block_1_11' title="bbox 902 2848 1612 2890">
    <p class='ocr_par' dir='ltr' id='par_1_21' title="bbox 902 2848 1612 2890">
     <span class='ocr_line' id='line_1_75' title="bbox 902 2848 1612 2890; baseline 0.006 -11"><span class='ocrx_word' id='word_1_487' title='bbox 902 2851 954 2883; x_wconf 81' lang='lat'><strong>64.</strong></span> <span class='ocrx_word' id='word_1_488' title='bbox 975 2849 1094 2881; x_wconf 66' lang='lat' dir='ltr'><strong>India&amp;</strong></span> <span class='ocrx_word' id='word_1_489' title='bbox 1103 2850 1217 2890; x_wconf 47' lang='lat' dir='ltr'><strong>causta]</strong></span> <span class='ocrx_word' id='word_1_490' title='bbox 1248 2849 1346 2882; x_wconf 79' lang='lat' dir='ltr'><strong>Nulla</strong></span> <span class='ocrx_word' id='word_1_491' title='bbox 1362 2855 1409 2882; x_wconf 83' lang='lat' dir='ltr'><strong>est</strong></span> <span class='ocrx_word' id='word_1_492' title='bbox 1423 2851 1530 2883; x_wconf 88' lang='lat' dir='ltr'><strong>audita</strong></span> <span class='ocrx_word' id='word_1_493' title='bbox 1545 2848 1612 2883; x_wconf 75' lang='lat' dir='ltr'><strong>Ra-</strong></span> 
     </span>
    </p>
   </div>
   <div class='ocr_carea' id='block_1_12' title="bbox 1193 2894 1272 2933">
    <p class='ocr_par' dir='ltr' id='par_1_22' title="bbox 1193 2894 1272 2933">
     <span class='ocr_line' id='line_1_76' title="bbox 1193 2894 1272 2933; baseline 0 0"><span class='ocrx_word' id='word_1_494' title='bbox 1193 2894 1272 2933; x_wconf 61' lang='lat'><strong>1⁴2</strong></span> 
     </span>
    </p>
   </div>
  </div>
 </body>
</html>
