1790 3090
59 145 142 191 320
760 141 852 174 PRO
884 140 1076 174 MILONE.

58 218 114 260 35
135 221 186 264 Ρ.
208 220 352 263 Clodii
373 226 599 277 praeturam
629 231 715 260 non
742 217 835 260 sine
855 218 1043 261 maximo
1064 230 1203 259 rerum
1228 231 1432 260 novarum
1455 222 1572 259 metu
1599 231 1694 274 pro-

132 278 249 335 poni,
270 286 313 320 et
344 279 527 320 solutam
546 276 651 327 fore,
674 275 900 328 videbatis,
922 275 1003 316 nisi
1024 281 1138 316 esset
1166 274 1203 316 is
1224 275 1389 326 consul,
1413 275 1486 331 qui
1508 289 1601 316 eam
1622 289 1696 316 au-

132 336 251 378 deret
271 342 504 392 possetque
527 332 835 389 constringere.
899 332 1011 373 Eum
1043 332 1254 373 Milonem
1278 348 1373 375 esse
1400 334 1498 373 cum
1518 330 1697 377 sentiret

130 393 352 434 universus
366 391 548 447 populus
565 390 802 440 Romanus,
821 390 918 446 quis
935 388 1163 440 dubitaret,
1178 389 1381 445 suffragio
1399 404 1491 441 suo,
1506 404 1550 430 se
1564 394 1695 438 mem,

130 449 321 505 periculo
362 447 685 503 rempublicam,
719 447 920 488 liberare?
993 446 1053 487 At
1091 460 1192 497 non,
1231 446 1282 487 P.
1316 447 1473 488 Clodio
1514 453 1695 496 remoto,

56 503 112 544 40
131 505 300 548 usitatis
321 504 423 560 fjam
454 505 580 545 rebus
609 503 859 545 enitendum
890 510 956 544 est
986 502 1159 554 Miloni,
1179 509 1227 543 ut
1250 510 1420 545 tueatur
1439 503 1697 558 dignitatem

130 577 251 604 suam
266 579 277 614 3
309 561 535 618 singularis
555 561 626 602 illa
643 561 744 602 huic
761 560 833 601 uni
853 574 1061 602 concessa
1077 559 1225 616 gloria,
1242 575 1339 616 quae
1356 560 1548 616 quotidie
1564 573 1696 615 auge-

129 621 253 661 batur
281 619 528 675 frangendis
561 618 773 659 furoribus
796 616 1145 673 Clodianis,jam
1176 625 1311 658 morte
1342 617 1488 658 Clodii
1520 615 1697 658 cecidit.

128 677 220 718 Vos
241 676 387 732 adepti
411 676 514 717 estis
543 690 596 716 ne
618 690 744 731 quem
778 674 916 716 civem
947 673 1220 715 metueretis:
1251 674 1324 715 hic
1346 674 1697 715 exercitationem

127 733 311 785 virtutis,
335 732 687 788 suffragationem
708 731 974 780 consulatus,
992 731 1156 772 fontem
1176 746 1406 787 perennem
1428 730 1571 788 gloriae
1591 745 1696 780 suae,

54 787 109 828 45
128 791 330 847 perdidit.
393 790 545 846 Itaque
588 789 768 830 Milonis
809 789 1074 839 consulatus,
1112 789 1185 844 qui
1221 789 1317 830 vivo
1360 787 1515 830 Clodio
1554 787 1696 828 glabe-

128 847 280 889 factari
310 862 398 888 non
428 853 610 902 poterat,
632 853 800 887 mortuo
832 847 1018 901 denique
1040 845 1223 886 htentari
1256 852 1426 901 coeptus
1455 851 1534 887 est.
1595 843 1695 885 Non

127 905 257 945 modo
288 904 417 958 igitur
448 903 555 943 nihil
585 902 775 957 prodest,
797 903 874 944 sed
903 904 1028 943 obest
1056 902 1200 953 etiam,
1222 902 1273 943 P.
1297 902 1439 943 Clodii
1467 916 1580 943 mors
1609 900 1695 941 Mi-

126 961 230 1002 loni.
291 961 351 1001 At
383 959 514 1000 valuit
544 959 713 999 odium:
746 959 851 1000 fecit
885 959 1031 1008 iratus,
1066 958 1171 999 fecit
1200 959 1415 1011 inimicis,
1444 959 1547 1000 fecit
1582 958 1691 998 ultor

127 1016 307 1074 injuriae,
344 1016 517 1073 punitor
552 1015 714 1057 doloris
747 1015 838 1057 sui!
900 1014 1046 1062 Quid?
1077 1015 1113 1054 si
1146 1015 1254 1065 heec,
1285 1029 1372 1056 non
1403 1015 1502 1057 dico
1533 1016 1696 1071 majora

52 1073 109 1113 50
127 1075 300 1116 fuerunt
328 1074 372 1114 in
394 1072 549 1114 Clodio
574 1071 705 1128 quam
738 1071 782 1112 in
811 1071 994 1121 Milone,
1018 1071 1094 1113 sed
1126 1070 1169 1111 in
1201 1071 1275 1112 illo
1297 1071 1496 1123 maxima,
1517 1072 1633 1113 nulla
1650 1071 1696 1112 in

125 1132 237 1182 hoc,
269 1130 373 1187 quid
393 1129 522 1171 vultis
543 1129 757 1185 amplius?
789 1128 907 1176 Quid
929 1127 1043 1169 enim
1065 1127 1230 1169 odisset
1251 1128 1452 1170 Clodium
1484 1128 1608 1179 Milo,
1632 1142 1696 1169 se-

126 1194 270 1244 getem
291 1202 341 1229 ac
362 1186 583 1228 materiem
606 1201 694 1227 suae
715 1186 875 1241 gloriae,
892 1191 1045 1241 praeter
1065 1184 1150 1226 hoc
1170 1185 1295 1226 civile
1318 1184 1480 1236 odium,
1499 1200 1585 1241 quo
1608 1199 1696 1227 om-

124 1259 201 1287 nes
224 1244 443 1301 improbos
465 1243 664 1285 odimus?
714 1242 807 1293 Ille,
831 1249 934 1294 erat,
957 1248 1006 1283 ut
1026 1241 1203 1293 odisset,
1224 1242 1409 1298 primum
1426 1242 1696 1284 defensorem

126 1301 276 1343 salutis
306 1316 427 1352 meae,
452 1300 609 1342 deinde
630 1305 878 1341 vexatorem
897 1298 1068 1350 suroris,
1089 1297 1345 1340 domitorem
1367 1313 1579 1341 armorum
1600 1313 1698 1341 suo-

51 1359 107 1398 55
126 1374 233 1411 rum,
267 1357 485 1415 postremo
522 1357 652 1399 etiam
690 1365 987 1399 accusatorem
1027 1370 1177 1407 suum3
1211 1355 1322 1398 ireus
1359 1356 1472 1398 enim
1513 1355 1695 1398 Milonis

124 1417 221 1475 lege
254 1415 401 1458 Plotia
424 1415 505 1456 fuit
527 1413 723 1466 Clodius,
745 1414 890 1471 quoad
910 1413 1029 1455 vixit.
1090 1413 1188 1461 Quo
1222 1413 1397 1455 tandem
1433 1413 1576 1456 animo
1611 1413 1697 1462 hoc

182 1588 450 1631 seeo-temdum
471 1603 584 1629 more
601 1590 737 1630 solito.
873 1594 888 1618 g
899 1589 1162 1629 certissimus
1183 1593 1290 1629 erat.
1426 1586 1444 1611 ¹¹
1456 1588 1639 1629 concuti.

465 1644 594 1686 ἰΝΙὶῖο
615 1648 729 1687 enim
745 1647 893 1700 potuit
913 1660 1117 1687 accusare
1140 1646 1352 1687 Clodium.

168 1839 223 1870 35.
249 1838 344 1868 Clodii
373 1838 560 1879 proeturam]
619 1837 695 1868 Post
724 1837 889 1878 digressio·
933 1837 1077 1868 struxerit
1106 1837 1245 1867 insidias.
1302 1836 1348 1867 At
1376 1837 1457 1868 hanc
1486 1834 1694 1876 objectionem

124 1893 206 1917 nem,
223 1882 301 1913 redit
324 1883 363 1911 ad
388 1887 564 1922 praeturam,
579 1891 671 1922 quam
689 1881 817 1911 Clodius
834 1892 889 1922 pe·
933 1880 1024 1911 solvit
1043 1880 1062 1909 ὲ
1085 1880 1196 1917 causis,
1212 1880 1285 1921 quia
1308 1890 1401 1910 nemo
1417 1879 1485 1910 odit
1499 1890 1582 1914 eum,
1597 1880 1614 1909 ἐ
1633 1890 1695 1920 quo

124 1926 221 1956 tebat.
934 1924 963 1954 ei
991 1923 1126 1954 accrevit
1152 1923 1247 1963 gloria
1259 1936 1268 1954 ε
1295 1929 1326 1954 at
1351 1923 1494 1958 maxima,
1519 1922 1697 1963 frangendis

167 1968 217 2000 lb.
243 1968 354 1998 Rerum
369 1967 534 2008 novarum]
568 1967 686 2007 Vulgo,
702 1978 757 2008 per
770 1978 817 1997 res
832 1977 888 1997 no·
934 1967 1039 1997 Clodii
1052 1967 1216 2002 furoribus,
1232 1966 1347 1997 Miloni
1362 1966 1492 1997 accrevit
1509 1965 1616 2005 gloria.

125 2023 190 2046 vas,
207 2011 373 2042 seditiones
389 2017 421 2041 et
436 2010 724 2050 motusintelligunt
739 2011 887 2046 historici,
974 2012 1029 2041 52.
1051 2009 1163 2040 Praeter
1178 2010 1228 2039 hoc
1241 2010 1350 2050 civile]
1394 2008 1452 2039 Ait
1464 2008 1619 2039 Milonem
1633 2019 1695 2039 non

123 2054 235 2095 quibus
250 2060 370 2085 veteres
387 2054 472 2094 leges
489 2054 706 2094 infringuntur.
759 2053 811 2083 Ad
828 2054 887 2084 hoc
932 2053 994 2083 alio
1017 2052 1088 2083 odio
1103 2053 1197 2083 fuisse
1211 2052 1356 2083 Clodium
1380 2056 1586 2092 persecutum,
1603 2051 1697 2093 quzim

124 2103 226 2128 autem
243 2097 374 2127 maxime
391 2097 470 2127 Pub.
484 2097 615 2128 Clodius
631 2096 805 2138 spectabat,
817 2096 886 2127 cuin
933 2107 996 2137 quo
1026 2107 1134 2126 omnes
1160 2096 1292 2127 naturali
1320 2095 1456 2138 quadam
1486 2096 1695 2136 propensione

125 2148 236 2182 praetor
253 2141 317 2171 lieri
332 2141 439 2170 voluit.
933 2140 1066 2170 oderunt
1080 2140 1248 2180 improbos.

167 2187 221 2215 37.
244 2183 321 2215 Eum
336 2183 504 2224 Milonem]
558 2182 655 2214 Totus
669 2183 804 2224 populus
820 2183 887 2213 Ro·
973 2185 1026 2214 53.
1042 2182 1109 2218 Ille,
1121 2189 1194 2217 erat,
1209 2188 1245 2212 ut
1258 2182 1387 2224 odisset]
1414 2182 1486 2213 Jam
1501 2192 1610 2212 causas
1625 2192 1696 2223 pro-

126 2239 234 2258 manus
261 2227 392 2268 optabat
428 2227 583 2257 Milonem
614 2227 680 2256 fieri
715 2226 887 2265 consulem,
929 2225 991 2256 fert
1005 2226 1099 2267 quare
1117 2226 1247 2257 Clodius
1262 2225 1381 2256 odisset
1396 2225 1562 2256 Milonem.
1587 2225 1693 2256 Prima

125 2271 213 2312 quasi
228 2271 252 2301 is
270 2281 347 2302 unus
364 2276 456 2306 esset,
471 2270 525 2312 qui
548 2269 663 2300 Clodio
679 2275 784 2311 posset
799 2271 889 2300 resis-
932 2280 1026 2300 causa
1042 2274 1100 2304 est,
1116 2270 1190 2310 quia
1209 2269 1347 2300 tribunus
1369 2269 1469 2310 plebis
1488 2268 1570 2299 Milo
1585 2269 1694 2299 studu-

124 2320 201 2344 tere.
933 2318 999 2343 erat
1016 2312 1160 2344 Ciceroni
1175 2313 1214 2344 ab
1228 2313 1336 2343 exsilio
1350 2313 1536 2345 revocando.
1574 2312 1692 2342 Secun-

168 2359 221 2389 39.
259 2357 300 2386 At
327 2368 396 2392 non,
424 2356 461 2386 P.
495 2356 619 2397 Clodia]
666 2356 885 2396 Objectionem
931 2357 983 2392 da,
1014 2356 1087 2397 quia
1124 2355 1237 2396 saepius
1275 2355 1497 2397 rempublicam
1526 2359 1692 2385 vexaverat

124 2400 271 2441 proponit
286 2399 412 2437 Cicero,
426 2404 458 2429 et
473 2399 611 2429 ostendit
628 2398 734 2430 Clodii
758 2406 886 2430 mortem
932 2400 1074 2438 Clodius,
1090 2398 1176 2439 cujus
1189 2398 1270 2429 Milo
1286 2397 1400 2439 saepius
1416 2409 1499 2429 arma
1514 2397 1690 2437 impedivit.

124 2444 220 2474 nihilo
237 2442 344 2474 utilem
361 2442 474 2473 Miloni
489 2442 594 2472 fuisse.
929 2442 1046 2479 Tertia,
1058 2443 1130 2482 quia
1147 2442 1292 2472 Clodium
1309 2446 1510 2472 accusaverat
1523 2440 1615 2470 Milo.

168 2489 221 2518 44.
244 2486 363 2517 Fontem
375 2485 552 2526 perennem]
598 2485 715 2515 Locum
736 2485 819 2516 hunc
842 2484 886 2515 ci·
973 2486 1026 2516 56.
1055 2485 1133 2525 Lege
1148 2485 1273 2527 Plotia]
1328 2485 1413 2515 Tulit
1427 2485 1477 2518 M.
1495 2483 1616 2514 Plotius
1633 2483 1692 2513 Sil-

124 2535 170 2560 tat
185 2529 409 2567 Quintilianus,
426 2528 480 2559 lib.
496 2531 526 2560 8.
546 2528 597 2558 ubi
614 2529 654 2558 de
669 2528 803 2569 egregiis
820 2539 885 2558 me-
928 2538 1025 2559 vanus
1046 2528 1187 2558 tribunus
1212 2527 1325 2568 plebis,
1342 2527 1401 2558 Cn.
1428 2527 1582 2567 Pompeio
1608 2526 1692 2557 Stra-

124 2573 262 2614 taphoris
277 2572 424 2613 loquitur.
929 2571 1021 2607 bone,
1045 2571 1082 2602 L.
1104 2571 1215 2601 Porcio
1242 2570 1362 2601 Catone
1387 2570 1476 2601 Coss.
1498 2580 1580 2600 anno
1597 2569 1690 2599 Urbis

166 2619 219 2648 48.
245 2617 282 2646 At
296 2615 392 2645 valuit
407 2613 532 2654 odium]
587 2614 730 2644 Occurrit
753 2614 885 2655 objecti-
929 2615 1063 2644 condi'tae
1077 2615 1152 2644 664.
1168 2614 1305 2644 secundo
1319 2624 1400 2643 anno
1417 2613 1489 2644 belli
1501 2611 1690 2648 Italici‚cum

123 2659 186 2695 oni,
203 2670 271 2699 quae
295 2658 452 2688 informari
475 2658 519 2687 sic
543 2657 581 2687 ab
598 2658 779 2687 adversariis
797 2664 885 2698 pote·
929 2662 1074 2697 equester
1088 2657 1163 2686 ordo
1179 2656 1348 2697 injudIciis
1364 2656 1586 2692 dominaretur,
1602 2661 1635 2685 ut
1650 2656 1691 2686 de

121 2708 186 2732 rat:
210 2704 235 2733 si
253 2702 332 2732 Milo
356 2702 465 2731 oderat
489 2701 647 2739 Clodium,
671 2702 727 2730 sed
753 2701 882 2732 Clodius
926 2701 964 2730 iis
975 2700 1100 2741 quivim
1111 2699 1268 2741 publicam
1282 2700 1405 2729 armatis
1414 2699 1588 2730 hominibus
1598 2699 1690 2730 fecis-

119 2757 182 2775 non
212 2746 322 2776 oderat
360 2744 524 2779 Milonem,
554 2743 733 2775 credibilius
762 2745 883 2776 videtur
928 2750 1008 2780 sent,
1028 2743 1158 2785 quaestio
1170 2743 1417 2774 constitueretur.
1462 2742 1553 2774 Certe
1570 2742 1692 2778 Cicero,

117 2789 204 2831 quod
231 2788 312 2820 Milo
334 2787 460 2824 Clodio,
486 2788 579 2829 quzim
603 2787 734 2820 Clodius
755 2788 883 2826 Miloni,
928 2787 981 2819 lib.
993 2787 1125 2829 4.epist.
1140 2787 1180 2819 ad
1196 2786 1264 2820 Att.
1275 2786 1331 2825 ait,
1344 2786 1428 2828 qudd
1444 2796 1536 2818 ausus
1547 2790 1594 2822 est
1609 2785 1692 2821 Milo
