1858 3095
725 140 814 190 rino
841 158 985 192 Miror-⁴
996 162 1032 192 E.
1658 170 1741 212 339

95 228 424 287 possessionum
454 230 711 273 terminabat
733 246 926 284 suarum3
955 233 1041 289 qui,
1072 222 1174 275 ‘cum
1206 234 1260 276 ab
1291 234 1436 292 equite
1457 235 1665 288 Romano,

100 287 330 344 splendido
352 295 395 330 et
415 287 512 330 forti
533 288 636 339 viro,
660 288 708 330 T.
728 288 930 338 Pacavio,
953 304 1039 330 non
1061 289 1333 347 impetrasset
1355 298 1402 333 ut
1423 292 1603 335 insulam
1626 296 1668 336 in

103 343 218 387 Lacu
237 344 377 387 Prelio
393 344 607 397 venderet,
629 344 830 402 ”repente
848 346 1048 388 lintribus
1066 346 1108 387 in
1126 362 1218 388 eam
1236 348 1417 390 insulam
1432 350 1666 402 materiam,
1684 353 1738 393 35

102 401 282 454 calcem,
313 409 536 451 caementa,
558 410 687 460 atque
706 418 834 454 arma,
865 404 1086 454 convexit3
1119 404 1310 446 domiuo(
1329 421 1378 446 ue
1401 413 1516 447 trans
1535 407 1668 462 ripam

101 456 168 499 ins
201 465 385 510 ectante,
399 473 485 500 non
505 460 718 501 dubitavit
737 460 967 501 aedificium
986 469 1202 501 exstruere
1227 461 1268 501 in
1283 423 1443 513 alieno;
1476 463 1547 519 qui
1568 464 1668 504 huic

101 512 149 556 T.
210 515 390 566 ursanio,
422 516 491 558 cui
514 516 620 568 viro,
653 517 711 558 dii
735 517 1012 559 immortales!
1044 517 1167 573 (quid
1190 517 1302 558 enirn
1325 534 1405 573 ego
1428 520 1480 560 de
1504 520 1669 561 mulier-

100 571 199 613 cula
221 570 411 625 Scantia,
443 573 546 629 quid
568 574 620 615 de
643 574 918 616 adolescente
940 574 1132 630 Apronio
1155 574 1297 615 dicam
1310 575 1325 614 ’ἒ
1358 590 1538 630 quorum
1568 576 1670 617 utri-

100 642 185 684 que
196 637 376 671 mortem
389 637 456 672 est
468 630 791 683 minitatus‚nisi
807 631 885 672 sibi
902 631 1120 672 hortorum
1133 632 1407 686 possessione
1418 632 1668 683 cessissent)
1685 634 1741 675 40

102 684 179 726 ‘sed
198 699 327 728 ausus
349 694 416 728 est
434 686 634 729 Furfanio
652 688 809 738 dicere,
826 688 860 728 si
874 687 957 728 sibi
976 687 1216 743 pecuniam,
1233 696 1440 743 quantum
1459 703 1670 744 poposce-

101 751 181 792 rat,
195 757 281 784 non
295 744 502 791 dedisset,
523 751 735 785 mortuum
758 744 863 785 sein
878 744 1054 785 domum
1072 745 1163 800 ejus
1183 744 1395 785 illaturum
1412 763 1422 796 ;
1456 749 1541 800 quii
1564 746 1670 786 invi-

101 799 173 840 dia
192 799 292 841 huic
311 808 427 842 esset
446 800 520 841 tali
542 801 631 841 viro
653 800 1028 856 conflagrandum3
1064 801 1137 856 qui
1163 801 1348 857 Appium
1377 802 1544 842 fratrem
1575 803 1671 854 (ho-

98 855 259 897 minem
278 857 381 898 mihi
399 857 495 913 conj
504 864 679 898 unctum
695 858 903 899 fidissima
920 857 1076 914 gratia)
1089 857 1311 898 absentem
1325 859 1377 899 de
1396 859 1668 914 possessione

99 912 221 954 fundi
238 913 415 970 dejecit;
447 913 521 970 qui
535 913 741 970 parietem
756 913 819 956 sic
833 929 906 971 per
919 914 1176 955 vestibulum
1194 915 1350 956 sororis
1369 915 1556 956 instituit
1576 916 1666 958 iclu·
1686 917 1741 959 45

100 979 211 1019 cere,
242 969 306 1012 sic
326 985 452 1027 agere
470 970 762 1020 fundamenta,
784 979 832 1012 ut
851 985 1038 1013 sororem
1052 985 1137 1011 non
1154 970 1283 1012 niodo
1300 972 1512 1013 vestibulo
1532 972 1670 1028 priva-

100 1034 179 1077 ret,
210 1027 287 1068 sed
309 1028 423 1068 omni
445 1027 564 1068 aditu
584 1036 626 1069 et
645 1028 806 1069 limine.

156 1082 281 1125 XVI.
312 1083 588 1141 Quamquam
610 1084 704 1126 haec
725 1084 899 1141 quidem
913 1085 1004 1140 jam
1026 1083 1265 1126 tolerabilia
1285 1084 1554 1136 videbantur,
1586 1086 1668 1127 etsi

99 1140 394 1197 'aequabiliter
414 1141 457 1181 in
481 1140 634 1197 Remp.
654 1142 696 1182 in
718 1142 922 1198 privatos,
951 1142 995 1182 in
1017 1141 1290 1198 longinquos,
1323 1142 1363 1182 in
1390 1142 1667 1198 propinquOS,

99 1196 143 1238 in
154 1197 336 1250 alienos,
349 1197 391 1238 in
407 1212 524 1249 suos,
537 1198 740 1239 irruebat:
764 1198 1010 1247 sed‚nescio
1022 1197 1349 1255 quomodb,jam
1365 1213 1442 1238 usu
1458 1199 1668 1240 obdurue-

99 1262 166 1295 rat
187 1262 230 1296 et
250 1254 534 1310 percalluerat
555 1255 742 1296 civitatis
766 1254 1025 1296 incredibilis
1049 1254 1269 1310 patientia.
1348 1256 1455 1304 Quae
1477 1254 1574 1295 vero
1595 1256 1670 1296 ad-

101 1311 322 1366 erantjam
335 1318 380 1352 et
392 1311 712 1367 impendebant,
729 1326 916 1367 quonam
933 1312 1061 1352 modo
1079 1326 1127 1352 ea
1142 1318 1216 1352 aut
1231 1311 1442 1366 depellere
1457 1311 1669 1367 potuisse·
1685 1315 1713 1355 5

99 1367 254 1414 tis‚aut
266 1367 398 1408 ferre?
422 1368 650 1424 Imperium
660 1368 696 1409 si
711 1369 781 1408 ille
795 1375 1086 1410 nactusesset.
1104 1400 1112 1409 .
1127 1400 1135 1408 .
1151 1368 1317 1409 .omitto
1332 1368 1669 1419 socios,exteras

99 1424 311 1474 nationes,
341 1439 478 1480 reges,
510 1425 767 1466 tetrarchas:
800 1433 900 1465 vota
920 1425 1033 1466 enim
1055 1425 1267 1474 faceretis,
1302 1432 1349 1465 ut
1370 1425 1412 1465 in
1434 1439 1507 1465 eos
1530 1440 1574 1466 se
1597 1440 1670 1480 po-

99 1480 185 1523 titis
200 1482 402 1532 mitteret,
415 1481 545 1538 quam
563 1482 606 1523 in
620 1490 780 1524 vestras
794 1482 1105 1538 possessiones,
1122 1489 1260 1522 vestra
1275 1488 1405 1532 tecta,
1420 1489 1582 1522 vestras
1599 1496 1672 1537 pe-

100 1538 271 1580 cunias:
304 1539 509 1595 pecunias
523 1539 649 1580 dico'?
682 1541 706 1579 ἰι
722 1538 917 1590 liberis,a
931 1539 1089 1591 liberis,
1105 1537 1442 1590 (mediusfidius)
1462 1545 1504 1579 et
1524 1538 1549 1578 ῐι
1566 1552 1670 1580 con-

356 1648 535 1690 ιιθιιὸἱίὸ.

710 1649 952 1703 i(edificare.
1128 1658 1144 1675 ³
1153 1654 1398 1706 (equaliter.

143 1762 196 1792 34.
221 1760 258 1793 In
270 1761 354 1794 Lacu
374 1763 500 1806 Pretio]
551 1763 652 1794 Lacus
672 1763 792 1794 Prelius
808 1773 863 1804 ap-

99 1803 235 1844 pellatus
264 1805 400 1838 Romam
433 1808 515 1838 inter
543 1814 576 1837 et
607 1806 780 1837 Viterbiuni
807 1814 865 1837 est.

97 1846 180 1888 [Alii
195 1848 296 1880 lacum
310 1849 445 1881 Pretium
458 1850 617 1891 appellare
634 1849 778 1891 malunt]

143 1893 198 1923 35.
242 1891 424 1935 Lintribus]
472 1894 593 1924 Lintres
631 1903 726 1924 naves
764 1903 866 1934 parvae

98 1940 182 1968 aunt.
205 1936 316 1976 quibus
329 1942 456 1967 utuntur
472 1937 650 1977 piscatores.

142 1979 196 2008 38.
222 1978 390 2020 Fur-sanim]
431 1980 594 2010 Furfanius
608 1979 723 2009 amicus
739 1978 798 2008 suit
811 1978 864 2009 Ci-

99 2021 232 2059 ceronis,
249 2024 288 2051 ad
303 2033 397 2062 quein
410 2028 570 2063 praetorem
582 2022 714 2062 scripsit,
731 2027 762 2051 ut
778 2028 866 2062 patet

99 2074 138 2094 ex
151 2063 228 2093 libro
244 2070 330 2094 sexto
344 2065 444 2106 Epist.
461 2065 500 2095 ad
517 2064 627 2094 Famil.

145 2109 198 2138 4²2.
225 2107 376 2137 Mortuum
391 2118 418 2137 se
434 2109 463 2138 in
478 2109 593 2137 domum
606 2109 667 2147 ‹jy'us
681 2105 862 2145 illaturum]

102 2149 246 2180 Minatus
262 2158 309 2181 est
318 2151 448 2182 Clodius
465 2150 623 2186 Furfanio,
638 2160 670 2179 se
687 2150 716 2179 in
733 2149 799 2190 ejus
812 2151 867 2179 (lu-

101 2203 184 2224 mum
208 2200 359 2224 mortuum
383 2194 549 2230 illaturum,
573 2198 606 2222 ut
622 2193 715 2224 cmdis
731 2203 799 2223 rcus
814 2194 867 2222 lia-

103 2237 240 2272 beretur,
263 2237 351 2277 quasi
373 2237 403 2266 in
429 2237 482 2266 suit
499 2237 592 2266 donno
609 2247 679 2266 cum
694 2235 869 2266 inu-reinis-

102 2283 168 2318 εεῑς
192 2279 241 2310 vcl
259 2280 345 2320 quia,
359 2286 476 2310 mortuo
488 2279 586 2315 illato,
603 2279 745 2319 religiosa
758 2279 868 2309 doinus

102 2323 210 2360 siebat,
232 2328 265 2354 et
282 2323 334 2363 jus
350 2323 418 2363 ejus
433 2324 560 2353 domino
579 2323 710 2362 peribat,
731 2322 804 2363 quia
822 2333 868 2352 res

102 2367 255 2408 religiosae
278 2366 390 2396 nullius
410 2365 474 2407 juri
499 2365 646 2406 subjectu:
659 2370 740 2395 sunt.
785 2364 868 2395 Vide

104 2409 217 2442 Caium
234 2409 340 2450 jurisc.
363 2409 418 2442 lib.
435 2407 588 2440 Pandect.
607 2411 655 2439 11.
672 2408 719 2438 tit.
744 2408 783 2438 de
801 2407 870 2438 reli-

106 2453 200 2496 giosis
215 2453 302 2484 lucis.

148 2498 202 2527 43.
225 2493 521 2536 Appium-fiunem]
570 2493 691 2535 Appius
707 2492 868 2528 Claudius,

102 2539 198 2570 frater
219 2538 299 2570 Pub.
320 2538 440 2574 Clodii,
464 2537 599 2568 Pulcher
621 2537 722 2567 dictus
746 2542 804 2571 est,
827 2536 867 2566 ml

104 2592 200 2623 quem
224 2581 327 2621 plures
349 2581 511 2613 Ciceronis
534 2580 631 2610 literae
655 2580 808 2620 leguntur,
838 2585 870 2609 et

104 2625 157 2666 qui
175 2623 268 2665 paulo
281 2624 349 2665 post
360 2635 431 2655 curn
448 2624 562 2654 Pisone
579 2634 688 2654 censor
701 2622 770 2652 fuit.

149 2669 202 2698 43.
230 2666 431 2708 Vestibulum]
477 2666 676 2698 Vestibulum
705 2665 791 2695 locus
817 2675 871 2694 va-

106 2711 183 2741 cuus
195 2714 242 2740 est
257 2716 328 2740 ante
344 2709 603 2750 domsisjanuam,
619 2719 675 2750 per
686 2719 779 2750 quem
792 2707 810 2737 εὶ
822 2707 870 2737 via

107 2754 212 2785 aditus
226 2759 259 2784 et
273 2762 415 2783 accessus
429 2759 478 2784 est
493 2754 532 2784 ad
549 2753 646 2785 aedes.

151 2798 180 2827 4.
210 2794 438 2838 Pacuuianum]
495 2795 670 2828 'translatio
699 2799 822 2837 sumpta
853 2793 872 2825 a

908 1763 1049 1795 manibus
1076 1770 1107 1796 et
1129 1766 1274 1806 pcdibnS,
1296 1765 1410 1806 quibus
1425 1765 1549 1797 assiduo
1566 1765 1672 1796 labore

908 1807 1004 1838 callus
1017 1809 1192 1839 obducitur.

953 1853 982 1880 6.
998 1850 1118 1893 Socios]
1144 1852 1227 1882 Socii
1239 1851 1434 1888 dicebantur,
1445 1851 1508 1892 qui.
1521 1852 1539 1882 ὲ
1553 1851 1672 1892 populo

910 1891 1055 1924 Romano
1076 1895 1159 1931 victi,
1183 1895 1307 1936 aliquod
1328 1895 1474 1924 tributum
1491 1901 1522 1924 et
1540 1905 1576 1924 ex
1593 1895 1675 1935 agris

909 1936 971 1966 suis
987 1938 1122 1968 decimas
1140 1939 1333 1979 pendebant,
1357 1943 1459 1967 tamen
1476 1937 1538 1967 suis
1554 1937 1675 1978 legibus

910 1979 1085 2011 utebantur.

952 2023 984 2052 7.
1019 2023 1211 2064 Terror-chus]
1271 2022 1434 2063 Principes
1465 2028 1536 2053 sunt
1568 2028 1676 2054 tetrar-

909 2064 986 2098 chae.
1010 2067 1064 2106 qui
1088 2073 1227 2107 quartani
1251 2065 1369 2096 tantuin
1385 2065 1471 2106 regni
1487 2071 1605 2106 partem
1622 2076 1675 2096 oc-

911 2108 1082 2147 cupabant.

956 2153 985 2180 9.
1010 2150 1241 2192 Mediusfidius]
1289 2150 1508 2181 Mediusfidxus
1536 2151 1586 2181 vel
1615 2156 1676 2182 tres

912 2198 983 2222 sunt
1005 2204 1108 2230 voces,
1131 2195 1178 2224 vel
1205 2194 1307 2228 unica,
1329 2205 1390 2225 nou
1408 2196 1489 2228 (luae,
1514 2200 1547 2223 ut
1564 2200 1676 2234 putant

912 2235 1030 2275 aliqui3
1058 2247 1142 2274 nain,
1168 2243 1201 2267 ut
1227 2238 1357 2267 (licinius
1381 2237 1548 2270 mrlrercule.
1576 2237 1619 2267 iia
1643 2243 1676 2267 et

910 2279 1127 2319 ηιειΙίιιξῙῐάίιιες
1172 2287 1204 2310 at
1243 2286 1371 2320 utroque
1411 2290 1466 2320 prr
1509 2279 1677 2310 Herculem

907 2320 1038 2361 juratur,
1063 2329 1095 2352 ut
1118 2322 1246 2353 Tertull.
1277 2323 1329 2352 lib.
1354 2323 1393 2352 (le
1419 2322 1500 2352 Idol.
1527 2333 1597 2363 cap.
1623 2326 1676 2354 22.

912 2364 1020 2395 Festus
1047 2366 1112 2396 vult
1133 2366 1171 2396 eir
1193 2376 1268 2396 voce
1291 2365 1453 2405 significari
1469 2364 1678 2406 Jorisfilium.

913 2407 944 2436 id
975 2413 1033 2443 est,
1074 2408 1236 2443 Herculem,
1265 2407 1348 2448 qnod
1374 2407 1471 2438 Jorem
1499 2408 1600 2439 Grai-ci
1625 2411 1679 2439 Δία

913 2450 1219 2492 appellant3fidium
1247 2457 1350 2481 autern
1373 2451 1488 2492 apponi
1521 2462 1574 2491 pro
1595 2451 1675 2490 filio,

912 2494 996 2534 quod
1014 2494 1096 2534 saepe
1113 2495 1231 2535 antiqui
1249 2504 1302 2535 pro
1325 2494 1362 2526 L.
1376 2494 1463 2524 litei-fi
1486 2494 1526 2524 D.
1547 2496 1676 2524 uteban-

912 2541 970 2568 tur.
1017 2536 1111 2567 Ροιτό
1136 2538 1211 2567 illud
1239 2548 1294 2573 me,
1316 2538 1400 2578 quod
1425 2537 1455 2567 in
1478 2538 1674 2576 vaalius-fidius

912 2580 1043 2620 primum
1079 2580 1180 2611 locuni
1216 2580 1346 2616 oblinet,
1383 2579 1538 2610 nonnullis
1571 2579 1675 2617 placet

913 2633 980 2652 esse
998 2633 1180 2663 pronomen,
1208 2634 1263 2663 pro
1279 2625 1321 2653 ita
1336 2633 1379 2652 me
1394 2622 1574 2661 Dens—lidius
1588 2628 1673 2652 amet.

915 2665 1035 2695 Volunt.
1058 2666 1110 2696 alii
1141 2667 1291 2706 denique,
1317 2676 1360 2695 me
1389 2676 1456 2694 esse
1482 2665 1673 2701 adverbium,

913 2713 1008 2748 atque
1029 2708 1112 2739 idem
1135 2709 1307 2749 siguificare
1329 2707 1411 2748 quod
1436 2717 1496 2746 per,
1521 2709 1603 2737 unde
1618 2719 1675 2738 me—

914 2751 1037 2787 hercule,
1053 2762 1109 2793 per
1124 2751 1302 2784 Herculem.
1350 2750 1432 2782 Vide
1449 2750 1606 2787 vossium,
1622 2751 1676 2781 lib.

915 2794 1053 2837 Etymol.

1263 2837 1289 2877 2
1312 2850 1337 2876 B
