1858 3095
727 133 819 167 PRO
843 133 1107 169 MARCELLO.

135 229 218 274 ego
246 214 440 268 fuissem,
461 228 551 258 non
580 213 626 256 in
657 215 812 258 eadem
843 229 937 258 esse
970 215 1169 258 fortunii:
1199 226 1281 259 nec
1309 213 1415 258 mihi
1447 214 1705 273 persuadere

133 283 343 338 poteram,
365 290 444 316 nec
466 274 529 315 fas
561 288 656 315 esse
678 274 902 338 ducebam,
924 274 1079 315 versari
1109 289 1175 316 me
1207 273 1250 315 in
1282 281 1430 316 nostro
1455 275 1590 316 veteri
1612 288 1707 316 cur-

134 332 281 383 riculo,
313 332 388 373 illo
416 332 570 373 aemulo
602 339 731 387 atque
763 330 975 399 imitatore
1007 331 1247 373 studiorum
1279 347 1331 374 ac
1361 331 1559 373 laborum
1591 346 1706 374 meo-
1729 329 1778 373 15

134 403 242 441 rum,
264 389 385 445 quasi
417 388 606 445 quodmi
643 403 763 430 soeio
799 404 824 429 ·ι
860 404 927 430 me
960 396 1003 430 et
1036 389 1195 430 comite
1232 388 1456 430 distracto.

1515 388 1632 445 Ergo
1664 396 1708 430 et

133 446 237 487 mihi
280 461 385 487 meae
422 446 612 502 pristiu‘e
644 446 744 489 vitre
784 446 1158 498 consuetudinem,
1191 445 1240 486 C
1231 446 1269 487 ii
1303 446 1464 494 Caesm,
1505 446 1707 488 interclu-

133 518 225 544 sam
246 503 472 559 aperuisti;
505 511 548 544 et
568 503 634 544 his
653 503 867 555 omnibus,
884 504 937 544 ad
960 503 1067 544 beni,=
1084 504 1137 545 de
1156 503 1272 545 omni
1291 503 1507 559 republic¹
1491 519 1516 544 ι
1533 519 1708 559 speran-

134 560 251 611 dum,
274 575 399 623 quasr
421 575 592 616 Siouum
615 561 791 617 aliquod
814 561 1042 602 sustulisti.
1082 561 1355 601 Intellectum
1377 567 1444 601 est
1465 560 1580 601 enim
1601 560 1706 601 mihi

134 617 311 674 quidem
348 632 391 658 ln
431 598 592 669 moultis‚
626 626 669 660 et
719 617 906 659 maxime
956 619 1001 658 in
1050 632 1117 658 me
1155 617 1267 673 ipso,
1308 616 1384 657 sed
1433 617 1562 673 paulo
1605 617 1704 660 ante
1723 616 1779 657 20

135 675 350 726 omnibus,
373 689 470 716 cum
500 675 563 716 M.
588 675 845 716 Marcellum
876 674 1043 715 senatui
1065 675 1310 730 populoque
1332 672 1531 714 Romano
1554 680 1597 715 et
1628 674 1707 716 rei-

132 732 314 795 publicae
329 731 602 783 concessisti,
608 731 956 774 commemoratis
971 731 1206 786 praesertim
1221 730 1548 782 offensionibus,
1552 738 1594 773 te
1609 746 1707 773 auc-

134 789 350 831 toritatem
382 789 510 845 hujus
542 789 721 840 ordinis,
742 786 1086 844 dignitatemque
1119 787 1380 850 reipublicae,
1401 788 1488 829 tuis
1511 789 1578 829 vel
1609 789 1707 830 cdo-

133 846 296 887 loribus
318 846 386 887 vel
419 845 739 902 suspicionibus
771 845 993 886 anteferre

131 909 340 944 anteactae
364 902 462 944 vitae
483 903 687 944 hodierno
709 903 778 944 die
809 902 1044 943 maximum
1066 901 1194 958 cepit,
1217 917 1314 943 cum
1335 917 1503 943 summo
1524 917 1705 945 consen-
1723 901 1778 943 25

1055 845 1132 886 Ille
1149 844 1341 915 quidem
1360 845 1545 886 fructum
1566 846 1705 888 omnis

130 974 181 1001 su
202 959 392 1011 senatus,
415 968 505 1001 tum
535 969 724 1016 praetere·
718 959 743 1001 21
768 959 938 1016 judicio
961 967 1033 1001 tuo
1057 974 1169 1016 grav
1177 959 1308 1000 ssimo
1332 967 1377 1000 et
1407 959 1619 1012 maximo;
1652 975 1705 1003 ex

130 1031 216 1073 quo
241 1016 432 1074 profecto
454 1017 677 1073 intelligis,
699 1024 862 1074 quanta
882 1032 925 1057 m
947 1017 1049 1058 dato
1074 1016 1283 1058 beneficio
1317 1016 1371 1058 sit:
1401 1017 1508 1069 laus,
1531 1032 1627 1058 cum
1660 1017 1705 1060 in

131 1083 314 1130 accepto
336 1082 456 1115 tanta
477 1075 534 1120 sit
554 1076 703 1131 gloria.

765 1073 846 1115 Est
863 1073 961 1115 vero
981 1075 1223 1116 fortunatus
1243 1074 1328 1124 ille,
1352 1074 1475 1130 cujus
1494 1089 1546 1115 ex
1565 1075 1704 1116 salute

129 1145 218 1172 non
241 1146 376 1172 mmor
395 1131 517 1187 paene
540 1133 594 1173 ad
616 1147 779 1183 omnes,
798 1147 929 1188 quam
947 1132 1001 1173 ad
1022 1132 1142 1172 illum
1159 1139 1335 1172 ventura
1356 1131 1427 1183 sit,
1445 1131 1596 1172 laetitia
1613 1147 1705 1187 pei-

129 1189 306 1230 venerit.

368 1189 498 1237 Quod
535 1189 574 1230 ei
603 1189 778 1245 quidem
820 1188 973 1230 merito
1010 1198 1138 1246 atque
1175 1188 1338 1244 optimo
1368 1189 1464 1245 jure
1506 1190 1705 1246 contigit.
1722 1187 1778 1230 30

130 1246 240 1294 Quis
269 1245 382 1287 enim
411 1254 478 1288 est
505 1245 580 1287 illo
611 1254 686 1287 aut
715 1246 957 1297 nobilitate,
985 1253 1061 1287 aut
1091 1245 1318 1302 probitate,
1344 1252 1419 1286 aut
1447 1223 1705 1301 optimarum

127 1302 283 1352 artium
314 1303 475 1355 studio,
505 1310 580 1345 aut
609 1302 875 1354 innocentia,
902 1309 976 1344 aut
1007 1304 1091 1344 ullo
1124 1317 1280 1366 genere
1312 1302 1468 1353 laudis,
1499 1311 1705 1359 praestan-

126 1359 279 1401 tior?

315 1360 485 1402 Nullius
524 1367 694 1402 tantum
726 1367 792 1402 est
819 1360 1007 1402 dflumen
1045 1361 1222 1416 ingemi,
1257 1359 1378 1401 nulla
1414 1359 1588 1401 dicendi
1630 1366 1706 1402 aut:

128 1416 347 1462 scribendi
391 1425 513 1460 tanta
547 1418 628 1471 vis,
664 1425 785 1460 tanta
828 1418 969 1474 copia,
1005 1433 1116 1475 quae,
1161 1432 1249 1458 non
1295 1416 1440 1459 dicam
1485 1431 1706 1470 exornare,

507 1615 522 1633 Ε
535 1611 618 1651 irae
638 1614 742 1651 tuce.

173 1841 226 1871 14.
253 1838 347 1870 Veteri
362 1840 537 1881 curriculo]
573 1839 728 1881 Intelligit
743 1843 896 1875 senatum,

129 1882 182 1913 ubi
205 1883 288 1924 saepe
316 1893 386 1914 cum
413 1883 566 1914 Marcello
591 1883 774 1914 sententiam
802 1883 897 1913 dixit:

132 1925 316 1967 metaphora
331 1926 457 1968 sumpta
473 1927 492 1958 εὶ
508 1927 601 1963 ludis,
616 1927 648 1958 in
666 1927 777 1969 quibus
792 1937 896 1957 currus

131 1969 183 2010 agi
197 1969 351 2000 solebant.

176 2015 228 2043 15.
251 2012 309 2042 Illo
336 2013 466 2054 emula]
511 2013 681 2044 Marcellus
709 2017 811 2044 orator
836 2012 896 2042 fnit

130 2055 272 2096 insignis,
289 2055 344 2097 qui
369 2066 438 2087 cum
465 2056 618 2087 Cicerone
643 2058 684 2087 de
712 2056 805 2086 laude
831 2055 896 2085 elo-

130 2098 267 2140 quentis
295 2100 457 2133 certabat:
480 2099 569 2140 cujus
595 2100 627 2130 in
654 2100 708 2131 lib.
733 2101 773 2129 de
799 2097 898 2128 Claris

131 2143 313 2172 Oratoribus
330 2142 438 2173 laudes
455 2143 660 2183 prosequitur.

174 2187 225 2216 16.
266 2185 553 2227 Comicedistractoj
600 2186 706 2226 Longe
727 2185 896 2216 Marcellus

130 2234 162 2259 et
175 2228 286 2260 Cicero
303 2229 321 2258 a
339 2240 371 2259 se
387 2229 520 2260 invicem
534 2229 672 2259 distracti
690 2235 799 2261 crantz
825 2239 897 2258 narn

130 2271 242 2302 Romae
272 2272 384 2303 Cicero
416 2279 479 2303 tum
509 2279 594 2311 erat;
626 2273 796 2303 Marcellus
825 2271 897 2302 vero

133 2315 303 2357 Mitylenis
319 2316 490 2347 exsulabat.

174 2361 226 2390 19.
260 2359 383 2400 Signum
412 2359 530 2400 aliquod
557 2359 730 2401 succutiet]
787 2358 900 2389 Trans-

130 2401 193 2432 lati
188 2416 205 2431 ι
221 2414 239 2433 a
257 2403 350 2437 betto,
367 2403 397 2433 in
414 2414 476 2445 quo
493 2406 567 2432 dum
592 2404 651 2442 sigv
653 2414 713 2432 ium
739 2407 811 2438 stat,
828 2412 900 2442 spes

134 2445 231 2475 affau!
214 2453 266 2486 eret
283 2445 437 2484 victoriae,
463 2453 495 2476 et
511 2446 580 2477 Cae
570 2456 627 2481 ar,
652 2446 792 2476 restituto
809 2444 902 2476 Cice-

130 2498 205 2519 ront-
222 2495 254 2520 et
272 2489 438 2526 Marcello,
454 2490 584 2532 significz
586 2496 609 2519 it
625 2500 657 2521 sc
675 2488 901 2530 rempublicam

133 2532 217 2563 nolle
234 2540 339 2563 everte
345 2543 387 2564 re.

178 2578 231 2607 22.
258 2574 497 2618 offensionibus]
538 2577 588 2607 M.
603 2575 776 2607 {Marcellus
791 2575 901 2606 consul

134 2620 308 2654 contendit,
344 2625 379 2650 ut
416 2620 529 2651 Caesari
568 2620 599 2650 in
638 2619 748 2651 Galliis
787 2619 902 2649 bellum

133 2662 252 2702 gerenti
275 2672 434 2693 successor
459 2664 651 2700 mittereturg
676 2664 764 2704 isque
789 2662 905 2692 exerci-

133 2711 197 2734 tum
214 2704 316 2734 statim
333 2706 513 2742 dimitteret,
532 2708 579 2737 vel
597 2707 694 2737 hostis
720 2706 826 2747 patriae
844 2707 899 2734 ‹le-

130 2748 312 2779 clararetur.
355 2748 394 2780 In
417 2750 556 2781 oratione
581 2752 761 2790 praedonem
791 2747 903 2790 appel-

133 2791 209 2823 lavit
219 2799 230 2823 :⁴
243 2790 338 2823 imm&
354 2793 557 2826 decurionem
574 2793 755 2831 Novieomi,
771 2792 833 2835 quo
848 2803 903 2825 co-

1111 1608 1128 1633 d
1138 1610 1325 1651 ubertas.

941 1839 1057 1870 Ioniam
1074 1838 1179 1871 Caesar
1204 1838 1389 1873 deduxerat,
1405 1837 1498 1878 virgis
1522 1837 1649 1874 cecidit,
1674 1842 1709 1869 ut

941 1883 1040 1914 civem
1056 1894 1127 1914 eum
1151 1894 1213 1914 non
1230 1893 1298 1914 esse
1314 1882 1503 1917 ostenderet,
1520 1887 1552 1912 ct
1576 1882 1619 1911 ita
1636 1881 1708 1913 Cae-

942 1927 1016 1957 saris
1042 1927 1158 1957 factum
1198 1927 1398 1966 improbaret,
1420 1925 1512 1966 eique
1544 1924 1707 1966 plagarum

942 1980 1064 2001 suarum
1082 1970 1212 2009 vestigia
1227 1970 1418 2000 ostenderet.

983 2017 1035 2044 ⁰24.
1061 2013 1300 2054 Suspicioniffizs'
1346 2012 1569 2052 Suspicabatur
1592 2011 1708 2050 Caesar,

941 2056 1000 2086 sibi
1012 2056 1029 2086 ὂ,
1045 2056 1200 2086 Marcello
1216 2062 1344 2085 mortem
1359 2054 1517 2085 intentari.

987 2099 1036 2129 Il).
1061 2098 1144 2139 Illa]
1169 2098 1350 2129 Marcellus.

988 2144 1042 2173 Ξῖ).
1075 2141 1191 2172 Summo
1216 2151 1352 2172 consensu
1377 2139 1521 2182 senariis]
1576 2142 1710 2173 Senatus

941 2186 1100 2216 universus
1125 2185 1293 2226 postulavit
1309 2185 1327 2214 ὀ.
1344 2183 1480 2219 Caesare,
1494 2192 1529 2214 ut
1551 2185 1591 2214 ab
1605 2196 1643 2216 eo
1663 2196 1711 2216 re·

942 2234 1104 2259 vocaretur
1125 2228 1306 2266 Marcellus,
1323 2233 1355 2258 et
1377 2228 1408 2258 in
1433 2227 1594 2268 pristinam
1621 2238 1711 2259 suam

942 2272 1126 2312 dignitatem
1143 2272 1365 2302 restitueretur.

987 2317 1039 2346 29.
1064 2315 1111 2345 Ad
1126 2316 1211 2345 illum
1227 2314 1378 2355 ventura]
1405 2313 1533 2344 Iudicat
1547 2315 1711 2345 maximam

944 2364 1164 2400 percepturum
1184 2358 1322 2388 laetitiam
1347 2357 1534 2388 Marcellum
1561 2357 1631 2389 cum
1657 2369 1712 2389 au·

945 2403 1012 2433 diet
1028 2403 1057 2432 in
1075 2401 1196 2437 exsilio,
1211 2412 1244 2432 se
1261 2402 1280 2432 ὲ
1297 2401 1421 2432 Caesare
1436 2401 1584 2432 revocari.

988 2447 1042 2477 31.
1068 2444 1253 2486 Nobilitate]
1295 2445 1384 2475 Licet
1400 2443 1622 2474 Marcellorum
1637 2454 1712 2483 gens

945 2489 1069 2530 plebeia
1097 2488 1201 2525 fuerit,
1225 2494 1326 2519 tamen
1354 2487 1520 2517 honoribus
1544 2487 1712 2517 illustrissi-

945 2543 995 2562 ma
1011 2539 1043 2562 et
1058 2532 1250 2563 nobilissima
1264 2531 1392 2566 exstitit,
1408 2530 1519 2571 utpote
1536 2530 1567 2560 in
1581 2530 1643 2571 quii
1659 2539 1712 2559 sex

945 2575 1031 2606 suere
1046 2575 1202 2614 consules,
1218 2585 1347 2616 quorum
1372 2585 1451 2605 unus
1474 2573 1613 2615 quinque
1637 2583 1714 2604 con-

947 2619 1109 2654 sularibus,
1125 2619 1204 2648 alter
1221 2620 1327 2654 tribus,
1342 2618 1467 2647 functus
1481 2622 1538 2646 est

991 2661 1041 2691 Ib.
1069 2661 1254 2701 Optimarum
1269 2662 1378 2692 artium
1395 2659 1516 2699 studim]
1546 2658 1714 2690 Commen-

946 2704 1114 2735 tationibus
1145 2705 1336 2746 quotidianis
1364 2714 1397 2733 se
1425 2701 1596 2733 exercuisse
1626 2702 1714 2732 Mar·

946 2747 1059 2779 cellum
1075 2748 1121 2779 ait
1135 2748 1261 2784 Cicero,
1276 2748 1332 2778 lib.
1345 2748 1385 2777 de
1398 2745 1497 2777 claris
1509 2739 1711 2778 Oratoribus.

948 2792 1034 2825 uude
1052 2792 1138 2826 nulla
1153 2792 1184 2825 ei
1199 2790 1328 2825 oratoris
1343 2790 1438 2822 virtus
1451 2788 1562 2825 defuit.

1695 138 1781 185 353
