<?xml version="1.0" encoding="UTF-8"?>
<!DOCTYPE html PUBLIC "-//W3C//DTD XHTML 1.0 Transitional//EN"
    "http://www.w3.org/TR/xhtml1/DTD/xhtml1-transitional.dtd">
<html xmlns="http://www.w3.org/1999/xhtml" xml:lang="en" lang="en">
 <head>
  <title>
</title>
<meta http-equiv="Content-Type" content="text/html;charset=utf-8" />
  <meta name='ocr-system' content='tesseract 3.04.00' />
  <meta name='ocr-capabilities' content='ocr_page ocr_carea ocr_par ocr_line ocrx_word'/>
</head>
<body>
  <div class='ocr_page' id='page_1' title='image "./selectaeoratione00ciceuoft_0205.png"; bbox 0 0 1858 3095; ppageno 0'>
   <div class='ocr_carea' id='block_1_1' title="bbox 691 137 1704 194">
    <p class='ocr_par' dir='ltr' id='par_1_1' title="bbox 691 137 1704 194">
     <span class='ocr_line' id='line_1_1' title="bbox 691 137 1704 194; baseline 0.001 -23"><span class='ocrx_word' id='word_1_1' title='bbox 691 139 781 173; x_wconf 67' lang='lat' dir='ltr'>vno</span> <span class='ocrx_word' id='word_1_2' title='bbox 805 138 1016 194; x_wconf 61' lang='lat' dir='ltr'>munem.</span> <span class='ocrx_word' id='word_1_3' title='bbox 1625 137 1704 189; x_wconf 70' lang='lat'>135</span> 
     </span>
    </p>
   </div>
   <div class='ocr_carea' id='block_1_2' title="bbox 61 212 1697 1737">
    <p class='ocr_par' dir='ltr' id='par_1_2' title="bbox 61 212 1697 1737">
     <span class='ocr_line' id='line_1_2' title="bbox 68 212 1697 274; baseline 0.004 -21"><span class='ocrx_word' id='word_1_4' title='bbox 68 225 166 274; x_wconf 85' lang='lat' dir='ltr'>quae</span> <span class='ocrx_word' id='word_1_5' title='bbox 187 213 325 255; x_wconf 83' lang='lat' dir='ltr'>ambae</span> <span class='ocrx_word' id='word_1_6' title='bbox 345 214 390 256; x_wconf 92' lang='lat' dir='ltr'>in</span> <span class='ocrx_word' id='word_1_7' title='bbox 411 213 630 256; x_wconf 83' lang='lat' dir='ltr'>consulatu</span> <span class='ocrx_word' id='word_1_8' title='bbox 652 222 743 256; x_wconf 85' lang='lat' dir='ltr'>tum</span> <span class='ocrx_word' id='word_1_9' title='bbox 766 214 958 256; x_wconf 80' lang='lat' dir='ltr'>Murenae</span> <span class='ocrx_word' id='word_1_10' title='bbox 981 213 1254 271; x_wconf 79' lang='lat' dir='ltr'>prosuerunt:</span> <span class='ocrx_word' id='word_1_11' title='bbox 1285 227 1385 265; x_wconf 88' lang='lat' dir='ltr'>una,</span> <span class='ocrx_word' id='word_1_12' title='bbox 1400 223 1626 272; x_wconf 82' lang='lat' dir='ltr'>exspecta·</span> <span class='ocrx_word' id='word_1_13' title='bbox 1640 212 1697 254; x_wconf 79' lang='lat'>25</span> 
     </span>
     <span class='ocr_line' id='line_1_3' title="bbox 69 270 1625 329; baseline 0.003 -20"><span class='ocrx_word' id='word_1_14' title='bbox 69 275 130 310; x_wconf 79' lang='lat' dir='ltr'>tio</span> <span class='ocrx_word' id='word_1_15' title='bbox 152 271 352 321; x_wconf 85' lang='lat' dir='ltr'>muneris,</span> <span class='ocrx_word' id='word_1_16' title='bbox 385 285 479 326; x_wconf 80' lang='lat' dir='ltr'>quae</span> <span class='ocrx_word' id='word_1_17' title='bbox 502 276 544 311; x_wconf 89' lang='lat' dir='ltr'>et</span> <span class='ocrx_word' id='word_1_18' title='bbox 563 284 728 311; x_wconf 87' lang='lat' dir='ltr'>rumore</span> <span class='ocrx_word' id='word_1_19' title='bbox 760 271 984 322; x_wconf 87' lang='lat' dir='ltr'>nonnullo,</span> <span class='ocrx_word' id='word_1_20' title='bbox 1014 278 1057 311; x_wconf 92' lang='lat' dir='ltr'>et</span> <span class='ocrx_word' id='word_1_21' title='bbox 1089 271 1244 313; x_wconf 88' lang='lat' dir='ltr'>studiis</span> <span class='ocrx_word' id='word_1_22' title='bbox 1272 270 1625 329; x_wconf 80' lang='lat' dir='ltr'>sermonibusque</span> 
     </span>
     <span class='ocr_line' id='line_1_4' title="bbox 69 326 1625 384; baseline 0.004 -19"><span class='ocrx_word' id='word_1_23' title='bbox 69 327 412 382; x_wconf 85' lang='lat' dir='ltr'>competitorum,</span> <span class='ocrx_word' id='word_1_24' title='bbox 443 334 656 367; x_wconf 89' lang='lat' dir='ltr'>creverat:</span> <span class='ocrx_word' id='word_1_25' title='bbox 688 327 834 378; x_wconf 85' lang='lat' dir='ltr'>altera,</span> <span class='ocrx_word' id='word_1_26' title='bbox 866 326 984 383; x_wconf 70' lang='lat' dir='ltr'>quod</span> <span class='ocrx_word' id='word_1_27' title='bbox 1018 327 1061 378; x_wconf 89' lang='lat' dir='ltr'>ii,</span> <span class='ocrx_word' id='word_1_28' title='bbox 1095 343 1219 384; x_wconf 85' lang='lat' dir='ltr'>quos,</span> <span class='ocrx_word' id='word_1_29' title='bbox 1251 327 1294 367; x_wconf 91' lang='lat' dir='ltr'>in</span> <span class='ocrx_word' id='word_1_30' title='bbox 1325 327 1545 383; x_wconf 64' lang='lat' dir='ltr'>provincia</span> <span class='ocrx_word' id='word_1_31' title='bbox 1573 344 1625 371; x_wconf 88' lang='lat' dir='ltr'>ac</span> 
     </span>
     <span class='ocr_line' id='line_1_5' title="bbox 67 381 1624 437; baseline 0.004 -17"><span class='ocrx_word' id='word_1_32' title='bbox 67 381 299 437; x_wconf 77' lang='lat' dir='ltr'>legatione,</span> <span class='ocrx_word' id='word_1_33' title='bbox 331 382 468 424; x_wconf 86' lang='lat' dir='ltr'>omnis</span> <span class='ocrx_word' id='word_1_34' title='bbox 501 392 543 423; x_wconf 90' lang='lat' dir='ltr'>et</span> <span class='ocrx_word' id='word_1_35' title='bbox 573 383 842 425; x_wconf 77' lang='lat' dir='ltr'>liberalitatis</span> <span class='ocrx_word' id='word_1_36' title='bbox 874 391 917 425; x_wconf 91' lang='lat' dir='ltr'>et</span> <span class='ocrx_word' id='word_1_37' title='bbox 947 384 1112 424; x_wconf 87' lang='lat' dir='ltr'>virtutis</span> <span class='ocrx_word' id='word_1_38' title='bbox 1144 399 1229 425; x_wconf 80' lang='lat' dir='ltr'>suae</span> <span class='ocrx_word' id='word_1_39' title='bbox 1252 390 1383 424; x_wconf 86' lang='lat' dir='ltr'>testes</span> <span class='ocrx_word' id='word_1_40' title='bbox 1407 383 1624 436; x_wconf 84' lang='lat' dir='ltr'>habuerat,</span> 
     </span>
     <span class='ocr_line' id='line_1_6' title="bbox 68 439 1623 496; baseline 0.003 -18"><span class='ocrx_word' id='word_1_41' title='bbox 68 439 256 479; x_wconf 88' lang='lat' dir='ltr'>nondum</span> <span class='ocrx_word' id='word_1_42' title='bbox 278 439 565 480; x_wconf 80' lang='lat' dir='ltr'>decesserant.</span> <span class='ocrx_word' id='word_1_43' title='bbox 627 439 790 480; x_wconf 88' lang='lat' dir='ltr'>Horum</span> <span class='ocrx_word' id='word_1_44' title='bbox 812 448 1036 496; x_wconf 86' lang='lat' dir='ltr'>utrumque</span> <span class='ocrx_word' id='word_1_45' title='bbox 1059 440 1097 481; x_wconf 89' lang='lat' dir='ltr'>ei</span> <span class='ocrx_word' id='word_1_46' title='bbox 1120 441 1290 481; x_wconf 83' lang='lat' dir='ltr'>fortuna</span> <span class='ocrx_word' id='word_1_47' title='bbox 1303 440 1357 480; x_wconf 85' lang='lat' dir='ltr'>ad</span> <span class='ocrx_word' id='word_1_48' title='bbox 1375 441 1623 483; x_wconf 69' lang='lat' dir='ltr'>consulatus</span> 
     </span>
     <span class='ocr_line' id='line_1_7' title="bbox 67 492 1695 551; baseline 0.004 -17"><span class='ocrx_word' id='word_1_49' title='bbox 67 494 319 549; x_wconf 85' lang='lat' dir='ltr'>petitionem</span> <span class='ocrx_word' id='word_1_50' title='bbox 342 495 590 536; x_wconf 75' lang='lat' dir='ltr'>reservavit:</span> <span class='ocrx_word' id='word_1_51' title='bbox 623 511 720 536; x_wconf 83' lang='lat' dir='ltr'>nam</span> <span class='ocrx_word' id='word_1_52' title='bbox 738 503 781 537; x_wconf 89' lang='lat' dir='ltr'>et</span> <span class='ocrx_word' id='word_1_53' title='bbox 803 497 848 537; x_wconf 88' lang='lat' dir='ltr'>L.</span> <span class='ocrx_word' id='word_1_54' title='bbox 867 497 1032 538; x_wconf 88' lang='lat' dir='ltr'>Luculli</span> <span class='ocrx_word' id='word_1_55' title='bbox 1055 497 1280 546; x_wconf 84' lang='lat' dir='ltr'>exercitus,</span> <span class='ocrx_word' id='word_1_56' title='bbox 1313 496 1385 551; x_wconf 90' lang='lat' dir='ltr'>qui</span> <span class='ocrx_word' id='word_1_57' title='bbox 1403 497 1455 537; x_wconf 84' lang='lat' dir='ltr'>ad</span> <span class='ocrx_word' id='word_1_58' title='bbox 1478 497 1624 540; x_wconf 90' lang='lat' dir='ltr'>trium·</span> <span class='ocrx_word' id='word_1_59' title='bbox 1639 492 1695 534; x_wconf 88' lang='lat'>30</span> 
     </span>
     <span class='ocr_line' id='line_1_8' title="bbox 67 550 1623 607; baseline 0.004 -17"><span class='ocrx_word' id='word_1_60' title='bbox 67 550 199 605; x_wconf 87' lang='lat' dir='ltr'>phum</span> <span class='ocrx_word' id='word_1_61' title='bbox 219 559 489 599; x_wconf 82' lang='lat' dir='ltr'>convenerat,</span> <span class='ocrx_word' id='word_1_62' title='bbox 521 552 632 593; x_wconf 84' lang='lat' dir='ltr'>idem</span> <span class='ocrx_word' id='word_1_63' title='bbox 654 567 798 594; x_wconf 88' lang='lat' dir='ltr'>comes</span> <span class='ocrx_word' id='word_1_64' title='bbox 823 553 867 593; x_wconf 92' lang='lat' dir='ltr'>L.</span> <span class='ocrx_word' id='word_1_65' title='bbox 884 553 1076 594; x_wconf 78' lang='lat' dir='ltr'>Murenae</span> <span class='ocrx_word' id='word_1_66' title='bbox 1094 551 1248 607; x_wconf 69' lang='lat' dir='ltr'>praesto</span> <span class='ocrx_word' id='word_1_67' title='bbox 1271 553 1374 604; x_wconf 81' lang='lat' dir='ltr'>suit3</span> <span class='ocrx_word' id='word_1_68' title='bbox 1406 559 1449 594; x_wconf 91' lang='lat' dir='ltr'>et</span> <span class='ocrx_word' id='word_1_69' title='bbox 1470 568 1623 596; x_wconf 90' lang='lat' dir='ltr'>munus</span> 
     </span>
     <span class='ocr_line' id='line_1_9' title="bbox 69 606 1625 664; baseline 0.003 -17"><span class='ocrx_word' id='word_1_70' title='bbox 69 606 390 663; x_wconf 88' lang='lat' dir='ltr'>amplissimum,</span> <span class='ocrx_word' id='word_1_71' title='bbox 428 609 544 663; x_wconf 86' lang='lat' dir='ltr'>quod</span> <span class='ocrx_word' id='word_1_72' title='bbox 572 608 722 664; x_wconf 86' lang='lat' dir='ltr'>petitio</span> <span class='ocrx_word' id='word_1_73' title='bbox 759 617 952 664; x_wconf 81' lang='lat' dir='ltr'>praeturae</span> <span class='ocrx_word' id='word_1_74' title='bbox 982 608 1268 658; x_wconf 83' lang='lat' dir='ltr'>desiderabat,</span> <span class='ocrx_word' id='word_1_75' title='bbox 1296 615 1477 663; x_wconf 82' lang='lat' dir='ltr'>praetura</span> <span class='ocrx_word' id='word_1_76' title='bbox 1503 610 1625 651; x_wconf 89' lang='lat' dir='ltr'>resti-</span> 
     </span>
     <span class='ocr_line' id='line_1_10' title="bbox 68 662 1624 720; baseline 0.003 -16"><span class='ocrx_word' id='word_1_77' title='bbox 68 662 164 704; x_wconf 90' lang='lat' dir='ltr'>tuit.</span> <span class='ocrx_word' id='word_1_78' title='bbox 224 662 338 704; x_wconf 89' lang='lat' dir='ltr'>Num</span> <span class='ocrx_word' id='word_1_79' title='bbox 359 663 437 705; x_wconf 90' lang='lat' dir='ltr'>tibi</span> <span class='ocrx_word' id='word_1_80' title='bbox 456 664 548 706; x_wconf 76' lang='lat' dir='ltr'>haec</span> <span class='ocrx_word' id='word_1_81' title='bbox 571 680 699 720; x_wconf 78' lang='lat' dir='ltr'>parva</span> <span class='ocrx_word' id='word_1_82' title='bbox 721 665 916 706; x_wconf 88' lang='lat' dir='ltr'>videntur</span> <span class='ocrx_word' id='word_1_83' title='bbox 937 665 1182 720; x_wconf 86' lang='lat' dir='ltr'>adjumenta</span> <span class='ocrx_word' id='word_1_84' title='bbox 1199 671 1242 705; x_wconf 93' lang='lat' dir='ltr'>et</span> <span class='ocrx_word' id='word_1_85' title='bbox 1259 663 1452 706; x_wconf 82' lang='lat' dir='ltr'>subsidia</span> <span class='ocrx_word' id='word_1_86' title='bbox 1467 680 1624 708; x_wconf 89' lang='lat' dir='ltr'>consu-</span> 
     </span>
     <span class='ocr_line' id='line_1_11' title="bbox 67 718 1622 776; baseline 0.003 -16"><span class='ocrx_word' id='word_1_87' title='bbox 67 718 208 760; x_wconf 72' lang='lat' dir='ltr'>latus?</span> <span class='ocrx_word' id='word_1_88' title='bbox 239 720 436 761; x_wconf 82' lang='lat' dir='ltr'>voluntas</span> <span class='ocrx_word' id='word_1_89' title='bbox 458 721 654 772; x_wconf 89' lang='lat' dir='ltr'>militum,</span> <span class='ocrx_word' id='word_1_90' title='bbox 686 735 781 775; x_wconf 83' lang='lat' dir='ltr'>quae</span> <span class='ocrx_word' id='word_1_91' title='bbox 806 720 903 762; x_wconf 71' lang='lat' dir='ltr'>cum</span> <span class='ocrx_word' id='word_1_92' title='bbox 934 735 1007 776; x_wconf 88' lang='lat' dir='ltr'>per</span> <span class='ocrx_word' id='word_1_93' title='bbox 1027 736 1072 761; x_wconf 86' lang='lat' dir='ltr'>se</span> <span class='ocrx_word' id='word_1_94' title='bbox 1094 720 1205 761; x_wconf 81' lang='lat' dir='ltr'>valet</span> <span class='ocrx_word' id='word_1_95' title='bbox 1225 720 1511 771; x_wconf 87' lang='lat' dir='ltr'>multitudine,</span> <span class='ocrx_word' id='word_1_96' title='bbox 1532 729 1622 764; x_wconf 90' lang='lat' dir='ltr'>tum</span> 
     </span>
     <span class='ocr_line' id='line_1_12' title="bbox 64 776 1694 833; baseline 0 -17"><span class='ocrx_word' id='word_1_97' title='bbox 64 776 179 832; x_wconf 88' lang='lat' dir='ltr'>apud</span> <span class='ocrx_word' id='word_1_98' title='bbox 195 791 298 817; x_wconf 90' lang='lat' dir='ltr'>suos</span> <span class='ocrx_word' id='word_1_99' title='bbox 318 776 455 833; x_wconf 62' lang='lat' dir='ltr'>gratia</span> <span class='ocrx_word' id='word_1_100' title='bbox 471 794 482 827; x_wconf 82' lang='lat'>3</span> <span class='ocrx_word' id='word_1_101' title='bbox 513 785 602 818; x_wconf 89' lang='lat' dir='ltr'>tum</span> <span class='ocrx_word' id='word_1_102' title='bbox 619 776 733 827; x_wconf 72' lang='lat' dir='ltr'>vero,</span> <span class='ocrx_word' id='word_1_103' title='bbox 756 777 800 817; x_wconf 89' lang='lat' dir='ltr'>in</span> <span class='ocrx_word' id='word_1_104' title='bbox 817 777 994 818; x_wconf 89' lang='lat' dir='ltr'>consule</span> <span class='ocrx_word' id='word_1_105' title='bbox 1013 776 1283 828; x_wconf 85' lang='lat' dir='ltr'>declarando,</span> <span class='ocrx_word' id='word_1_106' title='bbox 1300 777 1477 819; x_wconf 86' lang='lat' dir='ltr'>multum</span> <span class='ocrx_word' id='word_1_107' title='bbox 1493 778 1623 822; x_wconf 89' lang='lat' dir='ltr'>etiam</span> <span class='ocrx_word' id='word_1_108' title='bbox 1639 776 1694 817; x_wconf 88' lang='lat'>35</span> 
     </span>
     <span class='ocr_line' id='line_1_13' title="bbox 64 832 1624 890; baseline 0.003 -17"><span class='ocrx_word' id='word_1_109' title='bbox 64 832 179 888; x_wconf 86' lang='lat' dir='ltr'>apud</span> <span class='ocrx_word' id='word_1_110' title='bbox 201 833 443 874; x_wconf 87' lang='lat' dir='ltr'>universum</span> <span class='ocrx_word' id='word_1_111' title='bbox 464 834 669 888; x_wconf 82' lang='lat' dir='ltr'>populum</span> <span class='ocrx_word' id='word_1_112' title='bbox 690 833 816 874; x_wconf 87' lang='lat' dir='ltr'>Rom.</span> <span class='ocrx_word' id='word_1_113' title='bbox 837 833 1106 874; x_wconf 80' lang='lat' dir='ltr'>auctoritatis</span> <span class='ocrx_word' id='word_1_114' title='bbox 1127 833 1256 873; x_wconf 87' lang='lat' dir='ltr'>habet</span> <span class='ocrx_word' id='word_1_115' title='bbox 1275 832 1524 890; x_wconf 82' lang='lat' dir='ltr'>suffragatio</span> <span class='ocrx_word' id='word_1_116' title='bbox 1545 836 1624 877; x_wconf 87' lang='lat' dir='ltr'>mi-</span> 
     </span>
     <span class='ocr_line' id='line_1_14' title="bbox 64 888 1623 944; baseline 0.003 -15"><span class='ocrx_word' id='word_1_117' title='bbox 64 888 226 930; x_wconf 87' lang='lat' dir='ltr'>litaris:</span> <span class='ocrx_word' id='word_1_118' title='bbox 259 888 535 944; x_wconf 86' lang='lat' dir='ltr'>imperatores</span> <span class='ocrx_word' id='word_1_119' title='bbox 558 889 669 930; x_wconf 89' lang='lat' dir='ltr'>enim</span> <span class='ocrx_word' id='word_1_120' title='bbox 703 889 887 930; x_wconf 86' lang='lat' dir='ltr'>comitiis</span> <span class='ocrx_word' id='word_1_121' title='bbox 921 889 1236 940; x_wconf 84' lang='lat' dir='ltr'>consularibus,</span> <span class='ocrx_word' id='word_1_122' title='bbox 1266 904 1352 931; x_wconf 90' lang='lat' dir='ltr'>non</span> <span class='ocrx_word' id='word_1_123' title='bbox 1376 892 1623 934; x_wconf 79' lang='lat' dir='ltr'>averborum</span> 
     </span>
     <span class='ocr_line' id='line_1_15' title="bbox 65 944 1623 1002; baseline 0.003 -17"><span class='ocrx_word' id='word_1_124' title='bbox 65 944 316 1001; x_wconf 87' lang='lat' dir='ltr'>interpretes</span> <span class='ocrx_word' id='word_1_125' title='bbox 333 946 593 1002; x_wconf 82' lang='lat' dir='ltr'>deliguntur.</span> <span class='ocrx_word' id='word_1_126' title='bbox 632 945 773 994; x_wconf 69' lang='lat' dir='ltr'>Quare</span> <span class='ocrx_word' id='word_1_127' title='bbox 788 946 928 1002; x_wconf 85' lang='lat' dir='ltr'>gravis</span> <span class='ocrx_word' id='word_1_128' title='bbox 945 954 1012 988; x_wconf 89' lang='lat' dir='ltr'>est</span> <span class='ocrx_word' id='word_1_129' title='bbox 1025 946 1099 987; x_wconf 86' lang='lat' dir='ltr'>illa</span> <span class='ocrx_word' id='word_1_130' title='bbox 1115 946 1269 987; x_wconf 87' lang='lat' dir='ltr'>oratio:</span> <span class='ocrx_word' id='word_1_131' title='bbox 1302 950 1329 970; x_wconf 90' lang='lat'><em>“</em></span> <span class='ocrx_word' id='word_1_132' title='bbox 1341 946 1415 988; x_wconf 89' lang='lat' dir='ltr'>Me</span> <span class='ocrx_word' id='word_1_133' title='bbox 1430 948 1623 990; x_wconf 88' lang='lat' dir='ltr'>saucium</span> 
     </span>
     <span class='ocr_line' id='line_1_16' title="bbox 65 1002 1624 1061; baseline 0.003 -19"><span class='ocrx_word' id='word_1_134' title='bbox 65 1002 295 1043; x_wconf 89' lang='lat' dir='ltr'>recreavit:</span> <span class='ocrx_word' id='word_1_135' title='bbox 337 1017 402 1043; x_wconf 91' lang='lat' dir='ltr'>me</span> <span class='ocrx_word' id='word_1_136' title='bbox 425 1003 569 1058; x_wconf 66' lang='lat' dir='ltr'>praeda</span> <span class='ocrx_word' id='word_1_137' title='bbox 590 1002 767 1044; x_wconf 80' lang='lat' dir='ltr'>donavit</span> <span class='ocrx_word' id='word_1_138' title='bbox 788 1019 797 1043; x_wconf 73' lang='grc' dir='ltr'>ε</span> <span class='ocrx_word' id='word_1_139' title='bbox 830 1003 913 1044; x_wconf 82' lang='lat' dir='ltr'>hoc</span> <span class='ocrx_word' id='word_1_140' title='bbox 944 1004 1052 1044; x_wconf 89' lang='lat' dir='ltr'>duce</span> <span class='ocrx_word' id='word_1_141' title='bbox 1074 1010 1213 1044; x_wconf 86' lang='lat' dir='ltr'>castra</span> <span class='ocrx_word' id='word_1_142' title='bbox 1234 1002 1442 1058; x_wconf 86' lang='lat' dir='ltr'>cepimus,</span> <span class='ocrx_word' id='word_1_143' title='bbox 1474 1004 1624 1061; x_wconf 60' lang='lat' dir='ltr'>”signa</span> 
     </span>
     <span class='ocr_line' id='line_1_17' title="bbox 65 1058 1696 1116; baseline -0.001 -16"><span class='ocrx_word' id='word_1_144' title='bbox 65 1058 324 1100; x_wconf 88' lang='lat' dir='ltr'>contulimus</span> <span class='ocrx_word' id='word_1_145' title='bbox 343 1075 351 1100; x_wconf 92' lang='lat'>:</span> <span class='ocrx_word' id='word_1_146' title='bbox 384 1074 601 1115; x_wconf 81' lang='lat' dir='ltr'>nunquam</span> <span class='ocrx_word' id='word_1_147' title='bbox 623 1059 704 1100; x_wconf 84' lang='lat' dir='ltr'>iste</span> <span class='ocrx_word' id='word_1_148' title='bbox 722 1060 817 1116; x_wconf 84' lang='lat' dir='ltr'>plus</span> <span class='ocrx_word' id='word_1_149' title='bbox 839 1059 962 1100; x_wconf 89' lang='lat' dir='ltr'>militi</span> <span class='ocrx_word' id='word_1_150' title='bbox 979 1059 1136 1100; x_wconf 82' lang='lat' dir='ltr'>laboris</span> <span class='ocrx_word' id='word_1_151' title='bbox 1154 1058 1369 1115; x_wconf 86' lang='lat' dir='ltr'>imposuit,</span> <span class='ocrx_word' id='word_1_152' title='bbox 1392 1059 1524 1116; x_wconf 61' lang='lat' dir='ltr'>quam</span> <span class='ocrx_word' id='word_1_153' title='bbox 1541 1062 1622 1104; x_wconf 90' lang='lat' dir='ltr'>sibi</span> <span class='ocrx_word' id='word_1_154' title='bbox 1639 1059 1696 1100; x_wconf 85' lang='lat'>40</span> 
     </span>
     <span class='ocr_line' id='line_1_18' title="bbox 65 1115 1623 1178; baseline 0.003 -23"><span class='ocrx_word' id='word_1_155' title='bbox 65 1115 251 1171; x_wconf 86' lang='lat' dir='ltr'>sumpsit</span> <span class='ocrx_word' id='word_1_156' title='bbox 270 1115 360 1171; x_wconf 89' lang='lat' dir='ltr'>ipse</span> <span class='ocrx_word' id='word_1_157' title='bbox 377 1132 387 1166; x_wconf 84' lang='lat'>3</span> <span class='ocrx_word' id='word_1_158' title='bbox 416 1115 513 1157; x_wconf 70' lang='lat' dir='ltr'>cum</span> <span class='ocrx_word' id='word_1_159' title='bbox 529 1116 663 1166; x_wconf 80' lang='lat' dir='ltr'>fortis,</span> <span class='ocrx_word' id='word_1_160' title='bbox 676 1125 768 1156; x_wconf 85' lang='lat' dir='ltr'>tum</span> <span class='ocrx_word' id='word_1_161' title='bbox 781 1116 909 1157; x_wconf 85' lang='lat' dir='ltr'>etiam</span> <span class='ocrx_word' id='word_1_162' title='bbox 922 1116 1065 1157; x_wconf 73' lang='lat' dir='ltr'>felix.&#39;’</span> <span class='ocrx_word' id='word_1_163' title='bbox 1113 1115 1209 1156; x_wconf 86' lang='lat' dir='ltr'>Hoc</span> <span class='ocrx_word' id='word_1_164' title='bbox 1223 1116 1370 1171; x_wconf 86' lang='lat' dir='ltr'>quanti</span> <span class='ocrx_word' id='word_1_165' title='bbox 1388 1125 1513 1178; x_wconf 85' lang='lat' dir='ltr'>putas</span> <span class='ocrx_word' id='word_1_166' title='bbox 1528 1132 1623 1160; x_wconf 87' lang='lat' dir='ltr'>esse</span> 
     </span>
     <span class='ocr_line' id='line_1_19' title="bbox 64 1171 1623 1223; baseline 0.003 -12"><span class='ocrx_word' id='word_1_167' title='bbox 64 1171 118 1211; x_wconf 87' lang='lat' dir='ltr'>ad</span> <span class='ocrx_word' id='word_1_168' title='bbox 141 1172 297 1212; x_wconf 86' lang='lat' dir='ltr'>famam</span> <span class='ocrx_word' id='word_1_169' title='bbox 319 1172 550 1220; x_wconf 85' lang='lat' dir='ltr'>hominum,</span> <span class='ocrx_word' id='word_1_170' title='bbox 572 1187 622 1212; x_wconf 87' lang='lat' dir='ltr'>ac</span> <span class='ocrx_word' id='word_1_171' title='bbox 645 1172 937 1214; x_wconf 73' lang='lat' dir='ltr'>voluntatem?</span> <span class='ocrx_word' id='word_1_172' title='bbox 988 1171 1175 1223; x_wconf 84' lang='lat' dir='ltr'>Etenim,</span> <span class='ocrx_word' id='word_1_173' title='bbox 1197 1172 1232 1213; x_wconf 90' lang='lat' dir='ltr'>si</span> <span class='ocrx_word' id='word_1_174' title='bbox 1255 1180 1374 1213; x_wconf 83' lang='lat' dir='ltr'>tanta</span> <span class='ocrx_word' id='word_1_175' title='bbox 1391 1173 1474 1214; x_wconf 86' lang='lat' dir='ltr'>1llis</span> <span class='ocrx_word' id='word_1_176' title='bbox 1492 1174 1623 1215; x_wconf 89' lang='lat' dir='ltr'>comi-</span> 
     </span>
     <span class='ocr_line' id='line_1_20' title="bbox 63 1227 1624 1285; baseline 0.002 -17"><span class='ocrx_word' id='word_1_177' title='bbox 63 1227 136 1268; x_wconf 89' lang='lat' dir='ltr'>tiis</span> <span class='ocrx_word' id='word_1_178' title='bbox 165 1227 316 1284; x_wconf 84' lang='lat' dir='ltr'>religio</span> <span class='ocrx_word' id='word_1_179' title='bbox 349 1236 428 1278; x_wconf 80' lang='lat' dir='ltr'>est,</span> <span class='ocrx_word' id='word_1_180' title='bbox 460 1236 505 1269; x_wconf 90' lang='lat' dir='ltr'>ut</span> <span class='ocrx_word' id='word_1_181' title='bbox 535 1228 676 1269; x_wconf 84' lang='lat' dir='ltr'>adhuc</span> <span class='ocrx_word' id='word_1_182' title='bbox 708 1244 872 1284; x_wconf 82' lang='lat' dir='ltr'>semper</span> <span class='ocrx_word' id='word_1_183' title='bbox 907 1244 1030 1270; x_wconf 86' lang='lat' dir='ltr'>omen</span> <span class='ocrx_word' id='word_1_184' title='bbox 1062 1230 1241 1269; x_wconf 81' lang='lat' dir='ltr'>valuerit</span> <span class='ocrx_word' id='word_1_185' title='bbox 1271 1230 1624 1285; x_wconf 78' lang='lat' dir='ltr'>praerogativum3</span> 
     </span>
     <span class='ocr_line' id='line_1_21' title="bbox 64 1283 1621 1341; baseline 0.003 -17"><span class='ocrx_word' id='word_1_186' title='bbox 64 1283 168 1338; x_wconf 90' lang='lat' dir='ltr'>quid</span> <span class='ocrx_word' id='word_1_187' title='bbox 189 1284 341 1325; x_wconf 89' lang='lat' dir='ltr'>mirum</span> <span class='ocrx_word' id='word_1_188' title='bbox 364 1294 444 1334; x_wconf 89' lang='lat' dir='ltr'>est,</span> <span class='ocrx_word' id='word_1_189' title='bbox 476 1284 518 1324; x_wconf 87' lang='lat' dir='ltr'>in</span> <span class='ocrx_word' id='word_1_190' title='bbox 540 1285 623 1325; x_wconf 91' lang='lat' dir='ltr'>hoc</span> <span class='ocrx_word' id='word_1_191' title='bbox 644 1285 861 1326; x_wconf 81' lang='lat' dir='ltr'>felicitatis</span> <span class='ocrx_word' id='word_1_192' title='bbox 883 1286 1040 1325; x_wconf 82' lang='lat' dir='ltr'>famam</span> <span class='ocrx_word' id='word_1_193' title='bbox 1061 1300 1384 1341; x_wconf 85' lang='lat' dir='ltr'>sermonemque</span> <span class='ocrx_word' id='word_1_194' title='bbox 1405 1286 1621 1328; x_wconf 69' lang='lat' dir='ltr'>valuisse?</span> 
     </span>
     <span class='ocr_line' id='line_1_22' title="bbox 65 1339 1695 1396; baseline 0.001 -16"><span class='ocrx_word' id='word_1_195' title='bbox 65 1339 167 1390; x_wconf 89' lang='lat' dir='ltr'>Sed,</span> <span class='ocrx_word' id='word_1_196' title='bbox 188 1339 222 1380; x_wconf 90' lang='lat' dir='ltr'>si</span> <span class='ocrx_word' id='word_1_197' title='bbox 245 1340 339 1382; x_wconf 89' lang='lat' dir='ltr'>haec</span> <span class='ocrx_word' id='word_1_198' title='bbox 360 1340 520 1381; x_wconf 85' lang='lat' dir='ltr'>leviora</span> <span class='ocrx_word' id='word_1_199' title='bbox 541 1340 676 1389; x_wconf 82' lang='lat' dir='ltr'>ducis,</span> <span class='ocrx_word' id='word_1_200' title='bbox 697 1356 792 1396; x_wconf 86' lang='lat' dir='ltr'>quae</span> <span class='ocrx_word' id='word_1_201' title='bbox 812 1348 914 1382; x_wconf 89' lang='lat' dir='ltr'>sunt</span> <span class='ocrx_word' id='word_1_202' title='bbox 934 1341 1200 1396; x_wconf 84' lang='lat' dir='ltr'>gravissima,</span> <span class='ocrx_word' id='word_1_203' title='bbox 1223 1348 1266 1382; x_wconf 94' lang='lat' dir='ltr'>et</span> <span class='ocrx_word' id='word_1_204' title='bbox 1286 1341 1397 1382; x_wconf 88' lang='lat' dir='ltr'>hanc</span> <span class='ocrx_word' id='word_1_205' title='bbox 1417 1342 1624 1385; x_wconf 85' lang='lat' dir='ltr'>urbanam</span> <span class='ocrx_word' id='word_1_206' title='bbox 1639 1340 1695 1382; x_wconf 88' lang='grc'>45</span> 
     </span>
     <span class='ocr_line' id='line_1_23' title="bbox 63 1395 1623 1453; baseline 0.003 -17"><span class='ocrx_word' id='word_1_207' title='bbox 63 1395 413 1453; x_wconf 82' lang='lat' dir='ltr'>suffragationem</span> <span class='ocrx_word' id='word_1_208' title='bbox 432 1396 607 1438; x_wconf 87' lang='lat' dir='ltr'>militari</span> <span class='ocrx_word' id='word_1_209' title='bbox 623 1397 872 1453; x_wconf 83' lang='lat' dir='ltr'>anteponis3</span> <span class='ocrx_word' id='word_1_210' title='bbox 903 1397 991 1438; x_wconf 88' lang='lat' dir='ltr'>noli</span> <span class='ocrx_word' id='word_1_211' title='bbox 1007 1397 1202 1438; x_wconf 84' lang='lat' dir='ltr'>ludorum</span> <span class='ocrx_word' id='word_1_212' title='bbox 1219 1398 1346 1453; x_wconf 89' lang='lat' dir='ltr'>hujus</span> <span class='ocrx_word' id='word_1_213' title='bbox 1365 1398 1623 1453; x_wconf 82' lang='lat' dir='ltr'>elegantiam</span> 
     </span>
     <span class='ocr_line' id='line_1_24' title="bbox 63 1453 1625 1510; baseline 0.003 -17"><span class='ocrx_word' id='word_1_214' title='bbox 63 1460 107 1494; x_wconf 92' lang='lat' dir='ltr'>et</span> <span class='ocrx_word' id='word_1_215' title='bbox 127 1467 268 1494; x_wconf 83' lang='lat' dir='ltr'>scenae</span> <span class='ocrx_word' id='word_1_216' title='bbox 288 1453 656 1510; x_wconf 84' lang='lat' dir='ltr'>magnificentiam</span> <span class='ocrx_word' id='word_1_217' title='bbox 678 1453 803 1495; x_wconf 70' lang='lat' dir='ltr'>valde</span> <span class='ocrx_word' id='word_1_218' title='bbox 825 1461 1112 1505; x_wconf 88' lang='lat' dir='ltr'>contemnere,</span> <span class='ocrx_word' id='word_1_219' title='bbox 1143 1469 1240 1510; x_wconf 88' lang='lat' dir='ltr'>quae</span> <span class='ocrx_word' id='word_1_220' title='bbox 1269 1453 1372 1495; x_wconf 89' lang='lat' dir='ltr'>huic</span> <span class='ocrx_word' id='word_1_221' title='bbox 1393 1455 1625 1497; x_wconf 70' lang='lat' dir='ltr'>admodum</span> 
     </span>
     <span class='ocr_line' id='line_1_25' title="bbox 61 1509 1627 1568; baseline 0.002 -18"><span class='ocrx_word' id='word_1_222' title='bbox 61 1510 326 1564; x_wconf 84' lang='lat' dir='ltr'>profuerunt.</span> <span class='ocrx_word' id='word_1_223' title='bbox 385 1509 496 1552; x_wconf 87' lang='lat' dir='ltr'>Nam</span> <span class='ocrx_word' id='word_1_224' title='bbox 528 1510 633 1567; x_wconf 90' lang='lat' dir='ltr'>quid</span> <span class='ocrx_word' id='word_1_225' title='bbox 665 1525 746 1566; x_wconf 82' lang='lat' dir='ltr'>ego</span> <span class='ocrx_word' id='word_1_226' title='bbox 779 1510 921 1552; x_wconf 87' lang='lat' dir='ltr'>dicam</span> <span class='ocrx_word' id='word_1_227' title='bbox 949 1511 1153 1566; x_wconf 86' lang='lat' dir='ltr'>populum</span> <span class='ocrx_word' id='word_1_228' title='bbox 1176 1525 1226 1552; x_wconf 86' lang='lat' dir='ltr'>ac</span> <span class='ocrx_word' id='word_1_229' title='bbox 1257 1511 1434 1567; x_wconf 84' lang='lat' dir='ltr'>cvulgus</span> <span class='ocrx_word' id='word_1_230' title='bbox 1454 1511 1627 1568; x_wconf 87' lang='lat' dir='ltr'>imperi-</span> 
     </span>
     <span class='ocr_line' id='line_1_26' title="bbox 64 1566 1626 1624; baseline 0.003 -18"><span class='ocrx_word' id='word_1_231' title='bbox 64 1573 206 1608; x_wconf 88' lang='lat' dir='ltr'>torum</span> <span class='ocrx_word' id='word_1_232' title='bbox 226 1566 339 1608; x_wconf 89' lang='lat' dir='ltr'>ludis</span> <span class='ocrx_word' id='word_1_233' title='bbox 361 1566 620 1623; x_wconf 67' lang='lat' dir='ltr'>magnopere</span> <span class='ocrx_word' id='word_1_234' title='bbox 653 1567 883 1609; x_wconf 73' lang='lat' dir='ltr'>delectari?</span> <span class='ocrx_word' id='word_1_235' title='bbox 914 1567 1051 1608; x_wconf 75' lang='lat' dir='ltr'>minus</span> <span class='ocrx_word' id='word_1_236' title='bbox 1081 1575 1148 1609; x_wconf 88' lang='lat' dir='ltr'>est</span> <span class='ocrx_word' id='word_1_237' title='bbox 1178 1567 1444 1608; x_wconf 85' lang='lat' dir='ltr'>mirandum:</span> <span class='ocrx_word' id='word_1_238' title='bbox 1476 1583 1626 1624; x_wconf 87' lang='lat' dir='ltr'>quam-</span> 
     </span>
     <span class='ocr_line' id='line_1_27' title="bbox 62 1623 1696 1680; baseline 0.001 -16"><span class='ocrx_word' id='word_1_239' title='bbox 62 1623 195 1679; x_wconf 68' lang='lat' dir='ltr'>quam</span> <span class='ocrx_word' id='word_1_240' title='bbox 213 1623 316 1665; x_wconf 89' lang='lat' dir='ltr'>huic</span> <span class='ocrx_word' id='word_1_241' title='bbox 338 1639 480 1665; x_wconf 81' lang='lat' dir='ltr'>causae</span> <span class='ocrx_word' id='word_1_242' title='bbox 508 1624 553 1665; x_wconf 89' lang='lat' dir='ltr'>id</span> <span class='ocrx_word' id='word_1_243' title='bbox 577 1623 681 1665; x_wconf 87' lang='lat' dir='ltr'>satis</span> <span class='ocrx_word' id='word_1_244' title='bbox 709 1631 800 1676; x_wconf 79' lang='lat' dir='ltr'>est3</span> <span class='ocrx_word' id='word_1_245' title='bbox 829 1630 930 1666; x_wconf 88' lang='lat' dir='ltr'>sunt</span> <span class='ocrx_word' id='word_1_246' title='bbox 949 1624 1062 1666; x_wconf 88' lang='lat' dir='ltr'>euim</span> <span class='ocrx_word' id='word_1_247' title='bbox 1083 1624 1227 1680; x_wconf 91' lang='lat' dir='ltr'>populi</span> <span class='ocrx_word' id='word_1_248' title='bbox 1255 1639 1306 1665; x_wconf 86' lang='lat' dir='ltr'>ac</span> <span class='ocrx_word' id='word_1_249' title='bbox 1335 1624 1624 1667; x_wconf 88' lang='lat' dir='ltr'>multitudinis</span> <span class='ocrx_word' id='word_1_250' title='bbox 1640 1623 1696 1665; x_wconf 85' lang='lat'>50</span> 
     </span>
     <span class='ocr_line' id='line_1_28' title="bbox 64 1680 1626 1737; baseline 0.002 -16"><span class='ocrx_word' id='word_1_251' title='bbox 64 1680 254 1722; x_wconf 86' lang='lat' dir='ltr'>comitia.</span> <span class='ocrx_word' id='word_1_252' title='bbox 267 1680 426 1733; x_wconf 75' lang='lat' dir='ltr'>Quare,</span> <span class='ocrx_word' id='word_1_253' title='bbox 445 1681 481 1722; x_wconf 86' lang='lat' dir='ltr'>si</span> <span class='ocrx_word' id='word_1_254' title='bbox 493 1681 651 1737; x_wconf 91' lang='lat' dir='ltr'>populo</span> <span class='ocrx_word' id='word_1_255' title='bbox 665 1680 863 1723; x_wconf 87' lang='lat' dir='ltr'>ludorum</span> <span class='ocrx_word' id='word_1_256' title='bbox 883 1681 1204 1737; x_wconf 82' lang='lat' dir='ltr'>magnificentia</span> <span class='ocrx_word' id='word_1_257' title='bbox 1216 1680 1424 1737; x_wconf 81' lang='lat' dir='ltr'>voluptati</span> <span class='ocrx_word' id='word_1_258' title='bbox 1445 1687 1525 1734; x_wconf 89' lang='lat' dir='ltr'>est,</span> <span class='ocrx_word' id='word_1_259' title='bbox 1538 1695 1626 1724; x_wconf 89' lang='lat' dir='ltr'>non</span> 
     </span>
    </p>
   </div>
   <div class='ocr_carea' id='block_1_3' title="bbox 60 1838 1624 1892">
    <p class='ocr_par' dir='ltr' id='par_1_3' title="bbox 60 1838 1624 1892">
     <span class='ocr_line' id='line_1_29' title="bbox 60 1838 1624 1892; baseline 0.002 -16"><span class='ocrx_word' id='word_1_260' title='bbox 60 1841 169 1877; x_wconf 70' lang='lat' dir='ltr'>’mm</span> <span class='ocrx_word' id='word_1_261' title='bbox 168 1838 431 1892; x_wconf 74' lang='lat' dir='ltr'>jurisperiti.</span> <span class='ocrx_word' id='word_1_262' title='bbox 453 1838 756 1880; x_wconf 53' lang='lat' dir='ltr'>‘’commi-§imus</span> <span class='ocrx_word' id='word_1_263' title='bbox 767 1839 985 1892; x_wconf 75' lang='lat' dir='ltr'>proelium.</span> <span class='ocrx_word' id='word_1_264' title='bbox 1005 1839 1272 1891; x_wconf 60' lang='lat' dir='ltr'>Cimperitam</span> <span class='ocrx_word' id='word_1_265' title='bbox 1284 1838 1624 1880; x_wconf 72' lang='lat' dir='ltr'>multitudinem.</span> 
     </span>
    </p>
   </div>
   <div class='ocr_carea' id='block_1_4' title="bbox 60 1990 1627 2803">
    <p class='ocr_par' dir='ltr' id='par_1_4' title="bbox 60 1990 1623 2204">
     <span class='ocr_line' id='line_1_30' title="bbox 106 1990 1623 2035; baseline 0.001 -13"><span class='ocrx_word' id='word_1_266' title='bbox 106 1992 159 2023; x_wconf 83' lang='lat'>25.</span> <span class='ocrx_word' id='word_1_267' title='bbox 184 1990 362 2031; x_wconf 71' lang='lat' dir='ltr'>Exspectatio</span> <span class='ocrx_word' id='word_1_268' title='bbox 371 1994 525 2035; x_wconf 65' lang='lat' dir='ltr'>muneris]</span> <span class='ocrx_word' id='word_1_269' title='bbox 570 1994 594 2024; x_wconf 80' lang='lat' dir='ltr'>F</span> <span class='ocrx_word' id='word_1_270' title='bbox 597 1994 661 2024; x_wconf 86' lang='lat' dir='ltr'>avit</span> <span class='ocrx_word' id='word_1_271' title='bbox 674 1994 818 2025; x_wconf 78' lang='lat' dir='ltr'>Murenae</span> <span class='ocrx_word' id='word_1_272' title='bbox 904 1994 957 2023; x_wconf 80' lang='lat'>38.</span> <span class='ocrx_word' id='word_1_273' title='bbox 983 1993 1088 2024; x_wconf 75' lang='lat' dir='ltr'>Gravis</span> <span class='ocrx_word' id='word_1_274' title='bbox 1102 1999 1142 2024; x_wconf 80' lang='lat' dir='ltr'>est</span> <span class='ocrx_word' id='word_1_275' title='bbox 1156 1994 1209 2024; x_wconf 77' lang='lat' dir='ltr'>illa</span> <span class='ocrx_word' id='word_1_276' title='bbox 1223 1993 1341 2034; x_wconf 69' lang='lat' dir='ltr'>oratio]</span> <span class='ocrx_word' id='word_1_277' title='bbox 1400 1992 1536 2023; x_wconf 82' lang='lat' dir='ltr'>Multam</span> <span class='ocrx_word' id='word_1_278' title='bbox 1559 1992 1623 2023; x_wconf 86' lang='lat' dir='ltr'>vim</span> 
     </span>
     <span class='ocr_line' id='line_1_31' title="bbox 62 2033 1623 2077; baseline 0.002 -14"><span class='ocrx_word' id='word_1_279' title='bbox 62 2033 206 2064; x_wconf 89' lang='lat' dir='ltr'>ludorum</span> <span class='ocrx_word' id='word_1_280' title='bbox 222 2036 426 2075; x_wconf 79' lang='lat' dir='ltr'>exspectatio.</span> <span class='ocrx_word' id='word_1_281' title='bbox 473 2037 518 2067; x_wconf 87' lang='lat' dir='ltr'>Ut</span> <span class='ocrx_word' id='word_1_282' title='bbox 531 2037 657 2067; x_wconf 85' lang='lat' dir='ltr'>enimin</span> <span class='ocrx_word' id='word_1_283' title='bbox 671 2038 819 2067; x_wconf 78' lang='lat' dir='ltr'>honorem</span> <span class='ocrx_word' id='word_1_284' title='bbox 861 2036 958 2066; x_wconf 80' lang='lat' dir='ltr'>habet</span> <span class='ocrx_word' id='word_1_285' title='bbox 972 2037 1039 2066; x_wconf 84' lang='lat' dir='ltr'>haec</span> <span class='ocrx_word' id='word_1_286' title='bbox 1055 2037 1163 2072; x_wconf 82' lang='lat' dir='ltr'>oratio,</span> <span class='ocrx_word' id='word_1_287' title='bbox 1174 2046 1243 2077; x_wconf 82' lang='lat' dir='ltr'>quae</span> <span class='ocrx_word' id='word_1_288' title='bbox 1253 2035 1366 2077; x_wconf 68' lang='lat' dir='ltr'>nempe</span> <span class='ocrx_word' id='word_1_289' title='bbox 1382 2036 1420 2066; x_wconf 90' lang='lat' dir='ltr'>ab</span> <span class='ocrx_word' id='word_1_290' title='bbox 1433 2045 1623 2077; x_wconf 85' lang='lat' dir='ltr'>unoquoque</span> 
     </span>
     <span class='ocr_line' id='line_1_32' title="bbox 61 2076 1621 2119; baseline 0.001 -13"><span class='ocrx_word' id='word_1_291' title='bbox 61 2076 217 2117; x_wconf 76' lang='lat' dir='ltr'>Apollinis</span> <span class='ocrx_word' id='word_1_292' title='bbox 243 2077 542 2109; x_wconf 81' lang='lat' dir='ltr'>munificentissimos</span> <span class='ocrx_word' id='word_1_293' title='bbox 560 2079 592 2108; x_wconf 91' lang='lat' dir='ltr'>in</span> <span class='ocrx_word' id='word_1_294' title='bbox 616 2079 748 2119; x_wconf 80' lang='lat' dir='ltr'>praetur&#39;a</span> <span class='ocrx_word' id='word_1_295' title='bbox 766 2080 820 2109; x_wconf 89' lang='lat' dir='ltr'>dc·</span> <span class='ocrx_word' id='word_1_296' title='bbox 865 2078 960 2108; x_wconf 86' lang='lat' dir='ltr'>milite</span> <span class='ocrx_word' id='word_1_297' title='bbox 977 2079 1017 2108; x_wconf 91' lang='lat' dir='ltr'>de</span> <span class='ocrx_word' id='word_1_298' title='bbox 1033 2089 1087 2108; x_wconf 91' lang='lat' dir='ltr'>suo</span> <span class='ocrx_word' id='word_1_299' title='bbox 1099 2079 1180 2108; x_wconf 89' lang='lat' dir='ltr'>duce</span> <span class='ocrx_word' id='word_1_300' title='bbox 1195 2079 1338 2114; x_wconf 85' lang='lat' dir='ltr'>habetur,</span> <span class='ocrx_word' id='word_1_301' title='bbox 1361 2079 1439 2108; x_wconf 87' lang='lat' dir='ltr'>etin</span> <span class='ocrx_word' id='word_1_302' title='bbox 1460 2079 1522 2118; x_wconf 64' lang='lat' dir='ltr'>qua</span> <span class='ocrx_word' id='word_1_303' title='bbox 1534 2078 1621 2108; x_wconf 86' lang='lat' dir='ltr'>multi</span> 
     </span>
     <span class='ocr_line' id='line_1_33' title="bbox 60 2119 1623 2162; baseline 0.002 -14"><span class='ocrx_word' id='word_1_304' title='bbox 60 2119 160 2155; x_wconf 85' lang='lat' dir='ltr'>derat,</span> <span class='ocrx_word' id='word_1_305' title='bbox 175 2120 218 2150; x_wconf 86' lang='lat' dir='ltr'>ita</span> <span class='ocrx_word' id='word_1_306' title='bbox 234 2121 310 2150; x_wconf 85' lang='lat' dir='ltr'>tales</span> <span class='ocrx_word' id='word_1_307' title='bbox 320 2121 359 2150; x_wconf 90' lang='lat' dir='ltr'>ab</span> <span class='ocrx_word' id='word_1_308' title='bbox 372 2131 410 2151; x_wconf 86' lang='lat' dir='ltr'>eo</span> <span class='ocrx_word' id='word_1_309' title='bbox 423 2122 454 2151; x_wconf 87' lang='lat' dir='ltr'>in</span> <span class='ocrx_word' id='word_1_310' title='bbox 467 2121 628 2153; x_wconf 82' lang='lat' dir='ltr'>consulatu</span> <span class='ocrx_word' id='word_1_311' title='bbox 641 2122 657 2151; x_wconf 70' lang='lat' dir='ltr'>a</span> <span class='ocrx_word' id='word_1_312' title='bbox 668 2121 758 2162; x_wconf 89' lang='lat' dir='ltr'>plebe</span> <span class='ocrx_word' id='word_1_313' title='bbox 769 2132 822 2151; x_wconf 88' lang='lat' dir='ltr'>ex·</span> <span class='ocrx_word' id='word_1_314' title='bbox 866 2126 1106 2152; x_wconf 85' lang='lat' dir='ltr'>commemorant</span> <span class='ocrx_word' id='word_1_315' title='bbox 1121 2121 1198 2161; x_wconf 89' lang='lat' dir='ltr'>quid</span> <span class='ocrx_word' id='word_1_316' title='bbox 1215 2121 1252 2151; x_wconf 90' lang='lat' dir='ltr'>ab</span> <span class='ocrx_word' id='word_1_317' title='bbox 1268 2131 1305 2151; x_wconf 86' lang='lat' dir='ltr'>eo</span> <span class='ocrx_word' id='word_1_318' title='bbox 1322 2119 1522 2157; x_wconf 82' lang='lat' dir='ltr'>obtinuerint,</span> <span class='ocrx_word' id='word_1_319' title='bbox 1545 2120 1623 2162; x_wconf 89' lang='lat' dir='ltr'>quid</span> 
     </span>
     <span class='ocr_line' id='line_1_34' title="bbox 61 2162 1160 2204; baseline 0.001 -12"><span class='ocrx_word' id='word_1_320' title='bbox 61 2162 292 2203; x_wconf 77' lang='lat' dir='ltr'>spectabantur,</span> <span class='ocrx_word' id='word_1_321' title='bbox 319 2174 387 2204; x_wconf 74' lang='lat' dir='ltr'>quae</span> <span class='ocrx_word' id='word_1_322' title='bbox 403 2165 531 2195; x_wconf 85' lang='lat' dir='ltr'>virtutes</span> <span class='ocrx_word' id='word_1_323' title='bbox 544 2164 611 2204; x_wconf 78' lang='lat' dir='ltr'>ejus</span> <span class='ocrx_word' id='word_1_324' title='bbox 634 2165 821 2195; x_wconf 82' lang='lat' dir='ltr'>celebrabat.</span> <span class='ocrx_word' id='word_1_325' title='bbox 867 2174 935 2194; x_wconf 88' lang='lat' dir='ltr'>cum</span> <span class='ocrx_word' id='word_1_326' title='bbox 951 2174 989 2194; x_wconf 89' lang='lat' dir='ltr'>eo</span> <span class='ocrx_word' id='word_1_327' title='bbox 1002 2165 1160 2203; x_wconf 82' lang='lat' dir='ltr'>gesserint.</span> 
     </span>
    </p>

    <p class='ocr_par' dir='ltr' id='par_1_5' title="bbox 60 2204 1625 2417">
     <span class='ocr_line' id='line_1_35' title="bbox 107 2204 1623 2249; baseline -0.001 -13"><span class='ocrx_word' id='word_1_328' title='bbox 107 2208 159 2236; x_wconf 74' lang='lat'>28.</span> <span class='ocrx_word' id='word_1_329' title='bbox 183 2205 366 2249; x_wconf 58' lang='lat' dir='ltr'>legatione]</span> <span class='ocrx_word' id='word_1_330' title='bbox 425 2207 505 2238; x_wconf 72' lang='lat' dir='ltr'>Cum</span> <span class='ocrx_word' id='word_1_331' title='bbox 541 2207 671 2237; x_wconf 89' lang='lat' dir='ltr'>Lucullo</span> <span class='ocrx_word' id='word_1_332' title='bbox 703 2207 822 2247; x_wconf 81' lang='lat' dir='ltr'>legatus</span> <span class='ocrx_word' id='word_1_333' title='bbox 910 2209 962 2236; x_wconf 80' lang='lat'>4‘2.</span> <span class='ocrx_word' id='word_1_334' title='bbox 985 2207 1028 2236; x_wconf 81' lang='lat' dir='ltr'>Ac</span> <span class='ocrx_word' id='word_1_335' title='bbox 1049 2205 1252 2245; x_wconf 59' lang='lat' dir='ltr'>voluntatem]</span> <span class='ocrx_word' id='word_1_336' title='bbox 1301 2204 1350 2235; x_wconf 92' lang='lat' dir='ltr'>Ea</span> <span class='ocrx_word' id='word_1_337' title='bbox 1372 2210 1532 2236; x_wconf 88' lang='lat' dir='ltr'>enumerat</span> <span class='ocrx_word' id='word_1_338' title='bbox 1553 2215 1623 2245; x_wconf 78' lang='lat' dir='ltr'>quae</span> 
     </span>
     <span class='ocr_line' id='line_1_36' title="bbox 60 2247 1624 2289; baseline 0 -11"><span class='ocrx_word' id='word_1_339' title='bbox 60 2255 143 2278; x_wconf 82' lang='lat' dir='ltr'>esset</span> <span class='ocrx_word' id='word_1_340' title='bbox 164 2248 309 2284; x_wconf 88' lang='lat' dir='ltr'>Murena,</span> <span class='ocrx_word' id='word_1_341' title='bbox 331 2249 419 2279; x_wconf 86' lang='lat' dir='ltr'>multi</span> <span class='ocrx_word' id='word_1_342' title='bbox 443 2250 502 2289; x_wconf 86' lang='lat' dir='ltr'>ipsi</span> <span class='ocrx_word' id='word_1_343' title='bbox 523 2250 683 2286; x_wconf 82' lang='lat' dir='ltr'>favebant,</span> <span class='ocrx_word' id='word_1_344' title='bbox 706 2250 825 2280; x_wconf 87' lang='lat' dir='ltr'>virtutis</span> <span class='ocrx_word' id='word_1_345' title='bbox 869 2249 908 2278; x_wconf 85' lang='lat' dir='ltr'>ad</span> <span class='ocrx_word' id='word_1_346' title='bbox 933 2248 1122 2279; x_wconf 83' lang='lat' dir='ltr'>voluntatem</span> <span class='ocrx_word' id='word_1_347' title='bbox 1153 2248 1211 2278; x_wconf 83' lang='lat' dir='ltr'>sibi</span> <span class='ocrx_word' id='word_1_348' title='bbox 1239 2247 1464 2278; x_wconf 76' lang='lat' dir='ltr'>conciliandam</span> <span class='ocrx_word' id='word_1_349' title='bbox 1493 2248 1624 2278; x_wconf 88' lang='lat' dir='ltr'>militum</span> 
     </span>
     <span class='ocr_line' id='line_1_37' title="bbox 62 2289 1624 2333; baseline 0.001 -13"><span class='ocrx_word' id='word_1_350' title='bbox 62 2289 129 2330; x_wconf 81' lang='lat' dir='ltr'>ejus</span> <span class='ocrx_word' id='word_1_351' title='bbox 145 2296 252 2328; x_wconf 84' lang='lat' dir='ltr'>testes,</span> <span class='ocrx_word' id='word_1_352' title='bbox 274 2292 328 2332; x_wconf 88' lang='lat' dir='ltr'>qui</span> <span class='ocrx_word' id='word_1_353' title='bbox 345 2293 482 2322; x_wconf 82' lang='lat' dir='ltr'>nondum</span> <span class='ocrx_word' id='word_1_354' title='bbox 499 2293 537 2323; x_wconf 91' lang='lat' dir='ltr'>ab</span> <span class='ocrx_word' id='word_1_355' title='bbox 549 2292 634 2323; x_wconf 83' lang='lat' dir='ltr'>Urbe</span> <span class='ocrx_word' id='word_1_356' title='bbox 648 2293 680 2322; x_wconf 85' lang='lat' dir='ltr'>in</span> <span class='ocrx_word' id='word_1_357' title='bbox 695 2293 821 2333; x_wconf 84' lang='lat' dir='ltr'>provin·</span> <span class='ocrx_word' id='word_1_358' title='bbox 863 2291 1078 2332; x_wconf 84' lang='lat' dir='ltr'>potentissima</span> <span class='ocrx_word' id='word_1_359' title='bbox 1093 2297 1175 2327; x_wconf 85' lang='lat' dir='ltr'>sunt,</span> <span class='ocrx_word' id='word_1_360' title='bbox 1191 2301 1260 2331; x_wconf 83' lang='lat' dir='ltr'>quae</span> <span class='ocrx_word' id='word_1_361' title='bbox 1274 2291 1315 2321; x_wconf 88' lang='lat' dir='ltr'>de</span> <span class='ocrx_word' id='word_1_362' title='bbox 1331 2291 1470 2332; x_wconf 90' lang='lat' dir='ltr'>Sulpicio</span> <span class='ocrx_word' id='word_1_363' title='bbox 1486 2291 1548 2322; x_wconf 85' lang='lat' dir='ltr'>dici</span> <span class='ocrx_word' id='word_1_364' title='bbox 1561 2301 1624 2321; x_wconf 89' lang='lat' dir='ltr'>non</span> 
     </span>
     <span class='ocr_line' id='line_1_38' title="bbox 60 2333 1005 2376; baseline 0.001 -14"><span class='ocrx_word' id='word_1_365' title='bbox 60 2333 139 2364; x_wconf 85' lang='lat' dir='ltr'>ciam</span> <span class='ocrx_word' id='word_1_366' title='bbox 158 2334 368 2370; x_wconf 82' lang='lat' dir='ltr'>decesserant,</span> <span class='ocrx_word' id='word_1_367' title='bbox 391 2335 409 2365; x_wconf 71' lang='lat' dir='ltr'>a</span> <span class='ocrx_word' id='word_1_368' title='bbox 433 2335 494 2376; x_wconf 69' lang='lat' dir='ltr'>qua</span> <span class='ocrx_word' id='word_1_369' title='bbox 518 2336 685 2375; x_wconf 80' lang='lat' dir='ltr'>redierant,</span> <span class='ocrx_word' id='word_1_370' title='bbox 711 2341 743 2365; x_wconf 89' lang='lat' dir='ltr'>ut</span> <span class='ocrx_word' id='word_1_371' title='bbox 759 2335 821 2365; x_wconf 93' lang='lat' dir='ltr'>Lu-</span> <span class='ocrx_word' id='word_1_372' title='bbox 864 2340 1005 2375; x_wconf 82' lang='lat' dir='ltr'>possunt.</span> 
     </span>
     <span class='ocr_line' id='line_1_39' title="bbox 60 2375 1625 2417; baseline 0 -11"><span class='ocrx_word' id='word_1_373' title='bbox 60 2376 133 2406; x_wconf 90' lang='lat' dir='ltr'>culli</span> <span class='ocrx_word' id='word_1_374' title='bbox 149 2376 336 2417; x_wconf 76' lang='lat' dir='ltr'>triumphum</span> <span class='ocrx_word' id='word_1_375' title='bbox 349 2379 560 2408; x_wconf 88' lang='lat' dir='ltr'>honestarent.</span> <span class='ocrx_word' id='word_1_376' title='bbox 909 2379 963 2409; x_wconf 83' lang='lat'>43.</span> <span class='ocrx_word' id='word_1_377' title='bbox 988 2377 1076 2406; x_wconf 83' lang='lat' dir='ltr'>Omen</span> <span class='ocrx_word' id='word_1_378' title='bbox 1084 2376 1336 2417; x_wconf 80' lang='lat' dir='ltr'>praerogativum.]</span> <span class='ocrx_word' id='word_1_379' title='bbox 1381 2375 1625 2417; x_wconf 80' lang='lat' dir='ltr'>Centuriaeprae·</span> 
     </span>
    </p>

    <p class='ocr_par' dir='ltr' id='par_1_6' title="bbox 105 2418 1626 2462">
     <span class='ocr_line' id='line_1_40' title="bbox 105 2418 1626 2462; baseline 0 -14"><span class='ocrx_word' id='word_1_380' title='bbox 105 2420 156 2451; x_wconf 73' lang='lat'>29.</span> <span class='ocrx_word' id='word_1_381' title='bbox 180 2419 390 2462; x_wconf 71' lang='lat' dir='ltr'>Decesserant.]</span> <span class='ocrx_word' id='word_1_382' title='bbox 436 2420 483 2450; x_wconf 86' lang='lat' dir='ltr'>Ex</span> <span class='ocrx_word' id='word_1_383' title='bbox 506 2420 632 2451; x_wconf 85' lang='lat' dir='ltr'>civitate</span> <span class='ocrx_word' id='word_1_384' title='bbox 661 2419 818 2450; x_wconf 66' lang='lat' dir='ltr'>Romana.</span> <span class='ocrx_word' id='word_1_385' title='bbox 862 2420 1009 2457; x_wconf 76' lang='lat' dir='ltr'>rogativae</span> <span class='ocrx_word' id='word_1_386' title='bbox 1023 2419 1226 2457; x_wconf 73' lang='lat' dir='ltr'>dicebantur,</span> <span class='ocrx_word' id='word_1_387' title='bbox 1248 2429 1317 2460; x_wconf 86' lang='lat' dir='ltr'>quae</span> <span class='ocrx_word' id='word_1_388' title='bbox 1329 2423 1410 2449; x_wconf 87' lang='lat' dir='ltr'>sorte</span> <span class='ocrx_word' id='word_1_389' title='bbox 1425 2419 1547 2449; x_wconf 86' lang='lat' dir='ltr'>eductae</span> <span class='ocrx_word' id='word_1_390' title='bbox 1563 2418 1626 2460; x_wconf 90' lang='lat' dir='ltr'>pri-</span> 
     </span>
    </p>

    <p class='ocr_par' dir='ltr' id='par_1_7' title="bbox 61 2461 1626 2632">
     <span class='ocr_line' id='line_1_41' title="bbox 104 2461 1626 2504; baseline 0 -13"><span class='ocrx_word' id='word_1_391' title='bbox 104 2461 153 2492; x_wconf 91' lang='lat' dir='ltr'>Ib.</span> <span class='ocrx_word' id='word_1_392' title='bbox 177 2462 225 2492; x_wconf 74' lang='lat' dir='ltr'>Ad</span> <span class='ocrx_word' id='word_1_393' title='bbox 251 2463 417 2494; x_wconf 70' lang='lat' dir='ltr'>consulatus</span> <span class='ocrx_word' id='word_1_394' title='bbox 443 2465 605 2502; x_wconf 74' lang='lat' dir='ltr'>petitionem</span> <span class='ocrx_word' id='word_1_395' title='bbox 637 2463 819 2504; x_wconf 56' lang='lat' dir='ltr'>reservavit]</span> <span class='ocrx_word' id='word_1_396' title='bbox 865 2461 947 2492; x_wconf 74' lang='lat' dir='ltr'>mum</span> <span class='ocrx_word' id='word_1_397' title='bbox 963 2462 1169 2503; x_wconf 73' lang='lat' dir='ltr'>rogabantu13</span> <span class='ocrx_word' id='word_1_398' title='bbox 1199 2472 1306 2502; x_wconf 78' lang='lat' dir='ltr'>eaeque</span> <span class='ocrx_word' id='word_1_399' title='bbox 1321 2461 1406 2492; x_wconf 87' lang='lat' dir='ltr'>velut</span> <span class='ocrx_word' id='word_1_400' title='bbox 1419 2471 1512 2492; x_wconf 90' lang='lat' dir='ltr'>omen</span> <span class='ocrx_word' id='word_1_401' title='bbox 1527 2461 1626 2492; x_wconf 86' lang='lat' dir='ltr'>comi-</span> 
     </span>
     <span class='ocr_line' id='line_1_42' title="bbox 61 2503 1626 2546; baseline 0.001 -13"><span class='ocrx_word' id='word_1_402' title='bbox 61 2503 139 2533; x_wconf 89' lang='lat' dir='ltr'>Tum</span> <span class='ocrx_word' id='word_1_403' title='bbox 155 2505 184 2535; x_wconf 85' lang='lat' dir='ltr'>ei</span> <span class='ocrx_word' id='word_1_404' title='bbox 199 2506 349 2536; x_wconf 78' lang='lat' dir='ltr'>exercitus</span> <span class='ocrx_word' id='word_1_405' title='bbox 366 2506 498 2541; x_wconf 86' lang='lat' dir='ltr'>Luculli,</span> <span class='ocrx_word' id='word_1_406' title='bbox 520 2513 585 2536; x_wconf 88' lang='lat' dir='ltr'>tum</span> <span class='ocrx_word' id='word_1_407' title='bbox 608 2505 754 2537; x_wconf 84' lang='lat' dir='ltr'>memoria</span> <span class='ocrx_word' id='word_1_408' title='bbox 776 2506 822 2535; x_wconf 90' lang='lat' dir='ltr'>lu-</span> <span class='ocrx_word' id='word_1_409' title='bbox 863 2505 974 2535; x_wconf 82' lang='lat' dir='ltr'>tiorum</span> <span class='ocrx_word' id='word_1_410' title='bbox 988 2505 1124 2540; x_wconf 85' lang='lat' dir='ltr'>fuerunt,</span> <span class='ocrx_word' id='word_1_411' title='bbox 1139 2504 1213 2546; x_wconf 82' lang='lat' dir='ltr'>quia</span> <span class='ocrx_word' id='word_1_412' title='bbox 1223 2504 1304 2545; x_wconf 75' lang='lat' dir='ltr'>saepe</span> <span class='ocrx_word' id='word_1_413' title='bbox 1321 2504 1445 2545; x_wconf 82' lang='lat' dir='ltr'>reliquae</span> <span class='ocrx_word' id='word_1_414' title='bbox 1459 2504 1626 2546; x_wconf 87' lang='lat' dir='ltr'>primarum</span> 
     </span>
     <span class='ocr_line' id='line_1_43' title="bbox 62 2547 1249 2590; baseline 0.002 -15"><span class='ocrx_word' id='word_1_415' title='bbox 62 2547 170 2576; x_wconf 86' lang='lat' dir='ltr'>dorum</span> <span class='ocrx_word' id='word_1_416' title='bbox 185 2557 262 2588; x_wconf 91' lang='lat' dir='ltr'>quos</span> <span class='ocrx_word' id='word_1_417' title='bbox 277 2550 459 2579; x_wconf 83' lang='lat' dir='ltr'>exhibuerat</span> <span class='ocrx_word' id='word_1_418' title='bbox 481 2550 512 2579; x_wconf 87' lang='lat' dir='ltr'>iu</span> <span class='ocrx_word' id='word_1_419' title='bbox 533 2549 677 2590; x_wconf 63' lang='lat' dir='ltr'>praetura,</span> <span class='ocrx_word' id='word_1_420' title='bbox 701 2549 823 2589; x_wconf 84' lang='lat' dir='ltr'>profue-</span> <span class='ocrx_word' id='word_1_421' title='bbox 866 2547 1014 2588; x_wconf 79' lang='lat' dir='ltr'>suffragia</span> <span class='ocrx_word' id='word_1_422' title='bbox 1029 2548 1249 2588; x_wconf 85' lang='lat' dir='ltr'>sequebantur.</span> 
     </span>
     <span class='ocr_line' id='line_1_44' title="bbox 62 2587 1625 2632; baseline -0.001 -14"><span class='ocrx_word' id='word_1_423' title='bbox 62 2595 132 2619; x_wconf 91' lang='lat' dir='ltr'>runt</span> <span class='ocrx_word' id='word_1_424' title='bbox 148 2590 187 2620; x_wconf 86' lang='lat' dir='ltr'>ad</span> <span class='ocrx_word' id='word_1_425' title='bbox 203 2591 379 2622; x_wconf 70' lang='lat' dir='ltr'>consulatus</span> <span class='ocrx_word' id='word_1_426' title='bbox 396 2592 588 2632; x_wconf 80' lang='lat' dir='ltr'>petitionem.</span> <span class='ocrx_word' id='word_1_427' title='bbox 909 2593 961 2621; x_wconf 82' lang='lat'>47.</span> <span class='ocrx_word' id='word_1_428' title='bbox 988 2589 1026 2620; x_wconf 86' lang='grc' dir='ltr'>Ει</span> <span class='ocrx_word' id='word_1_429' title='bbox 1055 2600 1142 2620; x_wconf 70' lang='lat' dir='ltr'>scente</span> <span class='ocrx_word' id='word_1_430' title='bbox 1165 2587 1436 2631; x_wconf 58' lang='lat' dir='ltr'>magnificentiam]</span> <span class='ocrx_word' id='word_1_431' title='bbox 1491 2589 1625 2618; x_wconf 87' lang='lat' dir='ltr'>Scenam</span> 
     </span>
    </p>

    <p class='ocr_par' dir='ltr' id='par_1_8' title="bbox 62 2630 1627 2803">
     <span class='ocr_line' id='line_1_45' title="bbox 104 2630 1624 2675; baseline -0.005 -7"><span class='ocrx_word' id='word_1_432' title='bbox 104 2634 158 2662; x_wconf 66' lang='lat'>32·</span> <span class='ocrx_word' id='word_1_433' title='bbox 183 2632 266 2667; x_wconf 76' lang='lat' dir='ltr'>Quod</span> <span class='ocrx_word' id='word_1_434' title='bbox 278 2636 380 2673; x_wconf 79' lang='lat' dir='ltr'>peticio</span> <span class='ocrx_word' id='word_1_435' title='bbox 391 2641 524 2674; x_wconf 75' lang='lat' dir='ltr'>praeturae</span> <span class='ocrx_word' id='word_1_436' title='bbox 538 2635 724 2671; x_wconf 71' lang='lat' dir='ltr'>desiderabat,</span> <span class='ocrx_word' id='word_1_437' title='bbox 746 2634 822 2675; x_wconf 87' lang='lat' dir='ltr'>&amp;c.]</span> <span class='ocrx_word' id='word_1_438' title='bbox 866 2633 963 2668; x_wconf 85' lang='lat' dir='ltr'>illam,</span> <span class='ocrx_word' id='word_1_439' title='bbox 986 2643 1079 2673; x_wconf 87' lang='lat' dir='ltr'>quam</span> <span class='ocrx_word' id='word_1_440' title='bbox 1109 2633 1203 2674; x_wconf 89' lang='lat' dir='ltr'>paulo</span> <span class='ocrx_word' id='word_1_441' title='bbox 1236 2631 1306 2673; x_wconf 65' lang='lat' dir='ltr'>prist</span> <span class='ocrx_word' id='word_1_442' title='bbox 1328 2637 1504 2671; x_wconf 86' lang='lat' dir='ltr'>argenteam</span> <span class='ocrx_word' id='word_1_443' title='bbox 1530 2630 1624 2660; x_wconf 82' lang='lat' dir='ltr'>fuisse</span> 
     </span>
     <span class='ocr_line' id='line_1_46' title="bbox 62 2671 1627 2718; baseline -0.001 -14"><span class='ocrx_word' id='word_1_444' title='bbox 62 2673 138 2704; x_wconf 90' lang='lat' dir='ltr'>Non</span> <span class='ocrx_word' id='word_1_445' title='bbox 158 2674 249 2705; x_wconf 84' lang='lat' dir='ltr'>ludos</span> <span class='ocrx_word' id='word_1_446' title='bbox 273 2677 407 2708; x_wconf 83' lang='lat' dir='ltr'>Murena</span> <span class='ocrx_word' id='word_1_447' title='bbox 429 2677 622 2714; x_wconf 83' lang='lat' dir='ltr'>exhibuerat,</span> <span class='ocrx_word' id='word_1_448' title='bbox 645 2676 715 2707; x_wconf 73' lang='lat' dir='ltr'>cum</span> <span class='ocrx_word' id='word_1_449' title='bbox 732 2678 771 2708; x_wconf 89' lang='lat' dir='ltr'>ab</span> <span class='ocrx_word' id='word_1_450' title='bbox 787 2688 824 2708; x_wconf 88' lang='lat' dir='ltr'>eo</span> <span class='ocrx_word' id='word_1_451' title='bbox 869 2676 971 2713; x_wconf 87' lang='lat' dir='ltr'>dicet;</span> <span class='ocrx_word' id='word_1_452' title='bbox 995 2675 1082 2718; x_wconf 83' lang='lat' dir='ltr'>cujus</span> <span class='ocrx_word' id='word_1_453' title='bbox 1095 2676 1189 2707; x_wconf 85' lang='lat' dir='ltr'>etiam</span> <span class='ocrx_word' id='word_1_454' title='bbox 1202 2674 1343 2706; x_wconf 85' lang='lat' dir='ltr'>meminit</span> <span class='ocrx_word' id='word_1_455' title='bbox 1358 2674 1490 2709; x_wconf 79' lang='lat' dir='ltr'>Plinius,</span> <span class='ocrx_word' id='word_1_456' title='bbox 1502 2671 1556 2703; x_wconf 88' lang='lat' dir='ltr'>lib.</span> <span class='ocrx_word' id='word_1_457' title='bbox 1572 2672 1627 2709; x_wconf 78' lang='lat'>33.</span> 
     </span>
     <span class='ocr_line' id='line_1_47' title="bbox 62 2718 989 2760; baseline 0.004 -14"><span class='ocrx_word' id='word_1_458' title='bbox 62 2725 194 2758; x_wconf 85' lang='lat' dir='ltr'>praetura</span> <span class='ocrx_word' id='word_1_459' title='bbox 209 2718 383 2758; x_wconf 85' lang='lat' dir='ltr'>petebatur,</span> <span class='ocrx_word' id='word_1_460' title='bbox 405 2719 454 2751; x_wconf 79' lang='lat' dir='ltr'>vel</span> <span class='ocrx_word' id='word_1_461' title='bbox 468 2719 539 2752; x_wconf 68' lang='lat' dir='ltr'>cum</span> <span class='ocrx_word' id='word_1_462' title='bbox 551 2720 649 2752; x_wconf 75' lang='lat' dir='ltr'>aedilis</span> <span class='ocrx_word' id='word_1_463' title='bbox 663 2727 745 2759; x_wconf 77' lang='lat' dir='ltr'>erat3</span> <span class='ocrx_word' id='word_1_464' title='bbox 770 2721 826 2751; x_wconf 84' lang='lat' dir='ltr'>hos</span> <span class='ocrx_word' id='word_1_465' title='bbox 869 2729 939 2760; x_wconf 86' lang='lat' dir='ltr'>cap.</span> <span class='ocrx_word' id='word_1_466' title='bbox 956 2720 989 2750; x_wconf 81' lang='lat'>3.</span> 
     </span>
     <span class='ocr_line' id='line_1_48' title="bbox 62 2760 470 2803; baseline 0.007 -13"><span class='ocrx_word' id='word_1_467' title='bbox 62 2765 166 2790; x_wconf 74' lang='lat' dir='ltr'>nutem</span> <span class='ocrx_word' id='word_1_468' title='bbox 180 2760 269 2791; x_wconf 84' lang='lat' dir='ltr'>dedit</span> <span class='ocrx_word' id='word_1_469' title='bbox 281 2760 313 2791; x_wconf 86' lang='lat' dir='ltr'>in</span> <span class='ocrx_word' id='word_1_470' title='bbox 329 2762 470 2803; x_wconf 61' lang='lat' dir='ltr'>praeturfi.</span> 
     </span>
    </p>
   </div>
   <div class='ocr_carea' id='block_1_5' title="bbox 1189 2802 1266 2842">
    <p class='ocr_par' dir='ltr' id='par_1_9' title="bbox 1189 2802 1266 2842">
     <span class='ocr_line' id='line_1_49' title="bbox 1189 2802 1266 2842; baseline -0.013 0"><span class='ocrx_word' id='word_1_471' title='bbox 1189 2802 1266 2842; x_wconf 83' lang='lat'>02</span> 
     </span>
    </p>
   </div>
  </div>
 </body>
</html>
