1838 3017
825 126 976 160 Nomi.
1585 126 1674 180 533Ι

111 204 344 258 Pompeius
379 207 485 248 tales
519 207 757 260 proposuit,
788 211 839 248 ut
875 218 1105 259 nimquam
1137 217 1275 259 neque
1309 205 1513 248 clariores
1549 207 1667 253 viros

109 274 244 315 neque-
264 266 496 305 sanctiores
512 267 747 317 propositos
765 278 853 305 esse
871 269 1098 305 cmc-staret.

171 317 278 360 Post
296 321 408 372 quod
435 323 580 362 statim·
611 323 718 361 nora
748 322 836 373 lege
869 319 978 361 Milo
1003 321 1250 374 postulatus
1272 316 1298 359 ἆ
1319 318 1482 359 duobus
1502 317 1661 374 Appiis

113 375 272 419 Clodiis
292 379 639 426 adolescentibus,
662 379 807 418 iisdem
828 377 851 418 ἁ
874 379 1027 430 quibus
1055 375 1181 418 antea
1192 377 1370 430 familia
1401 376 1495 426 ejus
1504 375 1662 430 fuerat

104 434 341 484 postulata,
365 437 544 487 itemque
573 436 624 475 de
653 435 814 475 ambitu
846 436 896 474 ab
926 436 1072 475 iisdem
1093 434 1270 486 Appiis,-
1303 439 1344 474 et
1369 431 1581 486 prsetereci
1611 434 1663 478 de

107 490 149 530 vi
169 487 194 529 ὰ
218 491 266 538 Q.
291 489 487 532 Petulcio
507 496 547 532 et
580 490 630 531 L.
657 489 909 546 Cornifieio‚·
942 492 994 531 de
1021 492 1231 532 sodalitiis
1259 488 1285 530 ἁ
1318 488 1371 529 Ρ.
1394 489 1550 531 Fulvio
1571 491 1663 532 Ne-

107 550 212 586 rato.
278 546 534 588 Postulatus
561 553 705 588 autem
725 554 818 589 erat
838 549 888 589 (Ie
907 549 1116 588 sodalitiis
1145 552 1186 587 et
1214 547 1266 587 de
1294 546 1472 595 ambitu,
1494 548 1543 587 eci
1571 561 1660 601 spe,

107 600 221 654 quod
236 606 427 657 primum
439 607 656 657 judicium
678 606 728 645 de
749 606 1011 659 vifuturum
1033 604 1283 657 apparebat,
1304 617 1386 656 quo
1415 616 1513 643 eum
1543 604 1661 644 dam-

106 664 262 700 natum
282 663 338 702 iri
359 663 638 717 confidebant,
658 676 734 703 nee
750 661 894 714 posted
917 674 1231 714 responsurum.

162 717 392 759 Divinatio
411 721 461 760 de
482 720 643 759 ambitu
675 723 969 759 accusatorum
981 718 1109 771 jacta
1129 720 1204 765 est,
1228 716 1456 768 quaesitore
1477 714 1533 754 A.
1554 716 1662 757 Tor-

109 779 266 825 quato:
298 780 427 828 atque
456 777 575 816 ambo
604 776 868 827 qucesitores,
906 775 1157 825 Torquatus
1186 778 1227 814 et
1257 773 1490 820 Domitius,
1518 774 1662 825 pridie

107 831 261 871 Nonas
287 830 396 884 Apr.
429 846 545 873 reu-m
578 833 722 872 adesse
741 832 1002 881 jusserunt,-
1040 843 1123 883 quo
1153 830 1220 870 die
1252 827 1362 869 Milo
1391 829 1449 868 ad
1478 829 1663 872 Domitii

105 887 300 929 tribunal
318 890 449 937 venit,
471 894 511 930 et
541 889 597 928 acl
633 889 845 940 Torquati
867 889 1021 928 (unicos
1051 888 1193 927 misit:
1225 887 1297 934 ibi,
1314 887 1565 938 postulante
1579 901 1662 940 pro

105 957 151 983 eo
165 942 229 984 M.
251 942 473 994 ,Mart-ello,
487 946 687 993 obtinuit,
704 959 758 985 ne
774 945 898 997 priris
918 957 1094 984 eausam
1109 944 1158 984 de
1171 943 1333 984 ambitu
1347 942 1518 992 diceret,
1533 943 1661 996 quam

105 1001 156 1041 de
176 1003 217 1041 ri
227 1002 447 1053 judicium
469 1007 576 1043 esset
592 1003 844 1056 perfeetum.

161 1056 298 1111 Apud
316 1059 557 1100 Domitium·
579 1064 719 1099 mitem
742 1060 1013 1111 qucesitorem
1030 1059 1165 1110 major
1186 1055 1362 1109 Appius
1376 1058 1614 1110 postulavit
1633 1055 1664 1099 ιὶ.

105 1112 272 1156 DIilone
289 1130 429 1157 servos
449 1118 524 1157 ervlt
532 1117 633 1156 iberi
652 1129 830 1156 numero
849 1120 1036 1168 quatuor
1057 1120 1098 1155 et
1117 1116 1437 1167 quinquaginta
1451 1131 1464 1154 .·
1494 1118 1549 1162 et,
1562 1128 1662 1155 eum

102 1173 174 1213 ille
188 1178 380 1225 negaret,
395 1187 476 1222 eos,
493 1175 568 1226 qui
581 1173 934 1220 nominabantur,
948 1174 995 1212 in
1012 1169 1093 1211 suciv
1104 1175 1312 1224 potestate
1325 1184 1425 1219 esse,
1442 1170 1665 1212 Domitius

104 1242 156 1268 ea·
175 1231 386 1271 sententia
399 1231 601 1281 judicum
614 1231 936 1282 pronuntiarit,
954 1234 1005 1269 ut
1020 1243 1071 1269 ev
1086 1241 1303 1268 servorum
1322 1241 1466 1268 eorum
1483 1241 1665 1269 numero.

104 1291 327 1326 accusator
346 1292 449 1339 quot
470 1288 592 1327 vellet
611 1287 763 1327 ederet.

161 1343 297 1384 Citati
318 1341 468 1384 deinde
487 1349 625 1391 testes,
647 1341 878 1384 seeundum
909 1342 1064 1397 legem,
1086 1355 1196 1397 quae,
1215 1346 1267 1382 ut
1293 1338 1428 1394 supra,
1457 1342 1659 1392 dirimas,

96 1397 296 1453 jubebat,
316 1406 377 1450 ut,
398 1399 514 1455 prius
545 1398 678 1455 quam
708 1413 839 1440 causa
869 1405 1079 1454 ageretur,
1106 1405 1238 1438 testes
1265 1410 1340 1454 per
1367 1396 1554 1438 triduum
1585 1412 1660 1439 au-

104 1454 305 1504 direntur,
338 1456 456 1497 dicta
487 1470 631 1498 eorum
655 1455 827 1511 judices
858 1455 1188 1511 consignarent3
1227 1459 1377 1510 quarto
1409 1453 1477 1495 die
1508 1454 1660 1496 adesse

102 1525 251 1554 omnes
281 1511 327 1553 in
359 1513 471 1554 diem
504 1520 724 1569 posterum
750 1513 1024 1568 juberentur,
1059 1525 1126 1562 ac,
1153 1524 1297 1552 coram
1327 1517 1576 1552 accusatore
1607 1525 1660 1552 ac

100 1581 187 1620 reo,
208 1567 323 1624 pilae,
353 1570 396 1610 in
417 1569 570 1625 quibus
601 1569 775 1610 uomina
798 1569 995 1624 judicum
1026 1568 1231 1624 inscripta
1261 1573 1419 1619 essent,
1441 1582 1660 1623 aequaren-

99 1630 189 1667 tur:
223 1625 324 1667 dein
360 1640 504 1667 rursus
539 1632 711 1682 postero
749 1625 818 1667 die
857 1625 1024 1666 sortitio
1061 1624 1257 1680 judicum
1295 1624 1416 1666 fieret
1455 1623 1580 1666 unius
1615 1630 1661 1666 et

99 1681 224 1723 lxxx:
257 1682 329 1739 qui
364 1697 564 1724 numerus
593 1681 690 1723 cum
719 1688 832 1723 sorte
867 1681 1111 1737 obtigisset,
1148 1680 1230 1737 ipsi
1263 1679 1456 1736 protinus
1491 1695 1659 1723 sessum

100 1737 235 1789 irent;
266 1747 356 1780 tum
387 1740 443 1781 ad
473 1739 703 1781 dicendum
733 1745 957 1780 accusator
987 1738 1094 1779 duas
1123 1738 1267 1788 horas,
1286 1751 1380 1778 reus
1411 1744 1496 1778 tres
1526 1737 1661 1780 habe-

98 1802 174 1845 ret,
196 1809 378 1851 reusque
398 1796 547 1838 eodem
571 1796 641 1837 die
663 1795 737 1836 illo
752 1796 1042 1851 judicaretur:
1076 1793 1188 1850 prius
1223 1799 1367 1835 autem
1400 1793 1532 1849 quam
1561 1810 1660 1836 sen-

98 1851 246 1893 tentiae
266 1852 484 1904 ferrentur,
504 1852 657 1909 quinos
680 1866 733 1893 ex
763 1851 945 1907 singulis
976 1850 1197 1892 ordinibus
1219 1856 1458 1902 accusator,
1474 1850 1658 1898 totidem

98 1921 196 1949 reus
209 1909 419 1965 rejiceret,
434 1910 493 1951 ita
506 1916 553 1951 ut
569 1923 766 1950 numerus
778 1909 974 1964 judicum
995 1908 1318 1964 relinqueretur,
1335 1907 1408 1964 qui
1422 1909 1658 1950 sententias

98 1963 270 2016 ferrent,
291 1965 604 2022 quinquaginta
622 1972 666 2006 et
685 1980 809 2006 unus.

155 2022 303 2063 Primo
332 2024 400 2064 die
420 2025 550 2064 clatus
578 2028 672 2063 erat
701 2024 750 2062 in
782 2020 992 2063 Milonem
1021 2024 1139 2064 testis
1163 2021 1387 2066 Cassinius
1417 2022 1559 2072 Scola,
1580 2024 1659 2075 qui

99 2093 144 2120 se
164 2093 264 2120 cum
287 2077 340 2118 P.
364 2081 511 2122 Clodio
519 2080 680 2134 fuisse,
696 2076 789 2120 cum
810 2081 848 2120 is
867 2080 1028 2120 occisus
1044 2084 1121 2128 est,
1138 2079 1276 2125 dioez't‚·
1309 2080 1659 2132 atrocitatemque

99 2137 162 2176 rei
171 2137 328 2190 factae,
361 2134 489 2190 quam
521 2132 701 2177 maoeimae}
731 2138 890 2188 potuit,
928 2138 1081 2182 mavit,-
1114 2149 1239 2188 quem
1265 2135 1357 2175 cum
1389 2135 1659 2188 interrogare

99 2190 170 2232 M.
189 2193 429 2235 Marcellus
444 2194 647 2247 caepisset,
666 2197 787 2232 tanto
804 2193 999 2232 tumultu
1017 2192 1244 2233 Clodianae
1263 2192 1559 2232 multitudinis
1573 2195 1658 2234 cir-

97 2253 354 2291 cumstantis
369 2251 600 2291 etz-territus
624 2254 700 2297 est,
720 2254 786 2297 ut,
808 2251 893 2289 vim
921 2250 1119 2289 ultimam
1150 2250 1318 2297 timens,
1338 2249 1387 2288 in
1417 2249 1613 2290 tribunal
1631 2248 1659 2291 ἆ

98 2306 287 2347 Domitio
300 2309 582 2360 reciperetur‚·
606 2319 734 2359 quam
749 2306 795 2346 ob
808 2319 986 2346 causam
1002 2306 1071 2346 M.
1082 2303 1320 2346 Marcellus
1336 2309 1376 2345 et
1396 2302 1487 2359 ipse
1505 2303 1615 2347 Milo
1631 2304 1660 2347 ἃ,

96 2363 286 2404 Domitio
302 2365 560 2417 praesidium
581 2364 934 2415 imploraverunt.
975 2363 1158 2404 Sedebat
1169 2376 1214 2402 eo
1231 2367 1414 2414 tempore
1433 2360 1512 2402 Cn.
1530 2361 1659 2404 Pom-

91 2422 221 2472 peius
236 2421 294 2462 ad
308 2423 533 2470 aerarium,
550 2420 917 2473 perturbatusque
935 2424 1029 2460 erat
1049 2420 1189 2460 eodem
1203 2420 1275 2459 illo
1290 2420 1490 2460 clamore:
1510 2421 1658 2474 itaque

97 2477 288 2518 Domitio
297 2479 510 2531 promisit,
527 2491 570 2517 se
581 2480 748 2530 postero
761 2477 828 2517 die
843 2489 939 2516 cum
952 2477 1157 2529 prcesiclio
1171 2476 1498 2524 descensurum
1530 2477 1660 2529 idque

87 2533 225 2587 fecit:
256 2535 390 2588 quare
419 2535 561 2574 territi
591 2533 791 2574 Clodiani
818 2534 988 2574 silentio
1016 2533 1142 2574 verba
1172 2535 1343 2573 testium
1370 2546 1449 2585 per
1478 2533 1658 2572 biduum

98 2590 248 2632 audiri
263 2593 385 2644 passi
404 2596 524 2631 sunt.
585 2591 919 2642 Interrogarunt
939 2603 1006 2630 eos
1039 2587 1106 2629 M.
1129 2589 1288 2639 Cicero,
1313 2587 1376 2629 M.
1401 2586 1657 2639 Marcellus,

95 2651 137 2688 et
156 2647 267 2687 Milo
286 2648 391 2701 ipse.
439 2645 578 2687 Multi
598 2661 649 2687 eur
669 2649 738 2696 iis,
759 2647 834 2699 qui
865 2646 1045 2687 Bovillis
1075 2646 1342 2694 habitabant,
1364 2646 1656 2687 testimonium

98 2704 307 2745 dioeerunt
326 2705 376 2746 de
396 2706 451 2746 iis
471 2717 572 2758 quae
592 2704 650 2745 ibi
660 2704 790 2758 facta
810 2707 950 2751 erant,
969 2717 1205 2757 cauponem
1221 2704 1418 2752 occisum,
1432 2702 1656 2744 tabernam

96 2765 411 2814 expugnatam,
440 2774 595 2814 corpus
627 2761 767 2802 Clodii
796 2760 846 2800 in
881 2760 1104 2812 publicum
1133 2763 1373 2801 eat-tractum
1402 2771 1502 2800 esse.
1570 2760 1658 2803 Vir-

91 2819 221 2870 gines
235 2830 405 2871 quoque
428 2818 610 2860 Vestales
629 2818 851 2912 itineranti
867 2818 1090 2912 mglierem
1110 2818 1303 2868 ignotam
1322 2815 1484 2858 venisse
1513 2816 1572 2860 ad
1599 2830 1668 2866 se,-

867 2885 892 2913 o
