<?xml version="1.0" encoding="UTF-8"?>
<!DOCTYPE html PUBLIC "-//W3C//DTD XHTML 1.0 Transitional//EN"
    "http://www.w3.org/TR/xhtml1/DTD/xhtml1-transitional.dtd">
<html xmlns="http://www.w3.org/1999/xhtml" xml:lang="en" lang="en">
 <head>
  <title>
</title>
<meta http-equiv="Content-Type" content="text/html;charset=utf-8" />
  <meta name='ocr-system' content='tesseract 3.04.00' />
  <meta name='ocr-capabilities' content='ocr_page ocr_carea ocr_par ocr_line ocrx_word'/>
</head>
<body>
  <div class='ocr_page' id='page_1' title='image "./selectaeoratione00ciceuoft_0017.png"; bbox 0 0 1858 3095; ppageno 0'>
   <div class='ocr_carea' id='block_1_1' title="bbox 909 135 1761 193">
    <p class='ocr_par' dir='ltr' id='par_1_1' title="bbox 909 135 1761 193">
     <span class='ocr_line' id='line_1_1' title="bbox 909 135 1761 193; baseline -0.001 -10"><span class='ocrx_word' id='word_1_1' title='bbox 909 149 1032 186; x_wconf 81' lang='lat' dir='ltr'><strong>VITA.</strong></span> <span class='ocrx_word' id='word_1_2' title='bbox 1202 135 1205 138; x_wconf 78' lang='grc'><strong>’</strong></span> <span class='ocrx_word' id='word_1_3' title='bbox 1705 151 1761 193; x_wconf 80' lang='lat' dir='ltr'>vii</span> 
     </span>
    </p>
   </div>
   <div class='ocr_carea' id='block_1_2' title="bbox 219 295 1695 440">
    <p class='ocr_par' dir='ltr' id='par_1_2' title="bbox 219 295 1695 440">
     <span class='ocr_line' id='line_1_2' title="bbox 596 295 1328 341; baseline -0.003 -1"><span class='ocrx_word' id='word_1_4' title='bbox 596 310 749 341; x_wconf 56' lang='lat' dir='ltr'>sinens</span> <span class='ocrx_word' id='word_1_5' title='bbox 784 310 932 340; x_wconf 75' lang='lat' dir='ltr'>umus</span> <span class='ocrx_word' id='word_1_6' title='bbox 967 309 1196 339; x_wconf 70' lang='lat' dir='ltr'>conTAE</span> <span class='ocrx_word' id='word_1_7' title='bbox 1228 295 1328 339; x_wconf 82' lang='lat'><strong>669.</strong></span> 
     </span>
     <span class='ocr_line' id='line_1_3' title="bbox 219 386 1695 440; baseline -0.003 -9"><span class='ocrx_word' id='word_1_8' title='bbox 219 389 334 431; x_wconf 85' lang='lat' dir='ltr'>Coss.</span> <span class='ocrx_word' id='word_1_9' title='bbox 354 387 516 437; x_wconf 74' lang='lat' dir='ltr'>iisdem,</span> <span class='ocrx_word' id='word_1_10' title='bbox 539 392 641 429; x_wconf 82' lang='lat' dir='ltr'>ante</span> <span class='ocrx_word' id='word_1_11' title='bbox 663 389 884 430; x_wconf 77' lang='lat' dir='ltr'><strong><em>Christum</em></strong></span> <span class='ocrx_word' id='word_1_12' title='bbox 905 386 973 428; x_wconf 90' lang='lat'>83.</span> <span class='ocrx_word' id='word_1_13' title='bbox 1037 386 1255 429; x_wconf 77' lang='lat' dir='ltr'><strong><em>Ciceronis</em></strong></span> <span class='ocrx_word' id='word_1_14' title='bbox 1276 388 1505 440; x_wconf 70' lang='lat' dir='ltr'><em>vigesimus</em></span> <span class='ocrx_word' id='word_1_15' title='bbox 1527 388 1695 428; x_wconf 77' lang='lat' dir='ltr'>tertius.</span> 
     </span>
    </p>
   </div>
   <div class='ocr_carea' id='block_1_3' title="bbox 159 474 1762 1666">
    <p class='ocr_par' dir='ltr' id='par_1_3' title="bbox 159 474 1762 1666">
     <span class='ocr_line' id='line_1_4' title="bbox 221 474 1757 532; baseline 0 -14"><span class='ocrx_word' id='word_1_16' title='bbox 221 475 355 532; x_wconf 85' lang='lat' dir='ltr'>Sylla,</span> <span class='ocrx_word' id='word_1_17' title='bbox 376 475 503 518; x_wconf 89' lang='lat' dir='ltr'>rebus</span> <span class='ocrx_word' id='word_1_18' title='bbox 533 476 786 532; x_wconf 86' lang='lat' dir='ltr'>compositis</span> <span class='ocrx_word' id='word_1_19' title='bbox 808 476 851 517; x_wconf 88' lang='lat' dir='ltr'>in</span> <span class='ocrx_word' id='word_1_20' title='bbox 872 474 993 528; x_wconf 59' lang='lat' dir='ltr'>Asia,</span> <span class='ocrx_word' id='word_1_21' title='bbox 1016 476 1212 518; x_wconf 87' lang='lat' dir='ltr'>civitates</span> <span class='ocrx_word' id='word_1_22' title='bbox 1243 477 1335 532; x_wconf 85' lang='lat' dir='ltr'>ejus</span> <span class='ocrx_word' id='word_1_23' title='bbox 1357 479 1400 517; x_wconf 86' lang='lat' dir='ltr'>in</span> <span class='ocrx_word' id='word_1_24' title='bbox 1421 476 1661 532; x_wconf 83' lang='lat' dir='ltr'>provincias</span> <span class='ocrx_word' id='word_1_25' title='bbox 1683 477 1757 518; x_wconf 93' lang='lat' dir='ltr'>de-</span> 
     </span>
     <span class='ocr_line' id='line_1_5' title="bbox 163 531 1754 589; baseline 0.001 -17"><span class='ocrx_word' id='word_1_26' title='bbox 163 531 349 588; x_wconf 86' lang='lat' dir='ltr'><strong>scripsit,</strong></span> <span class='ocrx_word' id='word_1_27' title='bbox 369 539 512 589; x_wconf 89' lang='lat' dir='ltr'>atque,</span> <span class='ocrx_word' id='word_1_28' title='bbox 534 533 591 574; x_wconf 88' lang='lat' dir='ltr'>ibi</span> <span class='ocrx_word' id='word_1_29' title='bbox 607 533 789 576; x_wconf 67' lang='lat' dir='ltr'>Murena</span> <span class='ocrx_word' id='word_1_30' title='bbox 811 533 959 574; x_wconf 88' lang='lat' dir='ltr'>relicto</span> <span class='ocrx_word' id='word_1_31' title='bbox 981 548 1080 574; x_wconf 84' lang='lat' dir='ltr'>cum</span> <span class='ocrx_word' id='word_1_32' title='bbox 1101 534 1267 575; x_wconf 86' lang='lat' dir='ltr'>duabus</span> <span class='ocrx_word' id='word_1_33' title='bbox 1287 533 1481 574; x_wconf 78' lang='lat' dir='ltr'>Fimbriae</span> <span class='ocrx_word' id='word_1_34' title='bbox 1498 533 1754 589; x_wconf 77' lang='lat' dir='ltr'>legionibus,</span> 
     </span>
     <span class='ocr_line' id='line_1_6' title="bbox 162 587 1756 646; baseline 0.002 -18"><span class='ocrx_word' id='word_1_35' title='bbox 162 587 253 643; x_wconf 90' lang='lat' dir='ltr'>ipse</span> <span class='ocrx_word' id='word_1_36' title='bbox 275 588 319 629; x_wconf 91' lang='lat' dir='ltr'>in</span> <span class='ocrx_word' id='word_1_37' title='bbox 338 589 563 639; x_wconf 76' lang='lat' dir='ltr'>Graeciam,</span> <span class='ocrx_word' id='word_1_38' title='bbox 585 605 636 632; x_wconf 90' lang='lat' dir='ltr'>ac</span> <span class='ocrx_word' id='word_1_39' title='bbox 653 591 751 632; x_wconf 88' lang='lat' dir='ltr'>inde</span> <span class='ocrx_word' id='word_1_40' title='bbox 773 590 818 631; x_wconf 91' lang='lat' dir='ltr'>in</span> <span class='ocrx_word' id='word_1_41' title='bbox 837 589 1017 641; x_wconf 87' lang='lat' dir='ltr'>Italiam,</span> <span class='ocrx_word' id='word_1_42' title='bbox 1037 590 1219 645; x_wconf 80' lang='lat' dir='ltr'>trajecit,</span> <span class='ocrx_word' id='word_1_43' title='bbox 1234 590 1411 632; x_wconf 78' lang='lat' dir='ltr'>extortis</span> <span class='ocrx_word' id='word_1_44' title='bbox 1433 590 1559 631; x_wconf 67' lang='lat' dir='ltr'>antea</span> <span class='ocrx_word' id='word_1_45' title='bbox 1582 605 1656 646; x_wconf 86' lang='lat' dir='ltr'>per</span> <span class='ocrx_word' id='word_1_46' title='bbox 1671 590 1756 631; x_wconf 86' lang='lat' dir='ltr'>vim</span> 
     </span>
     <span class='ocr_line' id='line_1_7' title="bbox 163 644 1756 704; baseline 0.001 -19"><span class='ocrx_word' id='word_1_47' title='bbox 163 644 336 701; x_wconf 66' lang='lat' dir='ltr'>publice</span> <span class='ocrx_word' id='word_1_48' title='bbox 352 646 635 703; x_wconf 85' lang='lat' dir='ltr'>privatimque</span> <span class='ocrx_word' id='word_1_49' title='bbox 649 646 861 704; x_wconf 89' lang='lat' dir='ltr'>pecuniis,</span> <span class='ocrx_word' id='word_1_50' title='bbox 875 661 979 702; x_wconf 83' lang='lat' dir='ltr'>quas</span> <span class='ocrx_word' id='word_1_51' title='bbox 993 648 1148 702; x_wconf 92' lang='lat' dir='ltr'>partim</span> <span class='ocrx_word' id='word_1_52' title='bbox 1166 647 1249 688; x_wconf 87' lang='lat' dir='ltr'><strong>sibi</strong></span> <span class='ocrx_word' id='word_1_53' title='bbox 1268 647 1320 688; x_wconf 86' lang='lat' dir='ltr'>ad</span> <span class='ocrx_word' id='word_1_54' title='bbox 1338 647 1497 687; x_wconf 89' lang='lat' dir='ltr'>bellum</span> <span class='ocrx_word' id='word_1_55' title='bbox 1511 647 1756 702; x_wconf 79' lang='lat' dir='ltr'>assumpsit,</span> 
     </span>
     <span class='ocr_line' id='line_1_8' title="bbox 161 701 1757 757; baseline 0.001 -15"><span class='ocrx_word' id='word_1_56' title='bbox 161 701 317 757; x_wconf 87' lang='lat' dir='ltr'>partim</span> <span class='ocrx_word' id='word_1_57' title='bbox 337 703 544 745; x_wconf 84' lang='lat' dir='ltr'>militibus</span> <span class='ocrx_word' id='word_1_58' title='bbox 561 703 791 745; x_wconf 86' lang='lat' dir='ltr'>distribuit.</span> <span class='ocrx_word' id='word_1_59' title='bbox 828 702 938 745; x_wconf 69' lang='lat' dir='ltr'>Cum</span> <span class='ocrx_word' id='word_1_60' title='bbox 954 710 1098 744; x_wconf 86' lang='lat' dir='ltr'>autem</span> <span class='ocrx_word' id='word_1_61' title='bbox 1116 703 1330 745; x_wconf 84' lang='lat' dir='ltr'>hostiliter</span> <span class='ocrx_word' id='word_1_62' title='bbox 1345 704 1400 744; x_wconf 88' lang='lat' dir='ltr'>ad</span> <span class='ocrx_word' id='word_1_63' title='bbox 1416 704 1565 745; x_wconf 88' lang='lat' dir='ltr'>urbem</span> <span class='ocrx_word' id='word_1_64' title='bbox 1581 703 1757 754; x_wconf 84' lang='lat' dir='ltr'>veniret,</span> 
     </span>
     <span class='ocr_line' id='line_1_9' title="bbox 161 758 1756 818; baseline 0 -17"><span class='ocrx_word' id='word_1_65' title='bbox 161 758 317 801; x_wconf 86' lang='lat' dir='ltr'>missos</span> <span class='ocrx_word' id='word_1_66' title='bbox 339 774 365 801; x_wconf 88' lang='lat' dir='ltr'>a</span> <span class='ocrx_word' id='word_1_67' title='bbox 385 767 537 801; x_wconf 87' lang='lat' dir='ltr'>senatu</span> <span class='ocrx_word' id='word_1_68' title='bbox 556 761 723 818; x_wconf 82' lang='lat' dir='ltr'>legatos</span> <span class='ocrx_word' id='word_1_69' title='bbox 743 774 831 803; x_wconf 89' lang='lat' dir='ltr'>non</span> <span class='ocrx_word' id='word_1_70' title='bbox 849 760 1033 802; x_wconf 88' lang='lat' dir='ltr'>audivit:</span> <span class='ocrx_word' id='word_1_71' title='bbox 1066 775 1131 812; x_wconf 84' lang='lat' dir='ltr'>ac,</span> <span class='ocrx_word' id='word_1_72' title='bbox 1147 759 1244 802; x_wconf 68' lang='lat' dir='ltr'>cum</span> <span class='ocrx_word' id='word_1_73' title='bbox 1258 760 1296 801; x_wconf 90' lang='lat' dir='ltr'>ei</span> <span class='ocrx_word' id='word_1_74' title='bbox 1314 759 1454 801; x_wconf 82' lang='lat' dir='ltr'>Cinna</span> <span class='ocrx_word' id='word_1_75' title='bbox 1466 761 1593 802; x_wconf 90' lang='lat' dir='ltr'>vellet</span> <span class='ocrx_word' id='word_1_76' title='bbox 1609 775 1756 801; x_wconf 85' lang='lat' dir='ltr'>occur-</span> 
     </span>
     <span class='ocr_line' id='line_1_10' title="bbox 161 815 1758 873; baseline 0.001 -18"><span class='ocrx_word' id='word_1_77' title='bbox 161 829 266 866; x_wconf 86' lang='lat' dir='ltr'>rere,</span> <span class='ocrx_word' id='word_1_78' title='bbox 289 815 315 856; x_wconf 65' lang='grc' dir='ltr'><em>ὲ</em></span> <span class='ocrx_word' id='word_1_79' title='bbox 333 816 422 858; x_wconf 86' lang='lat' dir='ltr'>suis</span> <span class='ocrx_word' id='word_1_80' title='bbox 443 818 671 859; x_wconf 88' lang='lat' dir='ltr'>confossus</span> <span class='ocrx_word' id='word_1_81' title='bbox 691 824 771 859; x_wconf 88' lang='lat' dir='ltr'>est.</span> <span class='ocrx_word' id='word_1_82' title='bbox 834 816 1015 873; x_wconf 89' lang='lat' dir='ltr'>Reliquo</span> <span class='ocrx_word' id='word_1_83' title='bbox 1037 832 1148 859; x_wconf 92' lang='lat' dir='ltr'>anno</span> <span class='ocrx_word' id='word_1_84' title='bbox 1171 818 1286 859; x_wconf 90' lang='lat' dir='ltr'>solus</span> <span class='ocrx_word' id='word_1_85' title='bbox 1310 817 1450 858; x_wconf 85' lang='lat' dir='ltr'>Carbo</span> <span class='ocrx_word' id='word_1_86' title='bbox 1473 817 1758 858; x_wconf 79' lang='lat' dir='ltr'>Consulatum</span> 
     </span>
     <span class='ocr_line' id='line_1_11' title="bbox 161 871 1756 931; baseline 0 -18"><span class='ocrx_word' id='word_1_87' title='bbox 161 871 313 928; x_wconf 87' lang='lat' dir='ltr'>gessit.</span> <span class='ocrx_word' id='word_1_88' title='bbox 343 873 502 915; x_wconf 90' lang='lat' dir='ltr'>Totum</span> <span class='ocrx_word' id='word_1_89' title='bbox 518 881 661 916; x_wconf 85' lang='lat' dir='ltr'>autem</span> <span class='ocrx_word' id='word_1_90' title='bbox 680 875 766 916; x_wconf 94' lang='lat' dir='ltr'>hoc</span> <span class='ocrx_word' id='word_1_91' title='bbox 787 874 1031 926; x_wconf 86' lang='lat' dir='ltr'>triennium,</span> <span class='ocrx_word' id='word_1_92' title='bbox 1054 889 1139 931; x_wconf 92' lang='lat' dir='ltr'>quo</span> <span class='ocrx_word' id='word_1_93' title='bbox 1161 875 1214 916; x_wconf 90' lang='lat' dir='ltr'>ab</span> <span class='ocrx_word' id='word_1_94' title='bbox 1236 874 1362 915; x_wconf 87' lang='lat' dir='ltr'>armis</span> <span class='ocrx_word' id='word_1_95' title='bbox 1385 874 1571 916; x_wconf 88' lang='lat' dir='ltr'>cessavit</span> <span class='ocrx_word' id='word_1_96' title='bbox 1590 873 1756 924; x_wconf 87' lang='lat' dir='ltr'>civitas,</span> 
     </span>
     <span class='ocr_line' id='line_1_12' title="bbox 159 929 1755 981; baseline 0.001 -11"><span class='ocrx_word' id='word_1_97' title='bbox 159 935 312 971; x_wconf 91' lang='lat' dir='ltr'>noctes</span> <span class='ocrx_word' id='word_1_98' title='bbox 329 936 372 971; x_wconf 91' lang='lat' dir='ltr'>et</span> <span class='ocrx_word' id='word_1_99' title='bbox 384 930 476 972; x_wconf 88' lang='lat' dir='ltr'>dies</span> <span class='ocrx_word' id='word_1_100' title='bbox 495 930 538 972; x_wconf 86' lang='lat' dir='ltr'>in</span> <span class='ocrx_word' id='word_1_101' title='bbox 555 931 670 973; x_wconf 88' lang='lat' dir='ltr'>omni</span> <span class='ocrx_word' id='word_1_102' title='bbox 690 932 979 973; x_wconf 83' lang='lat' dir='ltr'>doctrinarum</span> <span class='ocrx_word' id='word_1_103' title='bbox 998 931 1278 973; x_wconf 86' lang='lat' dir='ltr'>meditatione</span> <span class='ocrx_word' id='word_1_104' title='bbox 1299 936 1490 973; x_wconf 88' lang='lat' dir='ltr'>versatus</span> <span class='ocrx_word' id='word_1_105' title='bbox 1503 937 1570 972; x_wconf 92' lang='lat' dir='ltr'>est</span> <span class='ocrx_word' id='word_1_106' title='bbox 1586 929 1755 981; x_wconf 87' lang='lat' dir='ltr'>Cicero,</span> 
     </span>
     <span class='ocr_line' id='line_1_13' title="bbox 161 985 1760 1045; baseline 0.001 -19"><span class='ocrx_word' id='word_1_107' title='bbox 161 992 210 1027; x_wconf 91' lang='lat' dir='ltr'>ut</span> <span class='ocrx_word' id='word_1_108' title='bbox 222 985 283 1027; x_wconf 84' lang='lat' dir='ltr'>ait</span> <span class='ocrx_word' id='word_1_109' title='bbox 294 985 338 1027; x_wconf 92' lang='lat' dir='ltr'>in</span> <span class='ocrx_word' id='word_1_110' title='bbox 352 985 503 1028; x_wconf 88' lang='lat' dir='ltr'>Bruto.</span> <span class='ocrx_word' id='word_1_111' title='bbox 533 987 636 1030; x_wconf 85' lang='lat' dir='ltr'>Erat</span> <span class='ocrx_word' id='word_1_112' title='bbox 649 1003 748 1031; x_wconf 89' lang='lat' dir='ltr'>cum</span> <span class='ocrx_word' id='word_1_113' title='bbox 761 988 910 1030; x_wconf 76' lang='lat' dir='ltr'>Stoico</span> <span class='ocrx_word' id='word_1_114' title='bbox 925 987 1135 1040; x_wconf 90' lang='lat' dir='ltr'>Diodoro,</span> <span class='ocrx_word' id='word_1_115' title='bbox 1150 988 1224 1045; x_wconf 91' lang='lat' dir='ltr'>qui</span> <span class='ocrx_word' id='word_1_116' title='bbox 1237 988 1351 1044; x_wconf 88' lang='lat' dir='ltr'>apud</span> <span class='ocrx_word' id='word_1_117' title='bbox 1364 1002 1460 1029; x_wconf 90' lang='lat' dir='ltr'>eum</span> <span class='ocrx_word' id='word_1_118' title='bbox 1476 986 1702 1038; x_wconf 88' lang='lat' dir='ltr'>habitavit,</span> <span class='ocrx_word' id='word_1_119' title='bbox 1717 994 1760 1027; x_wconf 87' lang='lat' dir='ltr'>et</span> 
     </span>
     <span class='ocr_line' id='line_1_14' title="bbox 162 1043 1759 1101; baseline 0 -17"><span class='ocrx_word' id='word_1_120' title='bbox 162 1043 277 1099; x_wconf 88' lang='lat' dir='ltr'>apud</span> <span class='ocrx_word' id='word_1_121' title='bbox 291 1058 389 1085; x_wconf 89' lang='lat' dir='ltr'>eum</span> <span class='ocrx_word' id='word_1_122' title='bbox 405 1050 598 1086; x_wconf 85' lang='lat' dir='ltr'>mortuus</span> <span class='ocrx_word' id='word_1_123' title='bbox 613 1052 693 1087; x_wconf 89' lang='lat' dir='ltr'>est.</span> <span class='ocrx_word' id='word_1_124' title='bbox 724 1045 831 1101; x_wconf 86' lang='lat' dir='ltr'>Ejus</span> <span class='ocrx_word' id='word_1_125' title='bbox 845 1045 1008 1087; x_wconf 84' lang='lat' dir='ltr'>artibus</span> <span class='ocrx_word' id='word_1_126' title='bbox 1020 1045 1146 1086; x_wconf 86' lang='lat' dir='ltr'>variis</span> <span class='ocrx_word' id='word_1_127' title='bbox 1163 1046 1223 1086; x_wconf 91' lang='lat' dir='ltr'>ita</span> <span class='ocrx_word' id='word_1_128' title='bbox 1237 1051 1326 1086; x_wconf 90' lang='lat' dir='ltr'>erat</span> <span class='ocrx_word' id='word_1_129' title='bbox 1339 1044 1525 1096; x_wconf 90' lang='lat' dir='ltr'>deditus,</span> <span class='ocrx_word' id='word_1_130' title='bbox 1539 1052 1587 1085; x_wconf 91' lang='lat' dir='ltr'>ut</span> <span class='ocrx_word' id='word_1_131' title='bbox 1599 1043 1651 1084; x_wconf 88' lang='lat' dir='ltr'>ab</span> <span class='ocrx_word' id='word_1_132' title='bbox 1667 1058 1759 1084; x_wconf 90' lang='lat' dir='ltr'>ora—</span> 
     </span>
     <span class='ocr_line' id='line_1_15' title="bbox 162 1099 1760 1144; baseline 0.001 -4"><span class='ocrx_word' id='word_1_133' title='bbox 162 1099 284 1141; x_wconf 84' lang='lat' dir='ltr'>toriis</span> <span class='ocrx_word' id='word_1_134' title='bbox 315 1100 695 1144; x_wconf 85' lang='lat' dir='ltr'>exercitationibus</span> <span class='ocrx_word' id='word_1_135' title='bbox 715 1102 858 1144; x_wconf 89' lang='lat' dir='ltr'>nullus</span> <span class='ocrx_word' id='word_1_136' title='bbox 885 1101 978 1144; x_wconf 88' lang='lat' dir='ltr'>dies</span> <span class='ocrx_word' id='word_1_137' title='bbox 1005 1116 1167 1143; x_wconf 88' lang='lat' dir='ltr'>vacuus</span> <span class='ocrx_word' id='word_1_138' title='bbox 1188 1108 1315 1143; x_wconf 87' lang='lat' dir='ltr'>esset.</span> <span class='ocrx_word' id='word_1_139' title='bbox 1377 1101 1760 1142; x_wconf 85' lang='lat' dir='ltr'>Commentabatur</span> 
     </span>
     <span class='ocr_line' id='line_1_16' title="bbox 163 1155 1758 1215; baseline 0 -18"><span class='ocrx_word' id='word_1_140' title='bbox 163 1155 446 1198; x_wconf 85' lang='lat' dir='ltr'>declamitans</span> <span class='ocrx_word' id='word_1_141' title='bbox 468 1158 582 1215; x_wconf 72' lang='lat' dir='ltr'>saepe</span> <span class='ocrx_word' id='word_1_142' title='bbox 609 1173 708 1200; x_wconf 90' lang='lat' dir='ltr'>curn</span> <span class='ocrx_word' id='word_1_143' title='bbox 729 1158 904 1210; x_wconf 87' lang='lat' dir='ltr'>Pisone,</span> <span class='ocrx_word' id='word_1_144' title='bbox 922 1164 965 1199; x_wconf 90' lang='lat' dir='ltr'>et</span> <span class='ocrx_word' id='word_1_145' title='bbox 980 1173 1078 1200; x_wconf 91' lang='lat' dir='ltr'>cum</span> <span class='ocrx_word' id='word_1_146' title='bbox 1096 1157 1151 1206; x_wconf 87' lang='lat' dir='ltr'>Q.</span> <span class='ocrx_word' id='word_1_147' title='bbox 1169 1158 1395 1214; x_wconf 89' lang='lat' dir='ltr'>Pompeio,</span> <span class='ocrx_word' id='word_1_148' title='bbox 1409 1164 1483 1198; x_wconf 88' lang='lat' dir='ltr'>aut</span> <span class='ocrx_word' id='word_1_149' title='bbox 1499 1172 1596 1199; x_wconf 90' lang='lat' dir='ltr'>cum</span> <span class='ocrx_word' id='word_1_150' title='bbox 1614 1157 1758 1213; x_wconf 85' lang='lat' dir='ltr'>aliquo</span> 
     </span>
     <span class='ocr_line' id='line_1_17' title="bbox 162 1213 1758 1270; baseline 0.001 -17"><span class='ocrx_word' id='word_1_151' title='bbox 162 1213 355 1269; x_wconf 90' lang='lat' dir='ltr'>quotidie</span> <span class='ocrx_word' id='word_1_152' title='bbox 373 1230 381 1255; x_wconf 93' lang='lat'><strong>:</strong></span> <span class='ocrx_word' id='word_1_153' title='bbox 413 1213 544 1270; x_wconf 88' lang='lat' dir='ltr'>idque</span> <span class='ocrx_word' id='word_1_154' title='bbox 566 1215 755 1257; x_wconf 86' lang='lat' dir='ltr'>faciebat</span> <span class='ocrx_word' id='word_1_155' title='bbox 775 1214 956 1256; x_wconf 70' lang='lat' dir='ltr'>multum</span> <span class='ocrx_word' id='word_1_156' title='bbox 977 1214 1108 1256; x_wconf 83' lang='lat' dir='ltr'>etiam</span> <span class='ocrx_word' id='word_1_157' title='bbox 1131 1213 1296 1266; x_wconf 69' lang='lat' dir='ltr'>Latine,</span> <span class='ocrx_word' id='word_1_158' title='bbox 1314 1214 1390 1256; x_wconf 87' lang='lat' dir='ltr'>sed</span> <span class='ocrx_word' id='word_1_159' title='bbox 1413 1213 1563 1256; x_wconf 73' lang='lat' dir='ltr'>Graece</span> <span class='ocrx_word' id='word_1_160' title='bbox 1586 1213 1758 1270; x_wconf 71' lang='lat' dir='ltr'>saepius,</span> 
     </span>
     <span class='ocr_line' id='line_1_18' title="bbox 161 1269 1760 1328; baseline 0.001 -18"><span class='ocrx_word' id='word_1_161' title='bbox 161 1275 255 1310; x_wconf 87' lang='lat' dir='ltr'>tum</span> <span class='ocrx_word' id='word_1_162' title='bbox 282 1269 384 1326; x_wconf 87' lang='lat' dir='ltr'>quia</span> <span class='ocrx_word' id='word_1_163' title='bbox 411 1270 565 1312; x_wconf 89' lang='lat' dir='ltr'>Graeca</span> <span class='ocrx_word' id='word_1_164' title='bbox 588 1272 723 1313; x_wconf 87' lang='lat' dir='ltr'>oratio</span> <span class='ocrx_word' id='word_1_165' title='bbox 752 1273 875 1328; x_wconf 90' lang='lat' dir='ltr'>plura</span> <span class='ocrx_word' id='word_1_166' title='bbox 891 1277 1141 1313; x_wconf 85' lang='lat' dir='ltr'>ornamenta</span> <span class='ocrx_word' id='word_1_167' title='bbox 1160 1271 1479 1328; x_wconf 81' lang='lat' dir='ltr'>suppeditabat,</span> <span class='ocrx_word' id='word_1_168' title='bbox 1501 1277 1545 1312; x_wconf 90' lang='lat' dir='ltr'>et</span> <span class='ocrx_word' id='word_1_169' title='bbox 1565 1271 1760 1312; x_wconf 87' lang='lat' dir='ltr'>similiter</span> 
     </span>
     <span class='ocr_line' id='line_1_19' title="bbox 162 1325 1759 1383; baseline 0.001 -17"><span class='ocrx_word' id='word_1_170' title='bbox 162 1325 335 1367; x_wconf 90' lang='lat' dir='ltr'>dicendi</span> <span class='ocrx_word' id='word_1_171' title='bbox 369 1328 730 1368; x_wconf 89' lang='lat' dir='ltr'>consuetudinem</span> <span class='ocrx_word' id='word_1_172' title='bbox 759 1327 989 1378; x_wconf 80' lang='lat' dir='ltr'>afferebat3</span> <span class='ocrx_word' id='word_1_173' title='bbox 1020 1334 1112 1368; x_wconf 90' lang='lat' dir='ltr'>tum</span> <span class='ocrx_word' id='word_1_174' title='bbox 1143 1328 1246 1382; x_wconf 90' lang='lat' dir='ltr'>quia</span> <span class='ocrx_word' id='word_1_175' title='bbox 1274 1327 1572 1374; x_wconf 77' lang='lat' dir='ltr'>arbitrabatur,</span> <span class='ocrx_word' id='word_1_176' title='bbox 1594 1326 1709 1383; x_wconf 70' lang='lat' dir='ltr'>qubd</span> <span class='ocrx_word' id='word_1_177' title='bbox 1734 1327 1759 1367; x_wconf 67' lang='lat' dir='ltr'>a</span> 
     </span>
     <span class='ocr_line' id='line_1_20' title="bbox 163 1381 1761 1439; baseline 0.001 -16"><span class='ocrx_word' id='word_1_178' title='bbox 163 1381 326 1423; x_wconf 84' lang='lat' dir='ltr'>Graecis</span> <span class='ocrx_word' id='word_1_179' title='bbox 348 1383 526 1424; x_wconf 88' lang='lat' dir='ltr'>summis</span> <span class='ocrx_word' id='word_1_180' title='bbox 547 1384 815 1436; x_wconf 88' lang='lat' dir='ltr'>doctoribus,</span> <span class='ocrx_word' id='word_1_181' title='bbox 835 1384 919 1424; x_wconf 90' lang='lat' dir='ltr'>nisi</span> <span class='ocrx_word' id='word_1_182' title='bbox 941 1383 1093 1425; x_wconf 70' lang='lat' dir='ltr'>Graece</span> <span class='ocrx_word' id='word_1_183' title='bbox 1116 1383 1293 1435; x_wconf 89' lang='lat' dir='ltr'>diceret,</span> <span class='ocrx_word' id='word_1_184' title='bbox 1329 1398 1468 1439; x_wconf 91' lang='lat' dir='ltr'>neque</span> <span class='ocrx_word' id='word_1_185' title='bbox 1490 1383 1645 1437; x_wconf 69' lang='lat' dir='ltr'>corrigi</span> <span class='ocrx_word' id='word_1_186' title='bbox 1662 1398 1761 1439; x_wconf 91' lang='lat' dir='ltr'>pos-</span> 
     </span>
     <span class='ocr_line' id='line_1_21' title="bbox 162 1439 1761 1496; baseline 0.001 -17"><span class='ocrx_word' id='word_1_187' title='bbox 162 1445 243 1491; x_wconf 89' lang='lat' dir='ltr'>set,</span> <span class='ocrx_word' id='word_1_188' title='bbox 257 1453 397 1495; x_wconf 89' lang='lat' dir='ltr'>neque</span> <span class='ocrx_word' id='word_1_189' title='bbox 411 1440 572 1482; x_wconf 90' lang='lat' dir='ltr'>doceri.</span> <span class='ocrx_word' id='word_1_190' title='bbox 606 1442 789 1484; x_wconf 82' lang='lat' dir='ltr'>Aratum</span> <span class='ocrx_word' id='word_1_191' title='bbox 804 1440 998 1482; x_wconf 89' lang='lat' dir='ltr'>versibus</span> <span class='ocrx_word' id='word_1_192' title='bbox 1014 1439 1275 1481; x_wconf 87' lang='lat' dir='ltr'>hexametris</span> <span class='ocrx_word' id='word_1_193' title='bbox 1293 1440 1444 1491; x_wconf 88' lang='lat' dir='ltr'>edidit,</span> <span class='ocrx_word' id='word_1_194' title='bbox 1459 1439 1761 1496; x_wconf 86' lang='lat' dir='ltr'>Xenophontis</span> 
     </span>
     <span class='ocr_line' id='line_1_22' title="bbox 161 1494 1761 1553; baseline 0.001 -17"><span class='ocrx_word' id='word_1_195' title='bbox 161 1494 495 1538; x_wconf 83' lang='lat' dir='ltr'>OEeonomicum</span> <span class='ocrx_word' id='word_1_196' title='bbox 516 1497 539 1539; x_wconf 72' lang='lat' dir='ltr'>e</span> <span class='ocrx_word' id='word_1_197' title='bbox 563 1497 716 1540; x_wconf 80' lang='lat' dir='ltr'>Graeco</span> <span class='ocrx_word' id='word_1_198' title='bbox 738 1511 933 1539; x_wconf 90' lang='lat' dir='ltr'>sermone</span> <span class='ocrx_word' id='word_1_199' title='bbox 951 1497 996 1538; x_wconf 90' lang='lat' dir='ltr'>in</span> <span class='ocrx_word' id='word_1_200' title='bbox 1010 1497 1224 1549; x_wconf 86' lang='lat' dir='ltr'>Latinum,</span> <span class='ocrx_word' id='word_1_201' title='bbox 1241 1502 1290 1538; x_wconf 92' lang='lat' dir='ltr'>ut</span> <span class='ocrx_word' id='word_1_202' title='bbox 1307 1496 1458 1538; x_wconf 87' lang='lat' dir='ltr'>scribit</span> <span class='ocrx_word' id='word_1_203' title='bbox 1473 1496 1761 1553; x_wconf 87' lang='lat' dir='ltr'>Hieronymus</span> 
     </span>
     <span class='ocr_line' id='line_1_23' title="bbox 162 1551 1762 1610; baseline 0.002 -18"><span class='ocrx_word' id='word_1_204' title='bbox 162 1551 207 1593; x_wconf 89' lang='lat' dir='ltr'>in</span> <span class='ocrx_word' id='word_1_205' title='bbox 227 1553 477 1609; x_wconf 85' lang='lat' dir='ltr'>praefatione</span> <span class='ocrx_word' id='word_1_206' title='bbox 497 1553 542 1595; x_wconf 90' lang='lat' dir='ltr'>in</span> <span class='ocrx_word' id='word_1_207' title='bbox 558 1554 739 1597; x_wconf 89' lang='lat' dir='ltr'>Eusebii</span> <span class='ocrx_word' id='word_1_208' title='bbox 760 1554 992 1607; x_wconf 67' lang='lat' dir='ltr'>Chronica,</span> <span class='ocrx_word' id='word_1_209' title='bbox 1013 1553 1211 1596; x_wconf 90' lang='lat' dir='ltr'>Platonis</span> <span class='ocrx_word' id='word_1_210' title='bbox 1230 1553 1362 1596; x_wconf 88' lang='lat' dir='ltr'>libros</span> <span class='ocrx_word' id='word_1_211' title='bbox 1391 1553 1573 1610; x_wconf 86' lang='lat' dir='ltr'>aliquos,</span> <span class='ocrx_word' id='word_1_212' title='bbox 1594 1561 1637 1595; x_wconf 88' lang='lat' dir='ltr'>et</span> <span class='ocrx_word' id='word_1_213' title='bbox 1660 1554 1762 1595; x_wconf 88' lang='lat' dir='ltr'>Pro-</span> 
     </span>
     <span class='ocr_line' id='line_1_24' title="bbox 159 1611 616 1666; baseline 0.009 -16"><span class='ocrx_word' id='word_1_214' title='bbox 159 1616 369 1666; x_wconf 80' lang='lat' dir='ltr'>tagoram,</span> <span class='ocrx_word' id='word_1_215' title='bbox 390 1611 616 1654; x_wconf 87' lang='lat' dir='ltr'>convertit.</span> 
     </span>
    </p>
   </div>
   <div class='ocr_carea' id='block_1_4' title="bbox 583 1700 1339 1746">
    <p class='ocr_par' dir='ltr' id='par_1_4' title="bbox 583 1700 1339 1746">
     <span class='ocr_line' id='line_1_25' title="bbox 583 1700 1339 1746; baseline -0.005 0"><span class='ocrx_word' id='word_1_216' title='bbox 583 1716 754 1746; x_wconf 75' lang='lat' dir='ltr'>ANNUS</span> <span class='ocrx_word' id='word_1_217' title='bbox 790 1715 939 1745; x_wconf 78' lang='lat' dir='ltr'>unms</span> <span class='ocrx_word' id='word_1_218' title='bbox 974 1714 1208 1743; x_wconf 77' lang='lat' dir='ltr'>conTAE</span> <span class='ocrx_word' id='word_1_219' title='bbox 1241 1700 1339 1742; x_wconf 89' lang='grc'>670.</span> 
     </span>
    </p>
   </div>
   <div class='ocr_carea' id='block_1_5' title="bbox 191 1791 1738 1903">
    <p class='ocr_par' dir='ltr' id='par_1_5' title="bbox 191 1791 1738 1903">
     <span class='ocr_line' id='line_1_26' title="bbox 191 1791 1738 1847; baseline -0.005 -8"><span class='ocrx_word' id='word_1_220' title='bbox 191 1796 304 1839; x_wconf 87' lang='lat' dir='ltr'>Coss.</span> <span class='ocrx_word' id='word_1_221' title='bbox 342 1796 394 1838; x_wconf 89' lang='lat' dir='ltr'>L.</span> <span class='ocrx_word' id='word_1_222' title='bbox 416 1793 612 1836; x_wconf 87' lang='lat' dir='ltr'>Cornelio</span> <span class='ocrx_word' id='word_1_223' title='bbox 640 1794 844 1847; x_wconf 77' lang='lat' dir='ltr'>Scipione</span> <span class='ocrx_word' id='word_1_224' title='bbox 882 1793 1086 1841; x_wconf 81' lang='lat' dir='ltr'>Asiatico,</span> <span class='ocrx_word' id='word_1_225' title='bbox 1121 1791 1167 1834; x_wconf 87' lang='lat' dir='ltr'>C.</span> <span class='ocrx_word' id='word_1_226' title='bbox 1195 1791 1403 1832; x_wconf 79' lang='lat' dir='ltr'>Norbano</span> <span class='ocrx_word' id='word_1_227' title='bbox 1443 1791 1612 1841; x_wconf 77' lang='lat' dir='ltr'>Flacco,</span> <span class='ocrx_word' id='word_1_228' title='bbox 1635 1795 1738 1832; x_wconf 79' lang='lat' dir='ltr'>ante</span> 
     </span>
     <span class='ocr_line' id='line_1_27' title="bbox 432 1849 1480 1903; baseline -0.007 -9"><span class='ocrx_word' id='word_1_229' title='bbox 432 1852 652 1894; x_wconf 73' lang='lat' dir='ltr'>Christum</span> <span class='ocrx_word' id='word_1_230' title='bbox 673 1850 743 1892; x_wconf 80' lang='lat'>82.</span> <span class='ocrx_word' id='word_1_231' title='bbox 803 1849 1017 1892; x_wconf 74' lang='lat' dir='ltr'>Ciceronis</span> <span class='ocrx_word' id='word_1_232' title='bbox 1032 1851 1264 1903; x_wconf 78' lang='lat' dir='ltr'>vigesimus</span> <span class='ocrx_word' id='word_1_233' title='bbox 1282 1853 1480 1901; x_wconf 78' lang='lat' dir='ltr'>quartus.</span> 
     </span>
    </p>
   </div>
   <div class='ocr_carea' id='block_1_6' title="bbox 159 1936 1759 2279">
    <p class='ocr_par' dir='ltr' id='par_1_6' title="bbox 159 1936 1759 2279">
     <span class='ocr_line' id='line_1_28' title="bbox 219 1936 1759 1997; baseline -0.006 -12"><span class='ocrx_word' id='word_1_234' title='bbox 219 1942 448 1991; x_wconf 87' lang='lat' dir='ltr'>Consules,</span> <span class='ocrx_word' id='word_1_235' title='bbox 467 1941 637 1997; x_wconf 72' lang='lat' dir='ltr'>unaque</span> <span class='ocrx_word' id='word_1_236' title='bbox 660 1938 818 1992; x_wconf 84' lang='lat' dir='ltr'>Carbo,</span> <span class='ocrx_word' id='word_1_237' title='bbox 836 1944 985 1981; x_wconf 91' lang='lat' dir='ltr'>contra</span> <span class='ocrx_word' id='word_1_238' title='bbox 1002 1938 1169 1997; x_wconf 83' lang='lat' dir='ltr'>Syllam</span> <span class='ocrx_word' id='word_1_239' title='bbox 1185 1953 1285 1981; x_wconf 89' lang='lat' dir='ltr'>cum</span> <span class='ocrx_word' id='word_1_240' title='bbox 1305 1938 1394 1981; x_wconf 91' lang='lat' dir='ltr'>suis</span> <span class='ocrx_word' id='word_1_241' title='bbox 1417 1938 1554 1995; x_wconf 87' lang='lat' dir='ltr'>copiis</span> <span class='ocrx_word' id='word_1_242' title='bbox 1576 1936 1759 1994; x_wconf 84' lang='lat' dir='ltr'>profecti</span> 
     </span>
     <span class='ocr_line' id='line_1_29' title="bbox 162 1996 1759 2054; baseline -0.004 -12"><span class='ocrx_word' id='word_1_243' title='bbox 162 2006 286 2042; x_wconf 90' lang='lat' dir='ltr'>sunt:</span> <span class='ocrx_word' id='word_1_244' title='bbox 318 2014 384 2052; x_wconf 86' lang='lat' dir='ltr'>ac,</span> <span class='ocrx_word' id='word_1_245' title='bbox 399 1996 504 2039; x_wconf 68' lang='lat' dir='ltr'>licet</span> <span class='ocrx_word' id='word_1_246' title='bbox 522 1997 615 2054; x_wconf 89' lang='lat' dir='ltr'>ipse</span> <span class='ocrx_word' id='word_1_247' title='bbox 637 2012 683 2039; x_wconf 89' lang='lat' dir='ltr'>se</span> <span class='ocrx_word' id='word_1_248' title='bbox 706 1996 840 2053; x_wconf 86' lang='lat' dir='ltr'>aequis</span> <span class='ocrx_word' id='word_1_249' title='bbox 859 1996 1180 2038; x_wconf 89' lang='lat' dir='ltr'>conditionibus</span> <span class='ocrx_word' id='word_1_250' title='bbox 1201 1996 1511 2038; x_wconf 88' lang='lat' dir='ltr'>descensurum</span> <span class='ocrx_word' id='word_1_251' title='bbox 1531 1996 1586 2037; x_wconf 88' lang='lat' dir='ltr'>ad</span> <span class='ocrx_word' id='word_1_252' title='bbox 1607 2009 1759 2051; x_wconf 88' lang='lat' dir='ltr'>pacem</span> 
     </span>
     <span class='ocr_line' id='line_1_30' title="bbox 160 2051 1758 2110; baseline -0.004 -11"><span class='ocrx_word' id='word_1_253' title='bbox 160 2061 561 2108; x_wconf 88' lang='lat' dir='ltr'>testaretur,contra</span> <span class='ocrx_word' id='word_1_254' title='bbox 573 2053 786 2095; x_wconf 90' lang='lat' dir='ltr'>Consules</span> <span class='ocrx_word' id='word_1_255' title='bbox 799 2053 1075 2110; x_wconf 85' lang='lat' dir='ltr'>pugnavit,et</span> <span class='ocrx_word' id='word_1_256' title='bbox 1088 2060 1315 2110; x_wconf 86' lang='lat' dir='ltr'>utrumque</span> <span class='ocrx_word' id='word_1_257' title='bbox 1327 2052 1585 2109; x_wconf 83' lang='lat' dir='ltr'>profligavit.</span> <span class='ocrx_word' id='word_1_258' title='bbox 1616 2051 1758 2092; x_wconf 89' lang='lat' dir='ltr'>Carbo</span> 
     </span>
     <span class='ocr_line' id='line_1_31' title="bbox 160 2108 1757 2166; baseline -0.004 -11"><span class='ocrx_word' id='word_1_259' title='bbox 160 2114 215 2155; x_wconf 87' lang='lat' dir='ltr'>ab</span> <span class='ocrx_word' id='word_1_260' title='bbox 236 2113 386 2155; x_wconf 85' lang='lat' dir='ltr'>urbem</span> <span class='ocrx_word' id='word_1_261' title='bbox 404 2111 546 2162; x_wconf 88' lang='lat' dir='ltr'>rediit,</span> <span class='ocrx_word' id='word_1_262' title='bbox 567 2110 812 2166; x_wconf 87' lang='lat' dir='ltr'>effecitque,</span> <span class='ocrx_word' id='word_1_263' title='bbox 834 2119 883 2151; x_wconf 91' lang='lat' dir='ltr'>ut</span> <span class='ocrx_word' id='word_1_264' title='bbox 899 2109 1031 2166; x_wconf 83' lang='lat' dir='ltr'>Sylla,</span> <span class='ocrx_word' id='word_1_265' title='bbox 1053 2116 1096 2152; x_wconf 91' lang='lat' dir='ltr'>et</span> <span class='ocrx_word' id='word_1_266' title='bbox 1111 2109 1184 2166; x_wconf 92' lang='lat' dir='ltr'>qui</span> <span class='ocrx_word' id='word_1_267' title='bbox 1205 2111 1297 2166; x_wconf 89' lang='lat' dir='ltr'>ejus</span> <span class='ocrx_word' id='word_1_268' title='bbox 1313 2112 1338 2149; x_wconf 77' lang='lat' dir='ltr'>a</span> <span class='ocrx_word' id='word_1_269' title='bbox 1355 2110 1548 2166; x_wconf 86' lang='lat' dir='ltr'>partibus</span> <span class='ocrx_word' id='word_1_270' title='bbox 1569 2108 1757 2159; x_wconf 88' lang='lat' dir='ltr'>stabant,</span> 
     </span>
     <span class='ocr_line' id='line_1_32' title="bbox 160 2164 1759 2223; baseline -0.004 -11"><span class='ocrx_word' id='word_1_271' title='bbox 160 2170 309 2212; x_wconf 90' lang='lat' dir='ltr'>hostes</span> <span class='ocrx_word' id='word_1_272' title='bbox 344 2168 370 2210; x_wconf 69' lang='lat' dir='ltr'>a</span> <span class='ocrx_word' id='word_1_273' title='bbox 405 2168 569 2209; x_wconf 90' lang='lat' dir='ltr'>Senatu</span> <span class='ocrx_word' id='word_1_274' title='bbox 596 2167 907 2223; x_wconf 87' lang='lat' dir='ltr'>judicarentur.</span> <span class='ocrx_word' id='word_1_275' title='bbox 967 2166 1066 2207; x_wconf 89' lang='lat' dir='ltr'>Hoc</span> <span class='ocrx_word' id='word_1_276' title='bbox 1086 2166 1239 2208; x_wconf 87' lang='lat' dir='ltr'>eodem</span> <span class='ocrx_word' id='word_1_277' title='bbox 1268 2172 1460 2222; x_wconf 87' lang='lat' dir='ltr'>tempore</span> <span class='ocrx_word' id='word_1_278' title='bbox 1496 2164 1759 2222; x_wconf 90' lang='lat' dir='ltr'>Capitolium</span> 
     </span>
     <span class='ocr_line' id='line_1_33' title="bbox 159 2221 1644 2279; baseline -0.005 -9"><span class='ocrx_word' id='word_1_279' title='bbox 159 2228 384 2269; x_wconf 89' lang='lat' dir='ltr'>incensum</span> <span class='ocrx_word' id='word_1_280' title='bbox 403 2224 500 2275; x_wconf 89' lang='lat' dir='ltr'>suit,</span> <span class='ocrx_word' id='word_1_281' title='bbox 520 2224 644 2266; x_wconf 88' lang='lat' dir='ltr'>annis</span> <span class='ocrx_word' id='word_1_282' title='bbox 665 2222 753 2265; x_wconf 74' lang='lat' dir='ltr'>fere</span> <span class='ocrx_word' id='word_1_283' title='bbox 772 2222 927 2279; x_wconf 86' lang='lat' dir='ltr'>viginti</span> <span class='ocrx_word' id='word_1_284' title='bbox 947 2229 1047 2265; x_wconf 90' lang='lat' dir='ltr'>ante</span> <span class='ocrx_word' id='word_1_285' title='bbox 1069 2223 1269 2264; x_wconf 77' lang='lat' dir='ltr'>Catilinae</span> <span class='ocrx_word' id='word_1_286' title='bbox 1289 2221 1644 2279; x_wconf 84' lang='lat' dir='ltr'>conjurationem.</span> 
     </span>
    </p>
   </div>
   <div class='ocr_carea' id='block_1_7' title="bbox 584 2327 1338 2374">
    <p class='ocr_par' dir='ltr' id='par_1_7' title="bbox 584 2327 1338 2374">
     <span class='ocr_line' id='line_1_34' title="bbox 584 2327 1338 2374; baseline -0.008 0"><span class='ocrx_word' id='word_1_287' title='bbox 584 2345 756 2374; x_wconf 85' lang='lat' dir='ltr'>ANNUS</span> <span class='ocrx_word' id='word_1_288' title='bbox 792 2344 938 2372; x_wconf 82' lang='lat' dir='ltr'>URBIS</span> <span class='ocrx_word' id='word_1_289' title='bbox 972 2341 1207 2371; x_wconf 78' lang='lat' dir='ltr'>CONDITAE</span> <span class='ocrx_word' id='word_1_290' title='bbox 1241 2327 1338 2369; x_wconf 78' lang='lat'><strong>671.</strong></span> 
     </span>
    </p>
   </div>
   <div class='ocr_carea' id='block_1_8' title="bbox 224 2402 1674 2513">
    <p class='ocr_par' dir='ltr' id='par_1_8' title="bbox 224 2402 1674 2513">
     <span class='ocr_line' id='line_1_35' title="bbox 224 2402 1674 2460; baseline -0.005 -10"><span class='ocrx_word' id='word_1_291' title='bbox 224 2408 338 2451; x_wconf 84' lang='lat' dir='ltr'>Coss.</span> <span class='ocrx_word' id='word_1_292' title='bbox 374 2406 457 2449; x_wconf 85' lang='lat' dir='ltr'>Cn.</span> <span class='ocrx_word' id='word_1_293' title='bbox 490 2406 670 2460; x_wconf 79' lang='lat' dir='ltr'>Papirio</span> <span class='ocrx_word' id='word_1_294' title='bbox 713 2404 916 2453; x_wconf 76' lang='lat' dir='ltr'>Carbone,</span> <span class='ocrx_word' id='word_1_295' title='bbox 955 2402 1038 2444; x_wconf 86' lang='lat' dir='ltr'>Cn.</span> <span class='ocrx_word' id='word_1_296' title='bbox 1069 2403 1218 2444; x_wconf 81' lang='lat' dir='ltr'>Mario</span> <span class='ocrx_word' id='word_1_297' title='bbox 1261 2402 1535 2451; x_wconf 76' lang='lat' dir='ltr'>Gratidiano,</span> <span class='ocrx_word' id='word_1_298' title='bbox 1572 2406 1674 2443; x_wconf 76' lang='lat' dir='ltr'>ante</span> 
     </span>
     <span class='ocr_line' id='line_1_36' title="bbox 433 2459 1486 2513; baseline -0.007 -8"><span class='ocrx_word' id='word_1_299' title='bbox 433 2464 653 2506; x_wconf 81' lang='lat' dir='ltr'>Christum</span> <span class='ocrx_word' id='word_1_300' title='bbox 673 2461 742 2503; x_wconf 89' lang='lat'>81.</span> <span class='ocrx_word' id='word_1_301' title='bbox 807 2459 1026 2503; x_wconf 79' lang='lat' dir='ltr'>Ciceronis</span> <span class='ocrx_word' id='word_1_302' title='bbox 1045 2461 1275 2513; x_wconf 81' lang='lat' dir='ltr'>vigesimus</span> <span class='ocrx_word' id='word_1_303' title='bbox 1291 2460 1486 2511; x_wconf 82' lang='lat' dir='ltr'>quintus.</span> 
     </span>
    </p>
   </div>
   <div class='ocr_carea' id='block_1_9' title="bbox 161 2545 1759 2829">
    <p class='ocr_par' dir='ltr' id='par_1_9' title="bbox 161 2545 1759 2829">
     <span class='ocr_line' id='line_1_37' title="bbox 219 2545 1758 2603; baseline -0.006 -7"><span class='ocrx_word' id='word_1_304' title='bbox 219 2553 361 2596; x_wconf 89' lang='lat' dir='ltr'>Carbo</span> <span class='ocrx_word' id='word_1_305' title='bbox 373 2552 546 2595; x_wconf 72' lang='lat' dir='ltr'>tertium</span> <span class='ocrx_word' id='word_1_306' title='bbox 558 2551 699 2594; x_wconf 86' lang='lat' dir='ltr'>factus</span> <span class='ocrx_word' id='word_1_307' title='bbox 712 2556 779 2592; x_wconf 87' lang='lat' dir='ltr'>est</span> <span class='ocrx_word' id='word_1_308' title='bbox 791 2549 956 2592; x_wconf 90' lang='lat' dir='ltr'>Consul</span> <span class='ocrx_word' id='word_1_309' title='bbox 969 2564 1068 2591; x_wconf 90' lang='lat' dir='ltr'>cum</span> <span class='ocrx_word' id='word_1_310' title='bbox 1082 2548 1225 2590; x_wconf 87' lang='lat' dir='ltr'>Mario</span> <span class='ocrx_word' id='word_1_311' title='bbox 1240 2547 1509 2599; x_wconf 87' lang='lat' dir='ltr'>Gratidiano,</span> <span class='ocrx_word' id='word_1_312' title='bbox 1519 2560 1643 2603; x_wconf 88' lang='lat' dir='ltr'>quem</span> <span class='ocrx_word' id='word_1_313' title='bbox 1659 2545 1758 2588; x_wconf 86' lang='lat' dir='ltr'>Ma-</span> 
     </span>
     <span class='ocr_line' id='line_1_38' title="bbox 161 2604 1756 2668; baseline -0.005 -15"><span class='ocrx_word' id='word_1_314' title='bbox 161 2611 248 2653; x_wconf 90' lang='lat' dir='ltr'>rius</span> <span class='ocrx_word' id='word_1_315' title='bbox 262 2610 423 2668; x_wconf 89' lang='lat' dir='ltr'>septies</span> <span class='ocrx_word' id='word_1_316' title='bbox 433 2609 597 2652; x_wconf 90' lang='lat' dir='ltr'>Consul</span> <span class='ocrx_word' id='word_1_317' title='bbox 610 2607 847 2664; x_wconf 88' lang='lat' dir='ltr'>adoptavit.</span> <span class='ocrx_word' id='word_1_318' title='bbox 878 2607 922 2648; x_wconf 91' lang='lat' dir='ltr'>Is</span> <span class='ocrx_word' id='word_1_319' title='bbox 934 2606 1083 2663; x_wconf 75' lang='lat' dir='ltr'>parum</span> <span class='ocrx_word' id='word_1_320' title='bbox 1097 2605 1281 2648; x_wconf 88' lang='lat' dir='ltr'>feliciter</span> <span class='ocrx_word' id='word_1_321' title='bbox 1294 2619 1391 2647; x_wconf 91' lang='lat' dir='ltr'>cum</span> <span class='ocrx_word' id='word_1_322' title='bbox 1408 2604 1522 2660; x_wconf 70' lang='lat' dir='ltr'>Sylla</span> <span class='ocrx_word' id='word_1_323' title='bbox 1535 2604 1756 2659; x_wconf 83' lang='lat' dir='ltr'>pugnavit,</span> 
     </span>
     <span class='ocr_line' id='line_1_39' title="bbox 162 2659 1757 2724; baseline -0.005 -14"><span class='ocrx_word' id='word_1_324' title='bbox 162 2668 375 2724; x_wconf 89' lang='lat' dir='ltr'>rebusque</span> <span class='ocrx_word' id='word_1_325' title='bbox 395 2666 645 2723; x_wconf 87' lang='lat' dir='ltr'>desperatis,</span> <span class='ocrx_word' id='word_1_326' title='bbox 662 2664 744 2707; x_wconf 88' lang='lat' dir='ltr'>sibi</span> <span class='ocrx_word' id='word_1_327' title='bbox 770 2664 853 2721; x_wconf 88' lang='lat' dir='ltr'>ipsi</span> <span class='ocrx_word' id='word_1_328' title='bbox 877 2678 1028 2706; x_wconf 87' lang='lat' dir='ltr'>manus</span> <span class='ocrx_word' id='word_1_329' title='bbox 1050 2662 1209 2705; x_wconf 90' lang='lat' dir='ltr'>intulit.</span> <span class='ocrx_word' id='word_1_330' title='bbox 1261 2661 1367 2704; x_wconf 90' lang='lat' dir='ltr'>Inde</span> <span class='ocrx_word' id='word_1_331' title='bbox 1394 2661 1450 2702; x_wconf 88' lang='lat' dir='ltr'>ad</span> <span class='ocrx_word' id='word_1_332' title='bbox 1469 2660 1617 2701; x_wconf 88' lang='lat' dir='ltr'>urbem</span> <span class='ocrx_word' id='word_1_333' title='bbox 1638 2659 1757 2717; x_wconf 86' lang='lat' dir='ltr'>Sylla</span> 
     </span>
     <span class='ocr_line' id='line_1_40' title="bbox 163 2716 1759 2780; baseline -0.006 -12"><span class='ocrx_word' id='word_1_334' title='bbox 163 2724 401 2777; x_wconf 83' lang='lat' dir='ltr'>contendit,</span> <span class='ocrx_word' id='word_1_335' title='bbox 407 2724 481 2767; x_wconf 91' lang='lat' dir='ltr'>ubi</span> <span class='ocrx_word' id='word_1_336' title='bbox 494 2723 726 2766; x_wconf 87' lang='lat' dir='ltr'>commisso</span> <span class='ocrx_word' id='word_1_337' title='bbox 740 2721 907 2779; x_wconf 91' lang='lat' dir='ltr'>proelio,</span> <span class='ocrx_word' id='word_1_338' title='bbox 915 2720 1139 2777; x_wconf 82' lang='lat' dir='ltr'>octoginta</span> <span class='ocrx_word' id='word_1_339' title='bbox 1149 2718 1372 2761; x_wconf 87' lang='lat' dir='ltr'>hominum</span> <span class='ocrx_word' id='word_1_340' title='bbox 1384 2716 1520 2758; x_wconf 86' lang='lat' dir='ltr'>millia</span> <span class='ocrx_word' id='word_1_341' title='bbox 1531 2717 1706 2780; x_wconf 77' lang='lat' dir='ltr'>cecidit,</span> <span class='ocrx_word' id='word_1_342' title='bbox 1715 2723 1759 2759; x_wconf 87' lang='lat' dir='ltr'>et</span> 
     </span>
     <span class='ocr_line' id='line_1_41' title="bbox 165 2774 1758 2829; baseline -0.006 -4"><span class='ocrx_word' id='word_1_343' title='bbox 165 2780 397 2829; x_wconf 82' lang='lat' dir='ltr'>duodecim</span> <span class='ocrx_word' id='word_1_344' title='bbox 403 2781 538 2825; x_wconf 87' lang='lat' dir='ltr'>millia</span> <span class='ocrx_word' id='word_1_345' title='bbox 545 2795 590 2826; x_wconf 83' lang='lat' dir='ltr'>se</span> <span class='ocrx_word' id='word_1_346' title='bbox 597 2779 750 2825; x_wconf 87' lang='lat' dir='ltr'>victori</span> <span class='ocrx_word' id='word_1_347' title='bbox 762 2778 1031 2822; x_wconf 85' lang='lat' dir='ltr'>dediderunt.</span> <span class='ocrx_word' id='word_1_348' title='bbox 1064 2776 1177 2820; x_wconf 85' lang='lat' dir='ltr'>Fuso</span> <span class='ocrx_word' id='word_1_349' title='bbox 1186 2774 1395 2819; x_wconf 86' lang='lat' dir='ltr'>Carbonis</span> <span class='ocrx_word' id='word_1_350' title='bbox 1409 2774 1758 2828; x_wconf 73' lang='lat' dir='ltr'>exercitu,vietor</span> 
     </span>
    </p>
   </div>
  </div>
 </body>
</html>
