1790 3090
75 176 181 218 xviii
649 178 701 212 M.
720 170 874 211 TULL1'1
894 175 1141 210 cmmzoms

80 250 225 304 conio,
243 267 338 295 esse
357 254 489 295 vellet
509 252 618 296 inter
638 254 793 312 viginti
814 254 927 297 viros
949 268 1054 311 agro
1068 252 1291 310 Campano
1317 252 1552 295 dividendo
1574 252 1680 310 prae'-

81 308 247 364 positos
266 326 275 352 :
308 310 383 352 sed
399 318 639 368 utrumque,
661 311 842 354 moleste
858 311 902 354 id
922 310 1084 354 ferente
1105 310 1291 364 Caesare,
1311 309 1566 367 repudiavit.

512 431 681 459 ANNUS
716 432 863 460 urzms
898 431 1131 460 coND1TAE
1154 417 1252 459 695.

88 504 202 546 Coss.
217 506 270 547 L.
288 506 525 561 Calpurnio
544 508 697 549 Pisone
717 507 956 558 Ccesonino,
973 508 1028 548 A.
1043 508 1240 556 Gabinio,
1259 512 1359 547 ante
1375 507 1596 548 Christum
1612 505 1684 546 57.

501 565 718 606 Ciceronis
733 566 1091 618 quadragesimus
1108 577 1266 604 nonus.

142 649 240 691 Hoc
254 664 364 693 anno
380 651 533 693 Cicero
553 654 576 692 a
591 651 745 693 Clodio
759 651 1050 708 perditissimo
1066 651 1255 693 Tribuno
1268 651 1407 706 plebis
1426 651 1469 692 in
1484 650 1683 692 exsilium

86 712 209 747 actus
221 714 306 749 est:
329 715 472 764 atque,
487 717 534 749 ut
546 709 653 750 citra
665 709 812 765 populi
832 708 1113 750 offensionem
1127 723 1224 749 eum
1241 707 1512 763 opprimeret,
1526 708 1683 748 multas

85 762 447 820 leges,populares
455 765 645 821 quidem,
655 768 729 806 sed
740 765 1208 822 Reipub.perniciosas‚
1217 764 1331 805 tulit.
1364 763 1573 805 Consules
1585 763 1684 805 vero

85 821 284 861 mercede
309 821 622 876 provinciarum
638 822 719 863 sibi
736 822 942 863 devinxit.
1002 821 1115 863 Nam
1133 819 1320 862 Gabinio
1336 820 1519 878 Syriam,
1543 819 1684 875 Baby-

84 874 242 927 lonem,
264 876 432 928 Persas3
466 877 616 919 Pisoni
634 879 857 930 Achaiam,
878 879 1159 926 Thessaliam,
1182 877 1408 928 Graeciam,
1431 875 1684 918 Macedoni-

85 945 438 989 am,omnemque
453 934 668 976 Boeotiam
684 935 817 977 dedit.
867 935 976 976 Tum
996 935 1094 976 tulit
1112 935 1267 989 legem,
1290 941 1350 985 ut,
1374 934 1447 990 qui
1469 933 1607 974 civem
1623 931 1685 974 in-

87 987 335 1030 demnatum
353 990 654 1042 interemisset,
676 991 714 1032 ei
730 992 839 1047 aqua
858 998 901 1032 et
916 992 1007 1047 igni
1024 991 1363 1032 interdiceretur.
1396 990 1515 1031 Licet
1529 989 1683 1030 Cicero

85 1058 173 1085 non
190 1046 492 1097 nominaretur,
511 1048 626 1088 solus
644 1055 788 1088 tamen
801 1048 1041 1104 petebatur.
1085 1047 1223 1102 Igitur
1239 1047 1393 1088 Cicero
1415 1061 1510 1087 reus
1520 1050 1684 1087 vestem

84 1101 280 1152 mutavit,
300 1110 343 1142 et
363 1103 606 1143 sordidatus
620 1105 780 1158 populo
796 1104 1069 1159 supplicavit.
1100 1103 1154 1143 Ei
1170 1102 1330 1158 ubique
1348 1102 1545 1153 Clodius,
1566 1102 1685 1142 nefa-

85 1156 157 1196 riis
175 1157 359 1212 stipatus
379 1158 1185 1210 hominibuS,occurrens‚mutationem
1200 1159 1331 1199 vestis
1347 1158 1597 1213 objiciebat,
1618 1172 1684 1210 ac,

83 1211 175 1253 luto
199 1221 241 1253 et
256 1213 471 1269 lapidibus
490 1213 534 1254 in
553 1229 649 1255 eum
676 1214 901 1271 conjectis,
927 1215 1016 1270 ejus
1039 1214 1379 1270 supplicationes
1406 1214 1685 1270 impediebat.

87 1267 198 1309 Cum
211 1268 421 1311 Cicerone
438 1271 660 1311 universus
688 1278 887 1326 equester
907 1272 1011 1312 ordo
1032 1282 1196 1312 vestem
1216 1271 1411 1321 mutavit,
1433 1285 1561 1326 quem
1583 1271 1684 1312 ado-

81 1324 295 1367 lescentes
308 1326 579 1378 nobilissimi,
592 1342 769 1368 numero
779 1328 833 1368 ad
847 1329 902 1368 20
915 1327 1062 1378 millia,
1078 1328 1170 1383 ejus
1191 1327 1343 1368 salutis
1365 1328 1681 1383 deprecatores,

83 1381 293 1423 sordidati
307 1383 501 1424 comitati
515 1390 629 1425 sunt.
651 1383 834 1424 Senatus
846 1383 946 1425 vero
962 1384 1160 1441 frequens
1171 1384 1384 1433 convenit,
1396 1391 1451 1433 et,
1466 1390 1684 1439 tamquam

84 1436 129 1477 in
151 1439 270 1479 luctu
291 1439 483 1494 publico,
507 1446 669 1480 vestem
688 1441 934 1481 mutandam
950 1441 1137 1481 censuit:
1169 1440 1245 1481 sed
1265 1441 1439 1481 vetuere
1455 1440 1682 1481 Consules.

85 1492 268 1549 Equites
285 1496 328 1536 in
343 1496 557 1551 Capitolio
571 1496 760 1547 adfuere,
783 1497 856 1552 qui
872 1498 927 1538 ad
942 1497 1152 1537 Consules
1167 1503 1210 1537 et
1223 1497 1275 1536 ad
1297 1498 1504 1538 Senatum
1515 1497 1682 1551 legatos

83 1564 172 1590 non
193 1551 332 1592 solum
351 1567 403 1592 ex
421 1567 498 1593 suo
522 1553 684 1603 ordine,
707 1552 851 1594 verum
870 1554 999 1594 etiam
1020 1567 1074 1594 ex
1092 1552 1315 1593 Senatorio
1330 1552 1384 1600 Q.
1400 1552 1681 1594 Hortensium

85 1613 129 1647 et
146 1607 687 1660 C.Curionem,1niserunt,
710 1609 783 1664 qui
804 1624 878 1664 pro
902 1610 1112 1651 Cicerone
1133 1609 1487 1664 deprecarentur;
1508 1609 1584 1650 sed
1606 1624 1681 1651 eos

84 1666 285 1719 respuere
307 1664 541 1716 Consules3
573 1665 703 1706 immo
721 1665 922 1707 L.AElius
946 1665 1107 1716 Lamia,
1139 1666 1349 1721 equestris
1377 1665 1536 1706 ordinis
1568 1665 1682 1721 prin-

84 1734 202 1775 ceps,
221 1720 247 1761 a
263 1721 446 1762 Gabinio
468 1723 678 1777 relegatus
697 1729 778 1763 est.
840 1722 990 1778 Itaque
1014 1722 1182 1773 Cicero,
1211 1721 1237 1762 a
1263 1722 1525 1763 Consulibus
1561 1723 1679 1763 dere-

82 1775 225 1827 lictus,
252 1778 446 1832 proditus
467 1777 492 1819 a
514 1778 738 1834 Pompeio,
767 1779 835 1819 cui
867 1780 995 1820 toties
1012 1779 1187 1829 faverat,
1214 1778 1329 1820 Urbe
1350 1778 1494 1835 potius
1510 1779 1677 1830 cedere,

83 1835 210 1887 quam
224 1848 317 1874 eam
331 1834 503 1875 armatis
518 1834 764 1875 hominibus
776 1835 1152 1890 objicere,maluit:
1175 1836 1404 1877 abeuntem
1419 1850 1565 1876 omnes
1580 1849 1680 1876 cum

82 1889 281 1945 lacrymis
296 1890 511 1945 prosecuti
526 1898 639 1941 sunt,
654 1906 750 1932 cum
766 1892 1013 1947 publicassid
1029 1906 1149 1947 reges
1160 1891 1478 1947 principesque,
1493 1891 1676 1932 Senatus

81 1947 467 1988 commendatione.
532 1947 690 1999 Caesar,
713 1949 786 2003 qui
807 1948 850 1988 in
868 1948 1029 1988 Gallias
1050 1947 1266 2003 proficisci
1286 1963 1384 1988 cum
1400 1948 1577 2003 imperio
1606 1948 1678 1988 de-

82 2002 226 2050 bebat,
240 2018 326 2043 non
342 2003 457 2058 prius
479 2004 533 2044 ad
556 2004 792 2045 exercitum
809 2004 928 2056 abiit,
957 2003 1089 2060 quam
1112 2003 1365 2045 Ciceronem
1383 2018 1456 2059 per
1477 2003 1678 2044 Clodium

84 2058 210 2098 Italia
230 2060 480 2115 expulisset.
540 2059 655 2100 Nihil
674 2075 759 2101 non
786 2060 830 2100 in
862 2076 958 2101 eum
981 2060 1208 2101 crudeliter
1229 2061 1318 2116 egit
1340 2060 1546 2111 Clodius3
1576 2075 1677 2101 nam

83 2114 272 2155 edictum
293 2116 531 2170 proposuit,
559 2123 607 2156 ut
641 2117 680 2157 ei
715 2116 826 2172 aqua
847 2124 889 2158 et
924 2118 1014 2173 igni
1046 2117 1381 2167 interdiceretur,
1407 2124 1450 2157 et
1481 2131 1534 2157 ne
1567 2116 1678 2157 intra

82 2172 317 2226 quingenta
329 2172 463 2213 millia
483 2187 687 2228 passuum
708 2174 761 2214 ab
785 2173 907 2215 Italia
925 2181 1040 2215 tecto
1057 2173 1328 2229 reciperetur,
1345 2180 1388 2214 et
1407 2173 1481 2229 qui
1499 2188 1594 2214 eum
1615 2188 1676 2214 re—

82 2228 287 2282 ciperent,
310 2228 483 2284 impune
501 2230 853 2270 interficerentur.
913 2231 973 2272 At
993 2244 1169 2286 poenam
1187 2229 1303 2270 illam
1322 2244 1470 2271 omnes
1502 2229 1677 2284 neglex-

83 2285 175 2335 ere3
196 2299 296 2325 nam
316 2300 414 2326 eum
436 2292 479 2325 et
507 2289 684 2326 comiter
708 2300 856 2327 omnes
874 2293 917 2327 et
936 2285 1141 2328 benevole
1159 2285 1447 2342 accipiebant,
1468 2291 1512 2327 et
1530 2300 1675 2341 prose-

81 2340 335 2396 quebantur.
366 2341 546 2382 Clodius
561 2342 681 2382 villas
702 2343 793 2398 ejus
820 2343 1028 2394 incendit,
1043 2357 1140 2383 cum
1157 2343 1285 2383 domo
1300 2357 1397 2398 quae
1419 2347 1509 2383 erat
1528 2341 1574 2382 in
1593 2341 1673 2383 Pa-

80 2397 203 2447 latio3
218 2412 358 2438 aream
377 2397 419 2437 in
433 2397 569 2438 aedem
584 2397 810 2439 Libertatis
822 2398 1106 2449 consecravit,
1128 2398 1290 2454 reliqua
1300 2399 1416 2440 bona
1427 2398 1562 2439 hastae
1577 2399 1674 2440 sub-

75 2453 202 2508 jecit:
224 2468 348 2495 nemo
366 2460 511 2495 tamen
525 2454 578 2495 ad
591 2455 759 2495 hastam
775 2455 974 2496 accessit.
1020 2455 1194 2495 Summo
1208 2469 1286 2496 suo
1302 2455 1445 2496 dolore
1455 2454 1673 2510 profectus

83 2509 236 2551 Cicero
255 2525 329 2566 per
346 2510 590 2560 Lucaniam,
608 2511 797 2552 Siciliam
811 2511 955 2552 versus
972 2512 1110 2553 venit:
1132 2511 1233 2553 hinc
1245 2511 1474 2562 Vibonem,
1492 2510 1672 2559 Brundi-

81 2566 193 2607 sium
207 2582 218 2617 ;
240 2566 389 2608 etinde
404 2567 672 2624 Dyrrhachio
685 2567 1037 2609 Thessalonicam
1053 2568 1107 2609 ad
1120 2567 1343 2608 Plancium
1356 2568 1589 2623 profectus,
1600 2567 1673 2609 ubi

80 2624 132 2664 ab
143 2638 193 2664 eo
204 2624 543 2679 septem'mcnses
559 2625 756 2664 detentus
764 2631 842 2666 est.
861 2625 1036 2665 Interim
1044 2624 1228 2665 Senatus
1240 2623 1453 2679 frequens,
1466 2624 1674 2665 referente

81 2680 128 2721 L.
144 2679 370 2729 Mummio,
383 2681 499 2721 nullo
515 2680 809 2732 dissentiente,
829 2681 881 2722 de
892 2681 1110 2722 Ciceronis
1123 2680 1260 2721 reditu
1282 2680 1486 2721 decrevit.
1546 2680 1672 2721 Pom-

79 2736 216 2792 peius,
230 2736 317 2778 sive
331 2736 442 2793 quod
450 2751 643 2780 eumsuae
655 2738 845 2794 perfidiae
858 2737 1194 2795 puduisset,sive
1205 2735 1319 2793 quod
1335 2736 1361 2779 a
1375 2736 1530 2778 Clodio
1540 2736 1671 2778 offen-

79 2808 152 2835 sus
161 2799 288 2843 esset,
296 2794 395 2850 quia
407 2793 649 2851 Tigranem,
658 2794 872 2838 Armeniae
881 2794 993 2852 regis
1000 2794 1151 2848 filium,
1165 2793 1398 2850 captivum,
1406 2793 1670 2836 invitoPoi'n-
