1790 3090
43 147 127 192 238
755 142 846 176 PRO
870 143 1028 177 coeuo.

119 231 172 259 ex
188 215 379 281 partibus
396 228 601 274 oppressa
615 228 735 257 mens
757 223 886 268 esset,
902 222 1139 258 extremum
1155 227 1327 257 sensum
1346 212 1402 256 ad
1422 211 1667 260 memoriam

44 273 100 315 45
119 273 245 330 Re1p.
263 274 505 316 reservabat
521 289 529 314 :
561 271 672 324 cum,
689 287 756 314 me
773 273 943 314 intuens
960 273 1147 324 flentem,
1165 272 1449 327 significabat,
1462 272 1670 330 interrup-

119 330 173 372 tis
194 338 320 386 atque
342 329 620 371 morientibus
647 329 840 380 vocibus,
862 336 1022 385 quanta
1042 328 1307 384 impenderet
1337 328 1526 383 procella
1551 328 1669 381 Urbi,

119 395 279 442 quanta
297 392 528 440 tempestas
547 385 731 426 civitati:
763 392 806 426 et
827 385 938 435 curn,
956 385 1158 440 parietem
1176 384 1290 440 saepe
1311 384 1463 425 feriens
1480 399 1578 426 euin
1598 385 1672 440 qui

120 457 218 483 cum
240 443 293 489 Q.
324 442 478 482 Catulo
511 441 649 482 fuerat
685 441 723 481 ei
757 442 1010 492 communis,
1034 439 1182 481 crebro
1203 440 1418 491 Catulum,
1451 440 1566 496 saepe
1588 456 1672 492 me,

119 496 355 554 saepissime
385 497 703 552 rempublicam,
721 498 994 547 nouiinabat3
1026 504 1074 537 ut
1094 510 1180 537 non
1200 502 1288 537 tam
1310 511 1354 537 se
1375 497 1520 546 emori,
1539 496 1673 552 quam

46 558 102 599 50
120 554 291 609 spoliari
309 568 386 595 suo
407 554 604 609 praesidio
623 553 721 594 cum
741 553 934 608 patriam,
956 559 1047 593 tum
1069 552 1198 593 etiam
1221 567 1304 600 me,
1321 553 1500 594 doleret.
1534 554 1674 601 Quem

120 610 295 666 quidem
324 610 461 651 virum
483 610 519 650 si
539 610 655 650 nulla
684 609 748 649 vis
770 609 978 664 repentini
1009 609 1178 650 sceleris
1210 608 1465 659 sustulisset,
1488 623 1676 665 quonam

119 667 249 708 modo
269 666 337 707 ille
358 665 513 707 furenti
535 665 651 706 fratri
669 680 746 706 suo
763 665 944 720 patrueli
965 664 1200 706 consularis
1217 664 1457 715 restitisset,
1474 665 1560 720 qui,
1577 679 1678 706 con-

121 723 203 773 sul,
221 721 498 777 incipientem
531 722 667 763 furere
702 728 830 776 atque
851 728 1094 771 conantem,
1118 721 1197 762 sua
1217 735 1261 761 se
1281 734 1410 761 manu
1432 720 1678 762 interfectu-

121 793 228 830 rum,
250 778 451 820 audiente
484 785 648 829 senatu,
669 776 852 818 dixerit?
913 776 979 818 Ex
1014 776 1096 818 hac
1131 777 1263 832 igitur
1293 777 1422 818 domo
1452 791 1679 832 progressa

47 841 104 881 55
122 835 207 876 ista
239 834 388 875 mulier
425 835 477 876 de
512 834 664 875 veneni
700 833 917 874 celeritate
964 833 1106 874 dicere
1145 832 1346 874 audebit?
1409 832 1508 873 Non
1537 834 1676 888 ipsam

124 891 300 932 domum
319 896 496 938 metuet,
517 904 571 930 ne
603 904 732 945 quam
763 903 913 930 vocem
937 889 1120 942 eliciat?
1152 903 1239 930 non
1260 888 1442 944 parietes
1463 888 1679 939 conscios,

123 961 211 987 non
226 952 399 986 noctem
420 946 537 986 illam
558 945 771 986 funestam
791 960 842 985 ac
861 946 1116 996 luctuosam,
1129 945 1453 1000 perhorrescet?
1513 944 1600 985 Sed
1617 958 1681 985 re-

123 1009 262 1043 vertar
282 1001 332 1042 ad
355 1001 539 1051 crimen3
571 1001 729 1041 etenim
756 1001 849 1041 haec
870 1000 983 1041 facta
1008 1001 1123 1040 illius
1144 1001 1367 1041 clarissimi
1387 1015 1438 1041 ac
1457 1000 1681 1041 fortissimi

124 1058 203 1099 viri
235 1057 395 1099 mentio
419 1065 462 1098 et
491 1071 643 1098 vocem
674 1071 811 1097 meam
844 1056 948 1096 fletu
979 1055 1233 1106 debilitavit,
1255 1061 1300 1096 et
1328 1062 1515 1096 mentem
1536 1056 1681 1097 dolore

54 1122 108 1163 60
126 1114 361 1170 impedivit.
423 1114 508 1154 Sed
528 1121 671 1154 tamen
692 1126 904 1153 venenum
924 1113 1036 1153 unde
1061 1111 1202 1162 fuerit,
1224 1111 1588 1166 quemadmodum
1606 1127 1681 1167 pa-

126 1177 265 1212 ratum
295 1169 365 1220 sit,
385 1184 472 1210 nou
493 1169 658 1210 dicitur.
719 1169 882 1209 Datum
917 1183 1010 1209 esse
1043 1167 1127 1209 hoc
1158 1167 1278 1208 aiunt
1300 1167 1349 1208 P.
1374 1167 1553 1218 Licinio,
1578 1167 1683 1223 dpu-

127 1226 248 1268 denti
269 1225 534 1267 adolescenti
556 1233 600 1266 et
618 1226 748 1276 bono,
771 1224 901 1265 Coelii
922 1223 1144 1265 familiari:
1177 1224 1460 1265 constitutum
1481 1223 1682 1277 [factum]

126 1297 223 1324 esse
241 1297 337 1324 cum
356 1282 502 1332 servis,
519 1289 566 1322 ut
580 1282 773 1323 venirent
797 1281 851 1321 ad
878 1280 1054 1321 balneas
1076 1280 1262 1321 Xenias:
1296 1280 1449 1321 eodem
1473 1279 1685 1320 Licinium

128 1354 223 1381 esse
252 1345 490 1389 venturum,
509 1346 638 1394 atque
671 1338 722 1378 iis
752 1337 905 1378 veneni
940 1337 1143 1392 pyxidem
1175 1336 1441 1377 traditurum.
1501 1335 1584 1377 Hic
1604 1336 1685 1392 pri-

56 1401 109 1443 65
129 1395 245 1436 mum
266 1395 371 1435 illud
390 1394 573 1450 requiro,
594 1394 698 1450 quid
728 1392 948 1435 attinuerit
968 1393 1072 1434 illud
1094 1392 1191 1433 ferri
1212 1393 1255 1432 in
1277 1407 1373 1434 eum
1394 1393 1538 1433 locum
1563 1391 1685 1445 [con-

128 1451 368 1505 stitutum'?]
389 1465 464 1492 cur
476 1451 539 1490 illi
562 1450 669 1491 servi
682 1465 769 1491 non
791 1450 844 1490 ad
863 1449 1048 1490 Coelium
1063 1450 1238 1489 domum
1254 1448 1473 1489 venerint?
1506 1448 1552 1488 Si
1573 1454 1686 1488 ema-

127 1509 259 1551 nebat
279 1514 399 1548 tanta
418 1507 490 1547 illa
508 1507 774 1547 consuetudo
798 1505 927 1545 Coelii
950 1520 1047 1545 cum
1079 1504 1231 1545 Clodia
1247 1511 1451 1559 tantaque
1473 1503 1686 1544 familiari—

128 1571 213 1614 tas,
227 1564 331 1619 quid
345 1562 599 1618 suspicionis
617 1568 746 1613 esset,
756 1562 792 1603 si
806 1562 919 1617 apud
933 1560 1119 1601 Coelium
1134 1560 1321 1613 mulieris
1336 1574 1481 1601 servus
1491 1559 1607 1604 visus
1621 1574 1687 1601 es-

129 1621 220 1661 set?
253 1619 328 1660 Sin
341 1620 581 1674 autemjam
595 1619 766 1660 suberat
779 1618 985 1666 simultas,
999 1617 1213 1658 exstincta
1226 1623 1316 1657 erat
1328 1616 1608 1666 consuetudo,
1625 1616 1687 1656 di-

57 1684 112 1724 70
131 1676 312 1718 scidium
327 1675 568 1727 exstiterat3
591 1675 692 1716 hinc
705 1675 789 1715 illae
801 1675 998 1729 lacrymae
1011 1672 1223 1724 nimirum,
1234 1679 1277 1713 et
1287 1673 1382 1713 haec
1394 1679 1600 1713 causaest
1611 1672 1687 1713 ho·-

129 1747 222 1774 rum
242 1732 431 1772 omnium
451 1733 660 1773 scelerum
680 1738 809 1786 atque
843 1730 1079 1771 criminum.
1140 1728 1289 1776 Immo,
1307 1728 1460 1783 inquit,
1485 1728 1580 1769 cum
1602 1743 1687 1769 ser-

128 1789 171 1829 vi
193 1789 247 1829 ad
261 1788 478 1828 dominam
499 1803 587 1828 rem
603 1788 729 1828 istam
745 1793 787 1827 et
805 1786 1073 1827 maleficium.
1107 1784 1236 1826 Coelii
1251 1785 1516 1834 detulissent,
1535 1784 1687 1825 mulier

128 1843 354 1899 ingeniosa
374 1844 576 1899 praecepit
592 1844 694 1894 suis,
711 1849 759 1883 ut
775 1843 916 1883 onmia
932 1842 1069 1883 Coelio
1086 1842 1389 1897 pollicerentur
1406 1856 1416 1891 3
1449 1840 1539 1891 sed,
1553 1847 1601 1880 ut
1617 1855 1687 1881 ve-

356 1899 369 1913 X
444 1898 459 1913 X

128 1915 302 1952 nenum,
324 1915 421 1942 cum
441 1915 466 1941 a
487 1900 651 1942 Licinio
673 1900 923 1950 traderetur,
942 1897 1169 1940 manifesto
1197 1897 1502 1954 comprehendi
1524 1902 1685 1953 posset,

471 2029 487 2054 d
502 2032 747 2072 verecundo.

172 2202 224 2231 52.
250 2199 352 2230 Fratri
375 2210 424 2230 suo
449 2200 604 2241 patrueli]
659 2198 819 2240 Significat
844 2200 885 2236 Q.

130 2242 290 2273 Caeciliurn
312 2243 477 2274 Metellum
502 2243 661 2284 Nepotem
685 2243 887 2275 consularem.

130 2285 213 2315 Nam
239 2286 264 2315 is
290 2286 395 2316 consul
425 2296 493 2316 curn
521 2286 558 2315 P.
582 2285 727 2316 Cornelio
754 2285 888 2315 Lentulo

129 2329 188 2358 fuit
202 2338 282 2358 anno
302 2329 384 2358 urbis
400 2328 605 2359 DCXCVII.
649 2328 803 2357 Patrueles
813 2328 889 2369 fra-

130 2376 187 2400 tres
202 2372 243 2400 vel
258 2381 361 2400 sorores
383 2377 464 2408 sunt,
479 2371 522 2401 ait
545 2370 650 2406 Caius,
665 2372 725 2410 qui,
737 2380 842 2410 quaeve,
856 2381 888 2400 ex

129 2413 238 2443 duobus
247 2413 396 2454 frutribus
407 2419 649 2454 progenerantur.

173 2458 247 2491 60..
271 2455 352 2484 Unde
365 2455 492 2496 fuerin]
542 2456 636 2486 Unde
662 2455 702 2485 sit
730 2460 886 2496 sumptum

128 2497 205 2527 illud
222 2508 387 2535 venenum,
405 2498 466 2527 dici
479 2509 541 2528 non
554 2503 666 2538 potest.

173 2543 227 2570 62.
261 2540 456 2570 constitutum
482 2551 545 2570 cum
570 2540 682 2580 servis]
743 2540 883 2571 Verbum

128 2582 211 2612 istud
239 2585 426 2614 constitutum
451 2588 498 2612 est
521 2583 647 2613 verbum
671 2583 759 2621 juris,
773 2582 843 2613 cuin
857 2588 889 2613 et

129 2626 197 2655 dies
213 2631 246 2655 et
267 2625 351 2655 locus
367 2626 446 2655 inter
460 2626 610 2666 quosdam
626 2626 814 2666 praestitutus
831 2631 888 2663 est,

128 2667 161 2697 in
178 2677 270 2707 quem
287 2668 487 2698 conveniant.

172 2709 223 2740 63.
251 2710 375 2741 Balneas
391 2710 528 2751 Xenias]
573 2710 701 2741 Balneae
714 2711 825 2741 Xeniae
841 2721 890 2741 so-

128 2751 165 2783 lis
183 2753 351 2794 peregrinis
364 2754 623 2786 concedebantur.
648 2754 758 2786 Xeniae
774 2759 889 2792 autem,

1212 2033 1226 2051 θ
1241 2032 1345 2069 erat.

932 2198 1019 2241 quasi
1034 2197 1216 2239 hospitales,
1228 2197 1321 2228 dictae
1333 2200 1413 2227 sunt.

975 2245 1027 2272 64.
1050 2241 1220 2282 Pyxidem]
1267 2240 1362 2281 Pyxis
1393 2237 1551 2269 vasculum
1574 2243 1632 2274 est,
1655 2238 1688 2268 in

933 2295 994 2325 quo
1011 2289 1179 2323 unguenta,
1196 2290 1227 2313 et
1247 2293 1294 2313 res
1311 2282 1473 2322 ejusmodi,
1489 2283 1691 2311 asservaban-

931 2333 993 2363 tur,
1021 2328 1077 2357 ἀπὸ
1095 2329 1147 2361 τῆς
1162 2327 1257 2366 πύξου,
1282 2327 1340 2355 hoc
1365 2330 1423 2362 est,
1440 2325 1523 2359 busto,
1537 2324 1579 2354 sic
1594 2325 1688 2359 dicta,

930 2369 1013 2409 quud
1038 2368 1170 2409 primum
1195 2379 1233 2399 ex
1255 2367 1310 2398 illa
1334 2367 1440 2398 arbore
1465 2366 1599 2408 pyxides
1614 2376 1689 2396 con-

930 2412 1022 2441 sectae
1039 2412 1107 2441 sint.

973 2456 1027 2485 70.
1053 2454 1133 2484 Hinc
1148 2454 1204 2483 illa:
1220 2452 1379 2493 lacrymas]
1426 2451 1559 2482 Causam
1576 2449 1687 2490 aperit,

930 2497 1014 2525 unde
1031 2496 1074 2526 ita
1090 2497 1235 2526 exarserit
1249 2496 1280 2526 in
1295 2494 1426 2526 Coelium
1444 2493 1568 2528 Clodia,
1583 2498 1620 2522 ut
1634 2493 1691 2522 ad-

930 2539 1051 2568 ducerit
1076 2548 1148 2568 eum
1172 2539 1205 2568 in
1231 2537 1438 2578 suspicionem
1465 2536 1588 2572 veneni,
1605 2534 1690 2576 quod

932 2580 1044 2621 nempe
1061 2581 1099 2610 ab
1111 2580 1164 2610 illa
1180 2585 1358 2611 recesserat.

974 2625 992 2651 '7
997 2626 1027 2654 3.
1054 2623 1159 2653 Omnia
1186 2623 1272 2653 Cu‘lio
1298 2621 1533 2661 pollicerentur]
1579 2619 1691 2651 Voluit

933 2666 1058 2702 Clodia,
1074 2671 1107 2696 ut
1133 2666 1212 2696 servi
1232 2665 1450 2706 pollicerentur
1476 2663 1578 2694 Coelio
1602 2673 1689 2692 suam

933 2719 1058 2749 operam
1079 2709 1120 2740 ad
1143 2707 1300 2741 dominam
1315 2717 1401 2740 suam
1415 2706 1559 2739 Clodiam
1574 2705 1690 2738 interfi-

934 2752 1088 2785 ciendam.
