1838 3017
686 169 946 204 PHILIPPICA
970 170 1019 203 11.
1611 170 1691 218 461
1710 180 1713 183 ’

74 239 294 296 intelligis,
335 239 392 292 ei,
432 241 503 297 qui
545 247 630 283 isto
669 242 800 284 modo
835 242 1000 298 judicia
1031 254 1116 283 non
1145 241 1310 291 timeat,
1339 241 1443 298 quid
1474 243 1623 286 timen-

73 296 176 338 dum
207 298 292 339 sit?
351 297 477 345 Quod
509 299 544 339 si
576 313 661 339 non
691 299 846 341 metuis
867 300 979 341 viros
1006 299 1152 351 sortes,
1183 299 1462 356 egregiosque
1494 300 1624 351 cives,
1642 298 1700 340 40

78 353 193 409 quod
223 354 249 395 ἰι
279 368 453 410 corpore
494 362 569 397 tuo
602 356 881 413 prohibentur
917 356 1069 408 armis3
1126 356 1188 397 tui
1231 364 1273 398 te
1319 356 1440 411 (mihi
1482 357 1627 407 crede)

79 410 238 452 diutius
259 426 344 453 non
365 411 512 454 ferent.
573 411 681 460 Quae
710 420 777 454 est
806 412 949 454 autem
980 413 1080 463 vita,
1113 414 1205 454 dies
1237 419 1280 455 et
1309 419 1459 455 noctes
1481 414 1629 455 timere

82 465 107 507 ὲ
152 467 268 509 suis?
312 467 396 509 nisi
425 469 526 510 vero
560 469 794 525 majoribus
824 470 957 511 habes
987 470 1209 511 beneficiis
1241 469 1471 526 obligatos,
1533 468 1632 511 uam

78 522 149 565 ille
178 524 389 580 quosdam
419 525 571 567 habuit
601 541 653 568 ex
683 526 751 576 iis,
775 529 800 567 a
819 527 977 583 quibus
1008 533 1075 568 est
1104 526 1368 568 interfectus.
1427 523 1498 568 Ah
1518 534 1564 568 tu
1585 540 1632 567 es

78 580 170 621 ulla
199 595 242 623 re
273 596 370 622 curn
401 597 452 623 eo
483 584 824 639 comparandus?
884 582 982 624 Fuit
1026 583 1070 623 in
1114 583 1188 624 illo
1231 583 1467 638 ingenium,
1509 583 1632 635 ratio,
1650 583 1708 624 45

80 638 300 689 memoria,
339 638 487 691 literae,
526 655 639 687 cura,
688 639 907 696 cogitatio,
957 638 1206 695 diligentia:
1256 653 1323 680 res
1372 640 1484 680 bello
1539 654 1636 694 ges-

81 702 210 747 serat,
239 697 432 752 quamvis
463 696 710 753 reipublicae
741 696 1025 746 calamitosas,
1061 702 1252 736 attamen
1282 709 1486 751 magnas:
1528 696 1638 737 mul-

83 756 152 792 tos
192 766 327 793 annos
360 767 537 808 regnare
576 752 824 802 meditatus,
870 765 1026 807 magno
1067 751 1228 803 labore,
1264 751 1432 808 magnis
1470 751 1639 808 pericu-

84 807 153 858 lis,
213 809 331 864 quod
395 809 623 865 cogitarat,
693 807 916 849 effecerat:
989 808 1253 859 muneribus,
1291 854 1294 858 .
1325 808 1390 849 bm
1422 808 1638 860 nimentis„

3 863 72 924 st·
87 864 331 927 congiariis,
381 865 532 921 epulis,
580 864 895 905 multitudinem
932 864 1172 920 imperitam
1217 865 1357 918 deleni
1407 857 1638 907 cst‘i‘ss's'ffos
1657 869 1714 911 50

0 925 3 941 l

87 934 288 976 praemns,
337 921 600 963 adversarios
648 921 909 962 cclementiae
959 921 1118 977 specie,
1175 921 1437 964 devinxerat.
1524 922 1641 971 Quid

87 976 249 1018 multa?
297 978 495 1019 attulerat
523 979 616 1034 jam
644 978 790 1019 liberae
822 978 1000 1028 civitati,
1030 977 1185 1033 partim
1215 984 1346 1030 metu,
1383 978 1538 1035 partim
1568 993 1643 1036 pa-

88 1032 254 1085 tienti-21,
285 1035 643 1090 con-suetudinem
673 1034 900 1076 serviendi.
960 1033 1072 1075 Cum
1101 1034 1172 1075 illo
1205 1049 1286 1091 ego
1317 1042 1359 1076 te
1393 1024 1701 1097 dominandiX
1726 1023 1769 1091 L,
1789 1017 1838 1089 γ

90 1090 325 1146 cupiditate
356 1081 547 1132 cssiiffir‘re
578 1106 778 1148 possum:
811 1090 976 1132 caeteris
1005 1089 1103 1132 vero
1133 1092 1260 1132 rebus
1289 1092 1407 1133 nullo
1437 1092 1565 1134 modo
1597 1107 1643 1133 es

91 1147 418 1203 comparandus.
492 1147 594 1199 Sed,
626 1163 678 1189 ex
708 1147 901 1204 plurimis
933 1147 1057 1188 malis
1089 1163 1183 1203 quae
1213 1148 1267 1189 ab
1298 1148 1371 1191 illo
1401 1148 1643 1205 reipublicae
1661 1155 1717 1196 55

92 1211 193 1243 sunt
221 1203 402 1259 ‘'inusta,
444 1204 529 1246 hoc
570 1213 713 1245 tamen
742 1204 844 1246 boni
875 1210 954 1255 est,
995 1205 1110 1260 quod
1152 1204 1303 1246 didicit
1337 1206 1428 1261 jam
1459 1206 1645 1261 populus
1669 1211 1770 1257 &vnn
1804 1237 1835 1260 s,

90 1258 327 1309 Romanus,
359 1268 564 1317 quantum
595 1260 750 1316 cuique
781 1261 987 1311 crederet,
1018 1260 1171 1316 quibus
1203 1275 1249 1302 se
1280 1261 1579 1314 committeret,
1620 1277 1647 1304 a
1788 1260 1805 1279 s

92 1316 248 1372 quibus
280 1324 462 1359 caveret.
522 1317 630 1359 Haec
659 1317 790 1374 igitur
819 1331 906 1358 non
937 1316 1132 1373 cogitas?
1173 1332 1255 1359 nec
1284 1317 1502 1374 intelligis,
1539 1319 1646 1360 satis

94 1386 189 1414 esse
208 1372 309 1414 viris
329 1373 509 1415 fortibus
531 1373 750 1424 didicisse,
773 1388 902 1430 quam
921 1373 979 1415 sit
997 1388 1040 1414 re
1059 1373 1299 1429 pulchrum,
1319 1375 1531 1416 beneficio
1553 1390 1649 1431 gra·

94 1434 200 1480 tum,
221 1428 338 1471 fama
359 1431 606 1486 gloriosum,
633 1436 861 1487 tyrannum
892 1429 1087 1471 occidere
1099 1430 1116 1470 ’ζ’
1175 1431 1261 1481 An,
1294 1430 1392 1472 cum
1418 1431 1539 1473 illum
1567 1433 1646 1473 ho·
1664 1439 1720 1481 60

91 1485 230 1527 mines
249 1500 338 1527 non
357 1488 546 1539 tulerint,
567 1494 610 1529 te
630 1486 789 1529 ferent?
850 1486 1057 1541 Certatim
1076 1486 1258 1543 posthac
1279 1487 1401 1543 (mihi
1422 1488 1567 1541 crede)
1590 1489 1647 1531 ad
1669 1494 1747 1525 *ΛΗ
1762 1492 1769 1504 ⁴
1785 1500 1818 1535 Ψ

91 1541 178 1584 hoc
193 1557 300 1599 opus
317 1550 531 1595 curretur3
552 1558 634 1585 nec
646 1542 887 1585 occasionis
900 1541 1077 1584 tarditas
1091 1544 1424 1599 exspectabitur.
1443 1545 1647 1602 Respice,
1698 1549 1711 1568 ‘⁴
1786 1543 1793 1557 s

94 1613 258 1654 quaeso,
288 1600 519 1656 aliquando
550 1600 872 1656 rempublicam,
915 1599 978 1641 M.
1001 1599 1188 1641 Antoni:
1236 1600 1394 1656 quibus
1425 1608 1543 1643 ortus
1573 1602 1649 1652 sis,

92 1669 181 1696 non
211 1655 469 1712 quibuscum
493 1656 625 1709 vivas,
657 1656 901 1698 considera:
933 1670 1117 1708 mecum,
1146 1663 1195 1698 ut
1223 1657 1342 1699 voles
1353 1673 1365 1709 ;
1399 1672 1498 1700 cum
1526 1673 1649 1715 repu-

92 1711 209 1753 blica
241 1727 271 1753 ·e
307 1712 320 1753 i
340 1713 385 1754 in
406 1713 597 1770 gratiam.
650 1712 737 1754 Sed
757 1713 810 1754 de
831 1720 873 1754 te
894 1719 942 1754 tu
963 1712 1055 1768 ipse
1075 1712 1254 1754 videris:
1287 1728 1369 1769 ego
1391 1714 1445 1756 de
1465 1729 1534 1756 me
1553 1715 1647 1772 ipso
1667 1723 1722 1766 65

93 1768 222 1824 profit
278 1766 363 1811 613ί
375 1769 548 1812 defendi
569 1769 875 1825 rempublicam
894 1769 1163 1822 adolescens,
1180 1784 1267 1811 non
1288 1770 1481 1812 deseram
1496 1786 1649 1814 senex:

95 1825 335 1882 contempsi
361 1826 559 1868 Catilinae
580 1826 776 1884 'gladios3
809 1840 897 1868 non
918 1825 1219 1882 pertimescam
1237 1833 1355 1868 tuos:
1387 1828 1492 1883 quin
1521 1829 1651 1871 etiam

99 1895 255 1938 corpus
274 1883 456 1925 libenter
475 1880 718 1934 obtulerim,
738 1883 775 1924 si
795 1882 1111 1940 erepraesentari
1131 1890 1266 1925 morte
1286 1885 1381 1925 mea
1399 1885 1573 1927 libertas
1592 1885 1652 1927 ci-
1668 1921 1679 1950 s

97 1937 245 1979 vitatis
258 1945 419 1995 potest3
449 1946 498 1981 ut
513 1939 744 1996 aliquando
761 1939 882 1981 dolor
895 1939 1042 1996 populi
1057 1938 1242 1981 Romani
1259 1941 1395 1996 pariat
1409 1941 1525 1997 quod
1538 1943 1684 1998 jam-252
1788 1956 1804 1983 51
1824 1954 1836 1989 ,ζ

99 1993 172 2036 dii]
199 1995 394 2051 parturit.
449 1995 624 2038 Etenim
653 1995 705 2049 si,
735 1996 893 2039 abhinc
923 2010 1058 2038 annos
1087 1996 1221 2053 prope
1247 1992 1416 2054 viginti,
1445 1999 1526 2041 hoc
1554 1995 1651 2056 ipsd
1671 2009 1728 2053 70

1376 2167 1383 2183 l

1366 2176 1374 2189 κ
1402 2178 1450 2194 Ν»,
1482 2163 1547 2194 5-521(

215 2194 446 2254 baedvjiciis.
563 2193 805 2242 caementi&
817 2198 942 2254 ficta.
1063 2195 1226 2241 dillata.
1331 2175 1539 2256 ffatim.

147 2426 202 2457 41.
226 2423 283 2456 Tui
303 2424 356 2467 te.]
401 2424 469 2463 Ait,
483 2423 579 2467 quod,
593 2423 857 2467 quemadmodum
943 2426 998 2458 50.
1021 2425 1212 2470 congiariis.'1
1245 2426 1444 2470 Congiarium
1463 2437 1573 2461 munus
1593 2426 1654 2470 sig-

107 2468 147 2499 ab
170 2469 347 2499 horninibus
371 2469 477 2500 amicis
499 2474 530 2499 et
553 2469 752 2500 familiaribus
774 2469 857 2500 occi·
901 2469 1018 2506 nificat,
1035 2471 1118 2510 quod
1135 2472 1173 2501 ab
1189 2472 1373 2512 imperatore
1389 2473 1530 2503 dabatur.

106 2521 158 2541 sus
173 2517 220 2542 est
235 2511 351 2549 Caesar,
363 2512 406 2543 ita
435 2512 454 2542 ὁ,
476 2513 536 2543 suis
552 2512 591 2543 sit
603 2511 759 2543 Antonius
777 2512 859 2543 occi·
947 2515 1000 2544 63.
1024 2513 1135 2548 Quibus
1149 2520 1227 2545 artus
1240 2514 1302 2555 sia]
1347 2515 1467 2545 Habuit
1487 2516 1519 2546 in
1534 2515 1653 2545 familia

107 2553 239 2586 dendus.
902 2555 952 2586 M.
967 2555 1121 2587 Antonius
1143 2557 1229 2588 illum
1246 2557 1296 2589 M.
1314 2557 1485 2588 Antonium
1502 2562 1651 2588 oratorem

153 2598 206 2627 44.
245 2599 390 2634 Quosdam
418 2597 548 2638 habuit]
592 2597 695 2629 Caesar
720 2597 858 2638 pluribus
900 2598 1143 2636 celeberrimum,
1163 2600 1218 2640 qui
1241 2600 1432 2631 consulatum
1455 2601 1550 2641 gessit
1570 2611 1651 2631 anno

109 2639 276 2672 beneficiis·
288 2642 401 2673 multos
423 2652 461 2672 ex
475 2642 537 2671 suis
552 2641 797 2672 interfectoribus
813 2640 859 2670 af·
903 2641 995 2671 Urbis
1018 2643 1092 2678 654,
1119 2648 1151 2673 et
1174 2643 1283 2674 Caium
1298 2642 1482 2682 Antonium,
1505 2643 1560 2684 qui
1581 2653 1652 2674 cum

108 2682 236 2719 fecerat,
255 2684 409 2726 praecipue
425 2684 589 2715 Decimum
606 2683 749 2723 Brutum,
765 2693 860 2723 quem
904 2683 1055 2714 Cicerone
1069 2686 1175 2716 consul
1190 2686 1258 2715 suit.

109 2724 142 2754 in
159 2727 303 2757 secundis
318 2727 490 2758 haeredibus
506 2728 728 2758 nominaverat.
773 2725 861 2756 Mar·
946 2727 998 2757 69.
1021 2726 1140 2765 Par-iat,
1155 2729 1229 2768 quod
1239 2728 1361 2766 jamdiu
1381 2728 1544 2770 parturit]
1589 2727 1651 2759 Pa-

107 2777 164 2798 cus
192 2767 264 2801 vero
287 2769 402 2803 Brutus
422 2769 505 2803 filius
532 2769 600 2812 ejus
627 2769 765 2803 creditus
791 2769 863 2802 fue·
903 2778 970 2800 rere
984 2769 1097 2801 dicitur
1110 2781 1181 2812 quae
1196 2770 1293 2800 fetum
1306 2770 1338 2800 in
1353 2769 1454 2801 lucem
1470 2771 1556 2814 edit3
1577 2780 1653 2813 pat-¹

110 2816 169 2843 rat.
348 2809 353 2815 '
904 2811 996 2846 turixe
1009 2811 1095 2853 vero,
1109 2823 1179 2857 quae
1193 2822 1301 2855 parere
1315 2812 1488 2858 desiderat.
