1858 3095
706 170 796 205 PRO
821 170 1014 204 MILONE.

77 251 141 299 ut,
162 247 290 290 etiam
311 246 348 290 si
378 247 422 290 id
450 246 560 290 Milo
582 247 772 299 fecisset,
793 255 949 291 cuncta
977 248 1126 290 civitas
1149 263 1242 290 eam
1269 248 1440 289 laudem
1461 261 1537 303 pro
1558 247 1637 288 sust

75 303 341 347 vindicaret?
372 306 516 361 Atque
531 313 620 346 erat
639 305 681 347 id
702 305 904 361 temporis
923 306 1185 347 clarissimus
1204 313 1245 347 et
1262 305 1519 346 fortissimus
1537 319 1637 346 con-

77 361 159 412 sul,
193 361 390 404 inimicus
421 362 590 409 Clodio,
626 362 675 403 P.
709 362 925 412 Lentulus,
950 363 1060 403 ultor
1092 363 1263 404 sceleris
1302 362 1428 412 illius,
1450 376 1638 417 propug-
1655 360 1710 400 35

76 425 200 459 nator
219 419 409 466 senatus,
430 419 630 460 defensor
650 427 799 460 vestrm
821 419 1070 470 voluntatis,
1093 428 1296 475 patronus
1329 418 1442 459 illius
1474 417 1634 473 publici

76 475 329 525 consensus,
351 475 570 517 restitutor
587 476 736 516 salutis
754 491 884 525 meae3
917 485 1080 531 septem
1099 484 1325 532 praetores;
1358 483 1457 516 octo
1477 473 1635 514 tribuni

75 531 229 586 plebis,
248 531 361 572 illius
383 532 624 583 adversarii,
646 533 892 574 defensores
914 533 1019 581 mei3
1053 533 1134 573 Cn.
1157 531 1406 587 Pompeius,
1426 538 1574 571 auctor
1594 537 1638 570 et

76 587 164 628 dux
195 587 278 628 mei
311 588 488 639 reditus,
511 589 623 630 illius
656 589 815 637 ltostis3
849 590 970 644 cujus
1003 588 1261 629 sententiam
1290 594 1465 628 senatus
1498 587 1636 627 omnis

76 643 130 684 de
151 644 287 686 salute
307 645 403 686 meu
426 646 719 695 ‘gravissimam
741 653 784 687 et
805 645 1118 686 ornatissimam
1139 651 1313 685 secutus
1336 652 1425 694 cst3
1457 643 1528 698 qui
1562 659 1639 698 po·
1656 642 1712 682 40

74 700 224 755 pulum
263 693 506 743 Romanum
548 703 796 744 cohortatus
839 709 928 751 est;
967 701 1054 757 qui,
1087 701 1184 741 cum
1220 701 1272 741 de
1307 715 1374 741 me
1416 701 1639 740 decretum

77 755 236 813 Capuae
255 758 443 808 fecisset,
467 759 558 814 ipse
580 766 746 800 cunctae
770 758 922 808 Italiae,
945 757 1136 813 cupienti
1158 765 1200 798 et
1222 758 1313 812 ejus
1335 757 1463 797 fidem
1487 756 1639 812 implo-

75 815 199 865 ranti,
220 814 391 871 signum
421 815 554 866 dedit,
576 822 636 865 ut,
659 815 713 855 ad
744 829 812 855 me
844 814 1169 861 restituendum,
1201 813 1384 854 Romam
1413 827 1639 854 concurre-

75 877 193 911 rent:
225 871 369 911 omnia
389 878 479 912 tum
501 871 687 927 denique
719 871 760 912 in
793 871 910 911 illum
933 871 1032 911 odia
1053 871 1210 911 civium
1242 871 1448 911 ardebant
1470 869 1638 910 deside·

74 925 136 966 rio
153 926 264 978 mei;
297 942 425 983 quern
457 928 529 984 qui
570 935 662 969 turn
698 927 1001 978 interemisset,
1035 942 1120 968 non
1156 927 1208 967 de
1246 927 1497 982 impunitate
1531 928 1642 981 ejus,
1657 924 1712 965 45

77 983 154 1024 sed
176 983 228 1024 de
249 983 451 1039 praemiis,
473 984 746 1041 cogitaretur.
782 985 940 1025 Tamen
963 1000 1008 1025 se
1032 984 1142 1024 Milo
1165 984 1390 1034 continuit,
1407 991 1450 1024 et
1471 983 1520 1024 P.
1539 983 1641 1024 Clo·
1701 983 1704 985 ’

76 1038 197 1081 dium
228 1040 283 1080 ad
307 1040 522 1097 judicium
554 1041 636 1092 bis,
659 1041 714 1082 acl
737 1041 845 1082 0vim
877 1055 1111 1097 nunquam,
1133 1040 1318 1082 vocavit.

1379 1040 1495 1087 Quid
1510 1040 1524 1079 ἶ
1555 1040 1640 1095 pri-

76 1103 177 1138 vato
211 1095 392 1148 Milone,
414 1104 457 1139 et
486 1112 558 1139 reo
581 1097 652 1139 sad
680 1098 901 1154 populum,
933 1104 1164 1139 accusante
1197 1097 1248 1138 P.
1272 1096 1440 1147 Clodio,
1464 1095 1561 1137 cum
1595 1096 1639 1137 in

77 1152 159 1194 Cn.
172 1152 429 1209 Pompeium
451 1169 527 1209 pro
543 1154 707 1195 Milone
723 1155 937 1196 dicentem
953 1155 1138 1210 impetus
1158 1154 1295 1194 factus
1314 1161 1405 1205 est3
1437 1168 1532 1210 quae
1549 1160 1638 1194 tum

75 1223 163 1251 non
181 1210 310 1251 modo
326 1211 513 1261 occasio,
530 1211 606 1252 sed
623 1211 751 1252 etiam
765 1226 908 1259 causa,
923 1211 1035 1252 illius
1053 1210 1321 1266 opprimendi
1339 1211 1440 1251 fuit!
1493 1209 1640 1266 Nuper
1658 1208 1714 1248 50

76 1265 191 1318 vero,
207 1266 305 1308 cum
326 1267 392 1308 M.
407 1267 622 1309 Antonius
635 1282 842 1308 sammam
859 1282 980 1323 spem
999 1268 1149 1308 salutis
1169 1267 1292 1307 bonis
1310 1267 1508 1307 omnibus
1525 1275 1641 1308 attu-

75 1322 211 1372 Esset,

290 1322 594 1381 vissimamque
607 1324 860 1366 adolescens
875 1324 1170 1365 nobilissimus
1183 1323 1368 1380 Reipub.
1382 1330 1544 1379 partem
1559 1324 1642 1364 for-

76 1378 243 1421 tissime
260 1380 536 1440 suscepisset,
553 1387 683 1437 atque
699 1381 814 1422 illam
835 1381 1038 1432 belluam,
1054 1379 1210 1436 judicii
1230 1381 1408 1439 laqueos
1423 1380 1642 1421 declinan-

506 1545 662 1581 earmar.

122 1696 177 1730 33.
199 1695 274 1727 Eam
286 1695 431 1737 laudem]
460 1695 614 1737 Intelligit
628 1706 698 1727 earn
715 1696 841 1727 laudern

80 1751 174 1782 quam
189 1740 247 1770 sibi
264 1739 345 1770 Milo
363 1740 487 1781 peperit
501 1740 541 1770 ob
557 1740 754 1770 interfectum
768 1740 840 1771 Clo-

80 1783 184 1815 (tium.

99 1828 178 1899 ¹¹:34.
203 1825 387 1857 Fortissimus
399 1826 529 1867 consul]
576 1826 728 1858 Lentulus
747 1826 842 1868 Spin-

85 1873 97 1899 t
123 1879 166 1900 er.

125 1914 179 1943 37.
201 1911 311 1951 Septem
325 1913 484 1954 pretores]
532 1912 650 1944 Omnes
669 1912 714 1942 illi
728 1917 843 1953 praeto·

83 1965 132 1986 res
146 1953 295 1985 volebant
309 1955 492 1987 Ciceronem
509 1955 659 1986 revocari.

126 1999 181 2029 38.
215 1996 270 2026 Cn.
296 1997 463 2038 Pompeius,
478 1999 607 2039 auctor-J
662 1997 842 2038 Pompeius,

84 2051 155 2072 cum
171 2039 220 2072 M.
237 2039 349 2070 Crasso
364 2048 396 2072 et
412 2041 431 2072 J
436 2042 498 2072 ulio
514 2041 650 2077 Caesare,
667 2042 770 2082 gloriae
789 2041 843 2071 Ci-

84 2083 207 2114 ceronis
227 2082 401 2119 invidebat,
415 2085 490 2125 quia
514 2084 632 2114 summit
657 2083 842 2114 auctoritate

86 2127 172 2168 apud
188 2136 295 2156 omnes
310 2126 436 2157 valebat
456 2127 496 2157 ob
512 2126 679 2157 extinctam
700 2125 843 2156 Catilinae

85 2168 344 2209 conjurationem.
390 2168 463 2206 Qua
486 2170 526 2199 de
549 2168 643 2199 causa
668 2179 776 2210 passus
797 2173 846 2198 est

87 2211 257 2253 Pompeius
268 2212 343 2242 utin
354 2212 493 2242 exsilium
506 2212 525 2242 a
539 2212 652 2243 Clodio
666 2211 844 2252 pelleretur,

87 2255 139 2286 cui
154 2255 302 2285 obsistere
311 2255 402 2286 facile
416 2254 566 2296 Pompeio
577 2255 695 2284 suisset.
714 2253 844 2290 Verum,

88 2297 159 2328 cum
174 2297 328 2328 intellexit
344 2297 525 2338 Pompeius,
541 2297 611 2328 hinc
636 2297 694 2327 sibi
715 2307 845 2327 succen-

87 2351 155 2372 sere
164 2345 322 2372 senatores
334 2346 366 2371 et
377 2341 499 2382 equites
510 2342 677 2376 universos,
685 2339 767 2380 quod
782 2350 845 2370 non

89 2394 183 2425 opem
203 2384 333 2419 homini,
355 2389 388 2415 et
410 2385 450 2414 de
467 2394 512 2420 se,
528 2389 560 2413 et
582 2384 622 2413 de
636 2383 701 2413 tota
716 2382 845 2423 Repub.

88 2425 170 2458 bene
184 2427 305 2463 nterim,
317 2426 491 2463 tulisset,et
506 2427 589 2456 idem
603 2425 660 2456 sibi
677 2425 846 2464 periculum

92 2468 111 2499 ὲ
126 2469 240 2501 Clodio
263 2469 456 2511 impendere,
477 2469 595 2510 primus
611 2468 758 2504 omnium,
776 2468 849 2499 licet

93 2511 199 2543 Clodii
220 2513 289 2554 lege
309 2519 434 2544 cautum
460 2518 553 2547 esset,
573 2522 612 2542 ne
633 2512 704 2552 quis
727 2517 849 2552 praetor,

96 2555 248 2590 tribunus,
268 2561 322 2586 aut
343 2555 421 2586 alius
441 2555 609 2596 quispiam,
629 2557 670 2585 de
689 2554 849 2585 Ciceronis

95 2597 200 2628 reditu
211 2598 396 2629 mentionem
407 2598 535 2636 faceret,
543 2597 647 2628 retulit
656 2597 696 2628 ad
709 2604 850 2628 senatum

97 2640 138 2670 de
155 2639 306 2671 Cicerone
327 2642 516 2677 revocando,
531 2639 620 2682 cujus
642 2640 750 2671 laudes
772 2640 854 2671 miri-

98 2681 157 2712 fiee
174 2683 365 2722 pra-dicavit.

143 2727 198 2755 41.
221 2724 404 2766 Decretum]
433 2725 579 2767 Capuani
593 2726 752 2758 decretum
768 2726 852 2757 sece-

101 2772 186 2806 rnnt,
201 2773 235 2797 ut
249 2767 360 2800 Cicero
375 2770 598 2801 restitueretur.
642 2769 689 2800 Ex
711 2769 777 2801 tota
791 2768 858 2799 Ita-

1068 1536 1214 1593 sapml.

885 1695 1049 1738 imperavit
1072 1697 1176 1727 venire
1201 1696 1348 1734 Romam,
1373 1697 1469 1738 idque
1491 1697 1510 1727 ῑι
1535 1701 1644 1728 senatu

886 1746 1004 1781 petere.

928 1783 982 1814 43.
1005 1783 1128 1824 Signum
1143 1783 1253 1823 dedit]
1281 1783 1418 1814 Verbum
1436 1783 1586 1813 militare:
1610 1782 1644 1813 id

885 1830 943 1862 est,
954 1828 1131 1856 cohortatus
1145 1833 1202 1862 est,
1214 1827 1478 1867 quemadmodum
1492 1827 1579 1856 miles
1591 1826 1646 1856 <lut

888 1875 1046 1904 tesseram,
1062 1870 1188 1910 quaudo
1204 1870 1373 1900 ineundum
1390 1876 1438 1900 est
1453 1876 1622 1900 certamen.

929 1914 982 1944 47.
1006 1912 1127 1943 Privato
1144 1912 1282 1953 Milone]
1323 1913 1386 1949 Qui
1404 1913 1528 1943 functus
1544 1912 1646 1941 fuerat

887 1956 1080 1996 magistratu,
1097 1957 1232 1996 privatus
1255 1957 1436 1993 dicebatur,·
1459 1966 1551 1997 quem
1569 1956 1644 1985 dum

887 2004 1019 2039 gereret,
1035 2009 1179 2029 accusare
1194 2009 1287 2028 nemo
1305 2004 1436 2039 poterat.

928 2044 981 2071 48.
1015 2040 1054 2071 In
1080 2041 1133 2071 Cu.
1164 2041 1330 2081 Pompeium
1358 2041 1507 2081 impetus]

886 2084 1057 2123 Pompeius
1080 2084 1197 2124 incepit
1222 2095 1276 2124 pro
1297 2083 1418 2113 Milone
1436 2085 1553 2118 dicere,
1570 2082 1645 2113 Clo—

887 2126 973 2156 diani
983 2126 1147 2156 clamorem
1161 2126 1321 2158 sustulere.
1338 2125 1439 2164 quue
1450 2128 1479 2157 ei
1491 2124 1645 2167 perpetu&

889 2169 1028 2199 oratione
1053 2169 1194 2209 contigit,
1220 2180 1283 2200 non
1311 2168 1404 2199 modo
1431 2175 1464 2199 ut
1491 2168 1644 2199 acclama-

888 2218 980 2247 retur,
996 2212 1050 2242 scd
1071 2212 1163 2242 etiam
1186 2218 1220 2242 ut
1245 2211 1387 2242 convicio·
1411 2219 1443 2243 et
1470 2211 1645 2242 maledictis

888 2255 1100 2295 impediretur.
1137 2255 1199 2285 Sed
1216 2255 1234 2284 a
1251 2255 1384 2285 dicendo
1400 2266 1462 2285 non
1479 2262 1526 2286 est
1540 2255 1646 2285 detet-

889 2298 984 2334 ritus3
1010 2308 1062 2327 sex
1079 2297 1161 2327 enirn
1177 2299 1267 2328 horas
1281 2297 1370 2328 dixit.

932 2343 986 2371 51.
1010 2340 1056 2372 M.
1071 2340 1241 2381 Antonius]
1286 2341 1335 2370 M.
1351 2339 1508 2370 Antonius
1523 2340 1646 2372 insecu-

890 2388 938 2413 tus
949 2389 995 2413 est
1005 2383 1166 2422 Clodium,
1178 2390 1213 2413 ut
1222 2394 1291 2413 curn
1302 2383 1502 2413 interficeret:
1517 2394 1646 2425 remque

889 2426 1100 2466 transegisset,
1117 2427 1174 2456 nisi
1197 2426 1249 2456 ille
1269 2437 1301 2456 se
1319 2427 1375 2456 sub
1389 2425 1487 2456 scalas
1510 2428 1647 2457 tabernae

891 2469 1021 2500 librariae
1043 2469 1239 2510 conjecisset,
1253 2469 1360 2510 hizque
1376 2469 1522 2509 oppilatis
1545 2470 1647 2509 impe-

893 2518 957 2542 tum
975 2511 1104 2542 Antonii
1126 2512 1370 2553 compressisset.
1416 2511 1448 2541 Is
1463 2518 1565 2542 autem
1578 2513 1647 2542 Au-

893 2555 996 2586 tonius
1017 2555 1086 2591 suit,
1106 2556 1161 2596 qui
1184 2555 1292 2596 posteri
1316 2554 1408 2585 civile
1435 2555 1550 2585 bellum
1576 2566 1647 2585 cum

895 2598 1038 2637 Augusto
1054 2600 1159 2639 gessit,
1175 2597 1258 2639 prius
1273 2598 1402 2638 quidem
1425 2598 1540 2628 amicus
1557 2597 1648 2628 Cice-

897 2641 991 2677 ronis,
1014 2641 1124 2681 postea
1143 2641 1216 2672 vero
1237 2641 1334 2671 hostis
1355 2640 1510 2681 capitalis,
1528 2647 1560 2670 et
1582 2639 1648 2681 ejus

899 2684 986 2714 necis
1002 2690 1120 2714 auctor.

939 2728 992 2757 53.
1015 2725 1104 2757 Illam
1118 2726 1268 2767 belluam]
1304 2724 1652 2767 Clodiumintelligit,et

899 2768 1048 2810 allegoria
1068 2770 1162 2801 utitur
1183 2769 1309 2800 ducis-:t
1325 2767 1449 2806 belluis,
1463 2779 1534 2812 quae
1557 2780 1653 2802 vena·

1563 2039 1645 2071 Cum

102 2810 145 2842 lia
173 2817 322 2843 venerunt
344 2811 440 2854 legati
461 2813 502 2845 ad
528 2812 726 2855 Pompeium,
747 2812 860 2857 quibus
904 2818 1003 2845 torum
1020 2812 1150 2855 laqueos
1159 2813 1311 2844 devitant.

1228 2855 1308 2897 2A

1634 168 1722 211 323
