1858 3095
685 179 776 213 PRO
800 178 994 213 MURENA
1003 202 1011 212 .

74 269 196 308 meoe,
226 262 269 298 et
309 257 362 299 de
402 254 566 298 ratione
608 256 896 298 accusationis
940 263 1041 307 tuae,
1074 255 1255 299 fortasse
1295 256 1425 298 etiam
1468 255 1552 298 alia
1582 256 1628 299 in

72 321 192 381 parte
220 313 422 355 orationis
451 313 681 353 dicendum
702 313 825 354 nobis
845 313 937 354 erit.

71 383 150 410 nus
181 370 364 411 hominis
394 369 697 424 sapientissimi
739 378 867 431 atque
899 369 1155 410 ornatissimi
1188 370 1278 411 Ser.
1311 368 1489 431 Sulpicii
1525 383 1625 410 con-
1646 370 1699 411 15

999 313 1084 354 Sed
1108 313 1392 369 me,judices‚
1424 326 1511 353 non
1549 313 1628 353 mi-

71 426 252 481 questio,
269 440 399 495 quam
421 425 599 466 Catonis
616 427 851 476 accusatio,
873 427 1195 476 commovebat3
1218 426 1290 482 qui
1312 439 1559 487 giawsslme
1582 431 1627 466 et

73 480 346 523 acerbissime
379 496 424 522 se
466 481 571 522 ferre
607 482 730 533 dixit,
759 497 840 533 me,
876 482 1172 523 familiaritatis
1208 481 1626 536 necessitudinisque

72 538 263 585 oblitum,
297 551 471 578 causam
514 538 559 578 L.

594 514 785 580 Mureiiae
817 546 966 579 contra
999 553 1045 578 se
1082 538 1322 578 defendere.

64 594 249 649 judices,
287 594 533 635 satisfacere
556 595 696 656 cup-io,
728 609 888 656 vosque
910 594 1109 634 adhibere
1131 593 1326 634 arbitros.

72 664 197 712 grave
229 656 295 690 est
324 649 422 691 vere
455 665 646 691 accusari
684 665 726 690 ιιι
765 649 966 699 amicitia,
999 657 1089 690 tum
1110 649 1254 700 etiam,
1287 649 1321 690 si
1359 648 1466 689 falso
1501 664 1624 690 accu-
1642 651 1699 692 20

1384 537 1498 577 Huic
1529 551 1624 606 ego,

1388 591 1513 644 Nam,
1528 607 1625 634 cum

71 720 189 755 seris,
221 720 305 746 non
327 714 394 747 est
424 706 744 760 neo-figendum.
804 706 912 761 Ego,
945 706 1035 746 Ser.
1057 705 1234 760 Sulpici,
1265 720 1332 746 me
1355 705 1397 744 in
1418 704 1624 760 petitione

68 761 145 802 tua
161 762 237 802 tibi
256 762 398 803 omnia
411 744 568 803 studiat:
572 769 707 824 atque
714 762 865 811 officia,
882 775 956 816 plo
972 761 1105 802 nostr·
1093 777 1118 801 ι
1135 761 1467 811 necessitudine,
1490 768 1532 802 et
1553 761 1626 802 de-

69 817 213 858 buisse
229 820 451 868 confiteor,
468 825 512 859 et
532 817 782 874 praestitisse
797 818 989 858 arbitror.
1020 817 1140 857 Nihil
1158 817 1250 865 tibi,
1268 793 1540 858 cousulat’um
1556 832 1627 872 pe-

68 873 190 924 tenti,
213 890 240 914 a
258 889 325 914 me
346 874 497 925 defuit,
519 875 633 930 quod
655 882 769 915 esset
788 881 862 915 aut
889 874 941 914 ab
959 873 1111 922 amico,
1140 880 1214 914 aut
1235 889 1260 914 a
1281 873 1484 935 gratioso,
1505 882 1578 914 aut
1599 889 1625 914 a

71 930 262 992 consule,
284 931 601 986 postulandum.
646 930 770 971 Abiit
789 930 893 971 illud
907 938 1100 985 tempus3
1133 936 1298 970 mutata
1317 929 1423 970 ratio
1440 937 1518 971 est.
1551 929 1625 971 Sic
1643 931 1698 972 25

70 986 284 1038 existimo,
315 1001 377 1028 Sic
404 987 506 1027 mihi
529 987 780 1042 persuadeo,
813 1001 880 1027 me
907 986 985 1027 tibi
1008 993 1157 1027 contra
1188 986 1391 1027 honorem
1414 985 1459 1026 L.
1482 986 1626 1027 Mure-

70 1057 134 1084 nae

71 1074 353 1150 tra'salutem‚
373 1099 480 1140 nihil
503 1100 673 1141 debere.

181 1051 386 1098 quantum
403 1051 448 1084 tu
471 1060 496 1084 a
516 1058 583 1084 me
601 1044 817 1098 postulare
835 1058 962 1084 ausus
983 1042 1057 1093 sis,
1080 1049 1245 1083 tantum
1267 1042 1492 1094 debuisse3
1524 1057 1628 1084 con-

732 1099 883 1155 Neque
906 1099 1033 1148 enim,
1051 1098 1086 1139 si
1110 1098 1187 1139 tibi
1210 1107 1314 1149 tum,
1336 1113 1432 1140 cum
1459 1106 1626 1155 peteres

72 1156 357 1206 consulatum,
387 1155 505 1206 affui,
536 1155 698 1197 idcireo
718 1170 846 1206 nunc,
869 1155 965 1196 cum
988 1155 1213 1195 Murenam
1234 1155 1373 1224 ipsum
1396 1163 1531 1210 petas,
1553 1155 1628 1196 ad-

65 1211 184 1266 jutor
204 1212 355 1253 eodem
369 1218 495 1267 pacto
510 1226 604 1253 esse
621 1212 772 1252 debeo.

832 1212 974 1274 Atque
995 1212 1078 1253 hoc
1098 1226 1183 1253 non
1202 1210 1328 1251 111on
1349 1225 1435 1251 non
1448 1211 1627 1263 laudari,
1644 1213 1702 1254 30

72 1267 150 1308 sed
171 1281 223 1308 ne
244 1268 424 1308 concedi
440 1268 614 1323 quidem
629 1274 786 1322 potest,
796 1275 857 1315 ut,
872 1268 1021 1307 amicis
1039 1267 1194 1307 nostris
1209 1267 1527 1318 accusantibus,
1541 1282 1629 1308 non

72 1323 200 1364 etiam
233 1323 517 1364 alienissimos
550 1323 846 1364 defendamus.

907 1323 1018 1363 Mihi
1048 1330 1190 1363 autern
1212 1338 1310 1363 cum
1332 1323 1531 1372 Murena,
1556 1324 1629 1394 ju-

71 1379 203 1427 dices,
219 1387 263 1420 et
280 1386 404 1420 vetus
417 1386 461 1420 et
472 1393 642 1449 magna
641 1379 829 1420 amicitia
842 1385 921 1427 est,
935 1394 1045 1433 quae,
1064 1378 1107 1419 in
1127 1378 1292 1458 capitibs
1297 1378 1622 1430 dimicatione,
1602 1395 1630 1421 a

72 1434 162 1476 Ser.
185 1434 375 1491 Sulpicio
388 1449 474 1476 non
488 1435 650 1477 idcirco
665 1436 880 1486 obruetur,
893 1435 1008 1490 qubd
1022 1435 1074 1475 ab
1089 1435 1270 1476 eodemb
1283 1434 1326 1474 in
1340 1435 1514 1476 honoris
1528 1450 1630 1476 con-

71 1491 263 1533 tentione
280 1499 478 1547 superata
500 1498 579 1533 est.

639 1492 747 1539 Quae
768 1492 803 1532 si
825 1506 955 1533 causa
971 1505 1057 1533 non
1074 1498 1214 1542 esset3
1244 1498 1388 1532 tamen
1407 1492 1474 1532 vel
1493 1491 1630 1546 digni-
1647 1494 1704 1535 35

72 1554 140 1589 tas
160 1547 360 1598 hominis,
377 1548 444 1589 vel
464 1547 638 1589 honoris
667 1549 701 1603 ej
711 1563 772 1599 us,
794 1562 920 1604 quem
941 1548 1126 1610 adeptus
1144 1554 1223 1596 est,
1244 1547 1498 1603 amplitudo,
1519 1563 1630 1589 sum-

73 1617 187 1646 mam
202 1603 306 1645 mihi
326 1604 534 1660 superbiae
548 1604 899 1660 crudelitatisque
919 1604 1097 1645 esamam
1117 1603 1357 1652 inussisset,
1379 1619 1412 1644 5ι
1430 1604 1630 1655 hominis,

73 1667 118 1702 et
134 1660 223 1701 suis
240 1667 284 1702 et
298 1675 397 1717 pop.
419 1660 543 1703 Rom.
565 1661 822 1702 ornamentis
839 1660 1108 1715 amplissimi,
1130 1674 1303 1701 causam
1323 1659 1430 1701 tanti
1450 1660 1632 1716 periculi

75 1716 385 1772 repudiassem.
436 1717 588 1772 Neque
606 1717 820 1772 enimjam
835 1716 940 1757 mihi
961 1717 1079 1767 licet,
1092 1731 1231 1778 neque
1248 1723 1316 1757 est
1334 1715 1563 1779 integrum,
1582 1722 1633 1758 ut

75 1786 219 1814 meum
242 1773 432 1815 laborem
461 1773 712 1814 dhominum
738 1773 938 1830 periculis
967 1772 1240 1815 sublevandis
1269 1786 1357 1814 non
1377 1771 1630 1830 impertiam.
1649 1774 1706 1818 40

73 1953 92 1978 b
104 1956 152 1995 in
167 1956 374 2008 petitione
389 1956 647 1997 consulates.
668 1960 684 1979 Ε
700 1955 916 1996 attulisset
934 1954 1176 2009 infamiam.
1207 1952 1225 1976 ‘³
1238 1953 1517 2009 defendendis
1535 1954 1633 1997 reie.

78 2142 110 2172 in
122 2142 264 2173 Catilinae
279 2153 386 2178 causa,
401 2141 469 2183 jam
493 2141 572 2172 lenis
588 2141 627 2172 sit
643 2142 675 2171 in
691 2141 834 2172 Murenae

79 2186 273 2216 defensione.

122 2233 175 2259 21.
197 2228 234 2259 In
249 2227 416 2268 pelicinam}
445 2227 602 2268 Sulpicius
615 2237 684 2259 cum
701 2226 835 2257 Murena

80 2272 208 2312 petebat
223 2271 427 2301 consulatum.

126 2316 179 2345 2⁴2.
200 2313 334 2354 Studia]
381 2314 524 2344 Testatur
548 2312 659 2343 Cicero
681 2322 713 2342 se
730 2312 838 2342 studu-

81 2356 140 2387 isse
157 2363 190 2388 et
204 2357 318 2387 favisse
337 2356 477 2396 Sulpicio
493 2356 686 2386 consulatum
707 2355 836 2395 petenti.

83 2399 145 2430 Per
173 2399 248 2430 illud
275 2410 363 2430 suum
387 2399 521 2429 studium
546 2397 785 2438 propensionem
808 2397 838 2427 in

82 2441 181 2478 illum,
207 2453 261 2481 per
276 2441 410 2472 officium
426 2441 628 2476 voluntatem,
652 2440 817 2480 significat.

127 2487 179 2515 24.
205 2484 366 2525 Gratiam-J
413 2484 576 2514 Gratiosus
591 2489 649 2518 est,
672 2483 726 2523 qui
741 2482 839 2512 mulia

85 2526 183 2567 gratia
197 2527 282 2558 valet
297 2527 380 2567 apud
398 2527 509 2557 multos
525 2531 678 2566 potentes.

129 2571 182 2600 26.
206 2570 256 2600 Me
282 2571 335 2600 ribi
355 2575 457 2600 contra
476 2568 638 2609 honorem]
694 2567 842 2599 Ostendit

86 2611 145 2642 sibi
159 2612 204 2642 fas
217 2623 284 2643 esse
301 2612 467 2642 Murenam
482 2612 665 2646 defendere,
688 2611 762 2652 quia
776 2621 839 2640 non

83 2654 124 2683 de
142 2656 280 2694 petendo
302 2656 420 2686 honore
446 2665 501 2685 seu
525 2654 698 2690 consulatu,
721 2654 775 2684 sed
799 2654 840 2683 de

86 2697 249 2737 perdendo
264 2696 328 2734 illo,
338 2697 494 2738 Sulpicius
507 2696 674 2727 meditatur
684 2708 694 2727 ε
719 2701 751 2726 at
765 2696 840 2727 ami-

84 2740 131 2770 cis
147 2738 308 2770 subvenire
319 2739 352 2770 in
368 2740 507 2780 periculo
523 2749 580 2779 par
590 2745 649 2770 est.

129 2783 185 2814 32.
205 2782 428 2824 Alienissimoed
473 2782 538 2820 Qui
560 2782 645 2813 nullo
661 2782 756 2814 modo
771 2785 844 2818 sunt

879 2140 982 2177 amici,
1004 2140 1112 2171 alienis
1099 2140 1182 2171 ⁴²simi
1197 2146 1278 2172 sunt.

920 2182 1055 2214 35.1n
1085 2185 1187 2224 capitis
1207 2183 1416 2224 dimicatione]
1461 2183 1634 2216 DimIcatio

879 2226 990 2266 capitis
1015 2227 1144 2256 sumitur
1159 2237 1214 2267 pro
1235 2226 1329 2257 causa
1352 2226 1491 2268 capitali.
1537 2227 1636 2268 Capi-

879 2269 917 2298 tis
933 2275 1035 2299 autem
1063 2280 1155 2300 causa
1177 2276 1235 2306 est,
1261 2280 1330 2300 cum
1345 2280 1397 2300 reo
1414 2270 1526 2310 capitis
1542 2281 1636 2311 prena.

882 2311 1021 2347 insertur,
1044 2313 1084 2342 ad
1100 2322 1192 2352 quam
1208 2322 1330 2360 poenam
1346 2322 1408 2342 ιιοιι
1423 2311 1542 2343 tantum
1564 2313 1638 2343 ulti·

883 2364 965 2384 mum
982 2353 1188 2403 supp-licium,
1205 2355 1260 2385 sed
1277 2355 1370 2385 etiam
1387 2354 1525 2385 exsilium
1539 2355 1637 2396 perti-

883 2402 948 2431 net,
964 2407 1026 2437 quo
1039 2397 1114 2427 civis
1129 2397 1272 2430 eximitur
1287 2397 1304 2427 e
1324 2408 1451 2428 numero
1467 2397 1592 2429 civium.

926 2441 978 2470 35.
1005 2439 1076 2474 Qua:
1088 2441 1111 2470 εἰ
1125 2450 1213 2470 causa
1230 2451 1288 2469 non
1301 2440 1394 2481 esset]
1441 2440 1545 2488 Hujus
1563 2440 1637 2470 Mu-

883 2492 964 2512 renae
981 2482 1172 2513 defensionis
1186 2493 1278 2513 cansa
1289 2489 1335 2512 est
1347 2482 1497 2522 amicitia,
1511 2483 1637 2524 quaeju.

883 2525 937 2555 bet
953 2525 1062 2564 praeslo
1078 2536 1134 2555 nos
1149 2536 1215 2555 esse
1233 2524 1350 2556 amicis.

926 2569 978 2598 38.
1004 2567 1188 2598 Ornamentis
1206 2568 1402 2608 amplissimi]
1453 2567 1559 2597 Habet
1580 2566 1638 2596 do-

884 2611 1012 2640 mestica
1028 2617 1209 2640 ornamenta
1219 2610 1366 2646 Murena,
1381 2610 1573 2640 nobilitatem
1584 2619 1640 2648 ge·

884 2653 978 2688 neris,
995 2657 1028 2682 et
1040 2653 1165 2683 farniliae
1177 2653 1348 2693 quaestoriae
1358 2657 1390 2682 et
1404 2651 1564 2692 praetoriae,
1578 2652 1640 2681 vir-

884 2700 995 2731 tutem,
1011 2695 1172 2726 scientiam
1185 2695 1230 2726 rei
1257 2694 1414 2725 militaris.
1440 2693 1550 2734 populi
1563 2693 1638 2724 νειό

885 2736 980 2767 Rom.
995 2745 1097 2778 gestos
1110 2739 1244 2769 honores
1259 2736 1429 2788 aedilitatis,
1444 2741 1597 2782 praeturae,
1606 2741 1640 2769 et

885 2790 967 2822 nunc
981 2780 1146 2812 renuntiati
1159 2778 1348 2813 consulatus

1221 2834 1252 2862 N

1621 181 1702 225 147
