1838 3017
661 136 821 176 VARIAE
843 135 1105 172 LECTIONES.

1568 129 1660 194 539·

649 502 740 536 PRO
766 503 882 537 LEGE
913 501 1128 535 MANILIA.

109 629 182 663 Par.
196 629 226 663 1.
248 629 318 663 Lin.
332 631 366 662 7.
383 629 582 675 Com-ingere]
610 633 662 664 Sic
687 633 761 663 olim
788 632 867 664 editi
910 634 954 664 X.
970 632 1022 662 45.
1040 629 1213 671 potestate]
1236 627 1380 659 Testatur
1391 626 1517 669 quidam
1528 627 1611 669 apud
1624 622 1670 660 A.

153 685 273 706 omnes.
316 674 458 707 Graevius
483 683 586 707 autem
608 676 625 707 ἐ
641 676 724 708 Cod.
751 676 866 707 Erfurt.

153 718 277 768 reponit
299 721 454 761 attingere,
468 721 553 761 quod
570 719 714 750 Ciceroni
735 719 870 750 familia-

154 771 229 793 rius.

115 806 168 836 16.
191 804 354 838 Honoribus
367 805 567 846 maridandis]
586 805 636 836 Sic
652 806 687 836 F.
704 804 874 841 Fabricius,

157 846 299 880 Graevius
315 856 347 880 et
362 849 454 884 alin&
464 849 561 879 MSS.
588 848 719 889 Vulgati
733 848 796 878 sere
808 858 873 878 om·

155 900 212 922 nes
227 893 355 928 habent,
371 892 525 922 honoribus
538 891 750 922 mandandum.

115 935 167 964 22.
192 935 288 976 Atque
309 937 341 965 in
360 936 489 976 primis]
539 935 592 964 Al.
616 940 701 975 atque
735 935 810 964 illud
843 936 876 964 in

154 987 268 1017 primis.

115 1018 162 1051 ΙΙ.
186 1023 239 1052 13.
260 1021 454 1061 successerit]
483 1020 533 1051 Sic
548 1020 708 1051 Graevius:
734 1020 789 1051 sed
803 1019 875 1049 Ma-

159 1065 263 1095 nulius
278 1070 311 1094 et
332 1064 401 1094 libri
423 1070 486 1093 tam
509 1064 607 1095 MSS.
621 1064 714 1104 quam
736 1062 877 1104 impressi

160 1107 278 1138 habent
290 1107 479 1138 succurrerit.

118 1147 184 1180 III.
211 1153 261 1181 11.
285 1150 353 1180 Et&
370 1151 443 1180 vobis
465 1156 492 1180 et
514 1150 550 1179 ab
566 1151 782 1190 imperatoribus
803 1150 877 1188 reip.

160 1193 393 1233 consulendum]
439 1192 490 1225 Sic
517 1193 606 1223 multi
622 1194 720 1225 MSS.
746 1199 778 1223 et
803 1192 879 1223 editi

161 1242 234 1267 ante
250 1236 433 1266 Lambinum
450 1246 576 1273 omnes;
591 1237 658 1277 ipse
675 1242 792 1270 autem,
808 1246 880 1276 pro-

162 1279 260 1310 bante
277 1279 313 1310 F.
327 1279 479 1315 Fabricio,
492 1280 535 1310 sic
545 1279 561 1309 ἐ
573 1279 760 1318 quibusdam
775 1278 879 1309 Codd.

164 1322 324 1363 reposuit:
349 1322 368 1351 ὰ
389 1322 472 1357 vobis,
495 1328 523 1352 et
549 1323 687 1361 ipsorum,
712 1328 740 1352 et
769 1321 879 1360 reipub.

163 1365 253 1396 causa
267 1366 485 1396 consulendum.

121 1406 184 1439 IV.
207 1410 258 1439 13.
286 1407 505 1449 Rem-tarium]
540 1407 672 1438 Rectius
686 1413 878 1448 reportarent.

124 1453 177 1483 28.
202 1451 372 1493 Diui-acti]
391 1451 470 1482 Cod.
488 1451 620 1481 Fabricii
635 1457 667 1482 ct
682 1451 733 1481 alii
748 1452 885 1481 districti.

121 1495 176 1525 39.
200 1493 484 1534 Navieulatmibus]
511 1494 562 1524 Sic
575 1494 657 1524 Edd.
675 1500 706 1524 et
722 1494 803 1526 Pall.
820 1504 886 1523 om-

168 1548 224 1568 nes
241 1537 332 1568 Grut.
348 1539 411 1568 Sed
429 1543 516 1567 vetus
533 1537 666 1568 Fabricii
689 1536 798 1568 Codex
822 1535 888 1567 Na·

169 1581 327 1611 viculariis.

125 1622 188 1656 VI.
213 1624 253 1655 6:
267 1624 301 1654 Si
323 1624 361 1654 ad
388 1624 454 1654 belli
540 1624 689 1664 retinere]
736 1621 786 1652 Sic
803 1621 885 1662 opti.

170 1667 220 1698 m&
242 1678 279 1698 ex
299 1666 381 1698 cod.
406 1667 515 1699 Werd.
540 1666 675 1696 restituit
699 1664 886 1702 Gulielmus,

172 1711 364 1751 approbante
376 1709 511 1745 Graevio,
523 1709 596 1750 quia
608 1719 698 1739 nemo
710 1707 797 1738 novit
810 1708 887 1748 quid

173 1755 214 1783 sit
237 1754 302 1783 belli
324 1754 484 1783 utilitatem
505 1753 663 1782 sustinere.-
684 1753 727 1782 sic
752 1750 833 1781 enim
856 1751 889 1780 in

175 1795 306 1836 vulgatis
320 1802 396 1832 erat,
416 1795 448 1825 Si
463 1801 490 1825 et
512 1795 576 1825 belli
597 1795 890 1827 utilitatem—susti-

176 1849 253 1870 nere.

131 1883 185 1913 23.
211 1881 336 1913 Fructui
349 1882 443 1924 sunt]
468 1881 520 1912 Sic
535 1880 617 1912 Cod.
640 1879 763 1911 Fabric.
779 1886 812 1910 et
833 1879 890 1910 Er·

176 1926 249 1957 furt.
284 1926 346 1956 Sed
363 1924 603 1966 vulg.fructuosi
624 1929 704 1959 sunt,
719 1924 817 1964 quod,
832 1923 890 1954 etsi

176 1969 338 1998 serendum
355 1968 406 2003 sit,
418 1974 521 1998 tamen
533 1977 595 1996 non
611 1966 699 2006 aeque
715 1967 827 2006 placet.

136 2010 216 2042 VII.
241 2013 292 2041 20.
316 2010 353 2040 Id
367 2011 468 2050 certe]
497 2009 547 2040 Sic.
564 2009 639 2050 legit
652 2008 891 2038 Hotomannus:

179 2053 296 2094 vulgati
327 2053 419 2089 male,
447 2051 482 2082 Id
511 2053 586 2092 quod
615 2057 697 2082 certe.
742 2051 788 2081 At
812 2051 893 2082 Cod.

181 2096 216 2128 F.
234 2096 354 2128 fabric.
370 2101 404 2126 ut
418 2100 449 2126 et
470 2095 593 2126 Francii
605 2099 638 2125 et
651 2094 765 2124 Erfurt.
782 2093 820 2124 Id
833 2095 896 2135 qui-

182 2141 244 2170 dem
257 2139 344 2170 certe.

139 2183 237 2215 VIII.
261 2185 292 2212 7.
314 2181 552 2222 Sapientissimo.]
582 2181 629 2211 Ex
652 2180 778 2221 optimis
801 2180 898 2210 MSS.

186 2225 328 2257 Graevius
344 2231 447 2256 autem
462 2225 585 2265 reponit
599 2224 739 2262 Sapienti.

144 2273 174 2301 9.
197 2269 358 2299 Instructas
373 2268 470 2309 suase
495 2266 675 2307 urbemque]
721 2267 773 2297 Sic
790 2266 900 2307 optimi

182 2312 284 2343 MSS.
296 2317 329 2342 et
343 2310 513 2352 antiquitus
525 2310 619 2341 cdiii:
647 2310 701 2339 sed
716 2310 770 2340 alii
782 2309 900 2350 vulgati

185 2356 303 2386 liabent
328 2355 484 2384 instructas
497 2353 597 2394 sitisse
619 2353 735 2388 deletas,
759 2353 825 2384 urb.
853 2352 901 2382 in-

187 2398 272 2439 epte.
316 2397 398 2428 Nam
423 2397 472 2428 hic
500 2395 691 2426 Mithridatis
713 2396 819 2437 copias
836 2405 901 2425 am-

187 2442 318 2482 plificat,
333 2446 367 2470 ut
383 2439 545 2471 Lucullum
560 2439 676 2468 laudet.

146 2486 197 2517 53.
225 2483 398 2523 processus]
426 2484 489 2514 Sed
506 2482 608 2514 Codd.
624 2481 822 2522 antiquiores,
836 2492 903 2522 pro-

187 2538 282 2559 cesszo.

147 2572 202 2604 74,
213 2566 738 2610 Quantumilludbellumfutwrum]
755 2567 826 2599 Hoc
835 2567 904 2599 loco

190 2613 290 2645 MSS.
306 2619 338 2645 et
353 2614 428 2644 edd.
444 2618 520 2644 vett.
536 2612 664 2648 habeut,
679 2617 821 2652 quantum
831 2611 908 2641 illud

193 2656 429 2698 bellumsaalum.
452 2655 531 2691 Quae
544 2655 636 2685 verba
645 2654 910 2696 qitanlumsactum

194 2699 369 2740 significant
391 2705 426 2729 ut
448 2698 578 2740 exponit
600 2698 710 2730 Lamb.
727 2698 813 2738 quum
827 2708 911 2739 mag·

197 2741 406 2784 numsactum,
418 2748 589 2782 quantopere
599 2747 729 2776 auctum.
743 2741 795 2782 ὅγε.

155 2785 217 2820 lx.
240 2787 293 2818 20.
318 2784 480 2826 Exercuitq
512 2784 564 2818 ΑΙ.
579 2785 747 2816 exercuerit.

956 674 1106 705 Gellium.
1129 673 1157 703 Ι.
1177 676 1207 702 7.
1230 677 1394 711 potestatem
1409 671 1564 712 scripsisse
1579 670 1670 701 Cice·

955 727 1059 748 roncm
1073 727 1080 754 3
1109 722 1141 746 et
1166 715 1247 747 certe
1274 715 1385 745 eodem
1413 714 1505 744 modo
1536 714 1670 753 loquitur

959 759 1051 800 supr-51
1063 769 1134 800 pag.
1150 760 1203 790 23.
1217 768 1276 799 qua:
1298 759 1331 788 in
1351 758 1508 788 amicitiam
1523 755 1560 786 P.
1572 755 1612 787 R.
1623 757 1673 787 di-

961 805 1117 842 tionemque
1131 808 1231 832 essent.

919 848 992 877 120.
1019 845 1202 886 Devocam‘t]
1247 844 1298 875 Sic
1315 842 1397 874 cod.
1415 842 1537 874 Fabric.
1551 848 1583 873 ct
1599 843 1671 874 alii:

962 889 991 919 h.
1007 899 1035 919 e.
1059 888 1147 929 quasi
1172 889 1207 918 de
1228 887 1277 918 viri
1298 889 1426 918 vocavit.-
1449 886 1566 928 vulgati
1588 886 1678 919 multi

963 932 1080 962 habeut
1093 932 1245 962 revocavit.

921 974 980 1007 XI.
1004 976 1056 1006 25.
1081 974 1147 1005 Nisi
1173 975 1212 1004 acl
1236 974 1266 1003 id
1294 974 1386 1013 ipsum
1411 971 1566 1012 temporis]
1626 971 1678 1002 Sic

964 1018 1072 1048 Lamb.
1083 1016 1144 1047 Ed.
1159 1023 1261 1048 autem
1273 1016 1383 1057 Steph.
1395 1022 1429 1046 ut
1440 1022 1472 1047 et
1484 1016 1551 1046 aliae
1563 1015 1678 1050 multae,

962 1062 1018 1091 nisi
1030 1063 1123 1100 ipsum
1137 1062 1165 1091 id
1178 1061 1318 1100 temporis,
1341 1060 1403 1090 Sed
1421 1059 1524 1089 Graev.
1539 1059 1556 1089 ἐ
1567 1058 1679 1090 Colon.

962 1110 997 1135 et
1018 1103 1131 1134 Erfurt.
1155 1105 1198 1135 sic
1222 1103 1365 1138 restituit,
1381 1103 1439 1133 nisi
1454 1102 1600 1141 adipsum
1622 1101 1681 1132 dis·

964 1149 1069 1177 crimen
1082 1149 1142 1188 ejus
1153 1148 1293 1186 temporis.

922 1192 975 1222 39.
1001 1189 1131 1230 Eumque
1153 1188 1332 1230 Pompeius]
1368 1188 1470 1220 Graev.
1487 1187 1505 1219 ὲ
1519 1188 1617 1219 MSS.
1634 1198 1682 1219 re-

967 1234 1056 1274 ponit
1073 1233 1159 1268 lium,
1175 1244 1256 1273 quem
1274 1232 1432 1271 Pompeius.
1674 1240 1678 1244 ·

924 1276 1021 1307 XIII.
1047 1279 1099 1307 26.
1131 1274 1392 1314 Transmarinam]
1441 1274 1492 1306 Sic
1517 1275 1624 1305 Lamb.
1652 1279 1685 1305 ct

969 1319 1076 1351 Graev.
1089 1319 1105 1351 ἐ
1121 1319 1218 1350 MSS.
1246 1318 1377 1359 Vulgati
1392 1320 1582 1355 maritimam,
1598 1318 1684 1360 quod

970 1363 1041 1393 huic
1057 1363 1125 1393 loco
1143 1361 1240 1393 minsis
1257 1362 1413 1393 convenit.

929 1408 982 1438 51.
1004 1405 1206 1444 Adscendere]
1260 1404 1401 1435 Graevius
1421 1404 1438 1435 ἐ
1462 1403 1534 1436 MS.
1553 1404 1624 1436 Col.
1639 1414 1686 1434 re-

973 1449 1063 1490 ponit
1076 1449 1229 1484 escendere,
1242 1458 1311 1489 quae
1323 1458 1394 1486 νυκ,
1411 1447 1428 1477 a
1444 1447 1571 1478 librariis
1586 1447 1685 1479 miuus

973 1492 1148 1528 intellecta,
1161 1502 1244 1533 saepe
1260 1502 1316 1521 suo
1330 1491 1396 1521 loco
1414 1497 1497 1521 mola
1512 1496 1569 1521 est.

930 1537 984 1566 ¹73.
1009 1535 1099 1570 Quem
1121 1546 1172 1575 per
1192 1545 1219 1565 se
1241 1536 1298 1573 ipse
1316 1533 1491 1575 constituit]
1547 1533 1689 1565 Graevius

975 1579 1098 1619 reponit
1113 1578 1130 1608 ἐ
1146 1578 1243 1608 MSS.
1259 1587 1309 1616 per
1322 1588 1377 1608 vos.

930 1621 1025 1652 XIV.
1036 1624 1067 1652 3.
1076 1621 1106 1651 Si
1117 1622 1188 1661 qnid
1195 1619 1441 1662 effaetumesseh]
1460 1619 1607 1661 Plerique
1616 1620 1687 1651 vert]

975 1665 1020 1695 sic
1034 1665 1122 1702 editi,
1138 1665 1245 1703 siquid
1256 1665 1290 1694 de
1301 1663 1531 1705 eofactmn-esset
1542 1675 1551 1692 .·
1574 1664 1691 1693 utrovis

976 1708 1070 1738 modo
1096 1707 1191 1737 locuti
1221 1713 1291 1737 sunt
1319 1712 1449 1738 veteres.
1496 1705 1611 1737 Noster
1636 1706 1691 1742 sic,

975 1751 1046 1791 quid
1062 1750 1193 1790 illofiet?
1229 1750 1292 1791 Ep.
1311 1753 1342 1780 1.
1363 1749 1384 1780 l.
1401 1751 1431 1781 6.
1449 1749 1487 1779 ad
1501 1748 1570 1782 Ait.
1611 1748 1691 1784 Quid

975 1793 1101 1834 mefiet?
1143 1794 1268 1823 Terent.

933 1839 988 1868 34.
1011 1837 1064 1866 Sed
1079 1838 1164 1867 etiam
1176 1838 1271 1867 studio
1284 1836 1360 1865 omni
1382 1835 1528 1865 visendam
1546 1835 1692 1876 putavit]

978 1880 1074 1910 Hunc
1088 1880 1188 1910 locum
1208 1878 1347 1910 Graevius
1362 1878 1378 1908 ἐ
1395 1878 1467 1908 MS.
1478 1889 1540 1908 uno
1552 1885 1585 1909 et
1596 1878 1693 1909 altero

979 1923 1022 1954 sic
1039 1924 1133 1959 auxit,
1149 1924 1196 1953 sed
1207 1924 1333 1953 omnium
1345 1923 1431 1952 elium
1443 1923 1538 1952 studio
1546 1922 1692 1952 visendam

978 1966 1262 1996 &concelebrandam
1277 1965 1402 2004 pulavit.

938 2010 990 2040 67.
1015 2008 1190 2039 Interiorum
1212 2006 1387 2045 nationum]
1438 2006 1488 2037 Sic
1504 2006 1644 2038 Graevius
1659 2019 1696 2038 ex

982 2051 1107 2092 optimis
1123 2051 1221 2081 MSS.
1239 2056 1271 2080 et
1287 2050 1389 2090 primis
1406 2049 1510 2079 editis.
1543 2049 1697 2081 Interiores

984 2099 1086 2125 autem
1100 2094 1241 2125 dicuntur
1251 2103 1320 2133 quae
1336 2091 1459 2132 longius
1472 2092 1489 2121 a
1500 2092 1610 2123 finibus
1627 2105 1699 2124 nos-

985 2138 1038 2167 tris
1061 2142 1131 2167 sunt
1153 2142 1288 2172 remotae,
1312 2141 1344 2165 et
1371 2134 1544 2165 interiorem
1565 2137 1698 2176 regionis

986 2185 1105 2221 partem
1129 2179 1279 2209 habitant.
1327 2178 1379 2209 Sic
1397 2179 1478 2208 intra
1501 2183 1533 2209 et
1555 2179 1701 2210 interiores

987 2228 1115 2263 usurpat
1128 2222 1164 2252 P.
1180 2222 1278 2256 Mela,
1295 2221 1316 2252 l.
1337 2224 1366 2252 1.
1380 2231 1408 2252 e.
1422 2224 1453 2252 4.
1469 2226 1501 2250 et
1516 2223 1546 2252 8.

945 2268 999 2298 87.
1025 2265 1100 2296 Post
1123 2275 1229 2295 vocem
1260 2265 1354 2294 liberis
1382 2264 1531 2294 Gruterus
1562 2264 1579 2295 ὲ
1606 2265 1704 2298 MSS.

987 2310 1053 2339 haec
1080 2308 1211 2343 addidit,
1231 2309 1281 2347 qni
1303 2308 1339 2337 ab
1366 2308 1541 2338 ornamentis
1553 2307 1701 2349 fimorum

987 2358 1072 2392 alque
1082 2352 1259 2391 oppidorum.

946 2397 998 2427 93.
1023 2395 1169 2435 Populum
1197 2393 1387 2435 Romanum]
1446 2393 1497 2424 Sic
1534 2393 1642 2427 Lamb.
1673 2400 1704 2425 et

989 2437 1157 2469 Hotoman.
1201 2436 1240 2467 In
1263 2437 1397 2478 antiquis
1411 2436 1475 2467 fere}
1493 2436 1529 2468 P.
1538 2436 1581 2467 R.
1598 2447 1704 2470 exarae

989 2486 1054 2512 tum
1076 2487 1133 2511 est.
1178 2479 1242 2510 Alii
1259 2480 1366 2521 legunt
1384 2486 1528 2520 praetores,
1544 2485 1575 2510 et
1591 2480 1634 2510 sic
1650 2491 1706 2510 vo-

990 2534 1058 2555 cem
1074 2524 1184 2554 videbat
1201 2524 1241 2553 de
1256 2524 1306 2554 ord
1328 2523 1475 2553 maritima
1498 2522 1560 2552 dici
1576 2528 1704 2562 putant;

991 2567 1043 2598 alii
1058 2568 1146 2598 aliter
1160 2577 1222 2597 rem
1238 2566 1420 2607 expediunt.
1459 2564 1596 2606 Vulgata
1613 2565 1706 2597 lectio

992 2611 1089 2641 habet
1097 2610 1219 2650 populus
1232 2608 1393 2643 Romanus,
1405 2618 1498 2648 quam
1511 2612 1613 2638 tuetur
1629 2608 1709 2640 Gro-

996 2654 1103 2684 novius
1119 2654 1140 2683 1.
1157 2654 1187 2683 4.
1204 2663 1272 2694 cap.
1290 2654 1320 2681 4.
1337 2653 1376 2682 de
1393 2651 1468 2681 Pec.
1484 2650 1569 2681 Vett.

956 2699 1009 2730 94.
1033 2694 1130 2737 Neque
1149 2695 1224 2738 nos.]
1270 2696 1322 2727 Sic
1348 2693 1486 2726 Gt'aevius
1511 2692 1529 2725 ὲ
1552 2693 1649 2726 MSS.
1672 2694 1713 2729 al.

1002 2749 1090 2781 neque
1101 2749 1154 2772 eos.
