1858 3095
712 161 803 195 Pno
829 152 990 196 emmo.
1614 160 1699 205 235

77 237 228 280 eodem
248 252 294 281 se
317 235 589 280 conscientiae
609 237 770 279 scelere
795 237 1002 278 devinxit.
1060 235 1199 277 'Fu-ne
1225 247 1374 277 aurum
1405 245 1460 276 ex
1495 244 1629 278 arma-

77 295 139 336 rio
173 303 248 336 tuo
283 308 472 358 promere
495 308 598 334 ausa
628 309 673 334 es
686 296 702 334 ’.Ι
732 301 854 335 tu-ne
875 293 1085 334 Venerem
1114 293 1228 333 illam
1262 298 1378 332 tuam
1414 291 1629 346 spoliatri-

77 365 173 392 cem
189 352 370 408 spoliare
387 350 647 391 ornamentis
660 351 676 389 ’ἶ
709 349 935 399 Caeterum,
953 349 1050 390 cum
1067 349 1214 399 scires,
1231 355 1436 403 quantum
1453 347 1507 387 ad
1526 347 1630 388 faci·
1652 351 1702 391 15

80 421 160 448 nus
181 422 325 449 aurum
347 407 429 447 hoc
449 413 717 462 quaereretur‚
738 406 791 446 ad
825 421 973 447 necem
1009 405 1175 446 scilicet
1210 404 1356 459 legati,
1378 404 1432 444 ad
1456 403 1502 444 L.
1526 402 1632 445 Luc-

79 463 173 513 ceii,
195 462 453 504 sanctissimi
476 463 660 503 hominis
681 470 810 518 atque
833 461 1107 517 integerrimi,
1123 462 1262 502 labem
1283 459 1453 500 sceleris
1476 460 1633 515 sempi-

78 520 213 569 terni3
243 518 344 559 huic
365 517 543 559 facinori
565 525 685 559 tauto
708 525 783 559 tua
808 532 927 559 mens
963 517 1149 558 liberalis
1170 515 1360 566 conscia,
1381 521 1456 555 tua
1478 515 1631 557 domus

78 574 295 630 popularis
314 574 522 625 ministra,
537 581 611 615 tua
624 575 806 629 denique
825 573 1052 628 hospitalis
1070 573 1144 613 illa
1155 572 1302 611 Venus
1319 570 1519 625 adjutrix,
1538 586 1632 612 esse

78 644 165 670 non
191 630 353 671 debuit.
413 630 536 671 Vidit
555 630 639 671 hoc
663 631 843 671 Balbus:
876 628 1094 682 [facinoris
1127 630 1315 676 tantum]
1337 627 1516 667 celatam
1538 642 1631 668 esse
1649 631 1706 672 20

80 685 280 726 Clodiam
295 686 419 736 dixit,
436 693 565 741 atque
586 687 646 727 ita
665 685 850 727 Coelium
871 685 924 724 ad
945 684 1066 724 illam·
1077 682 1286 731 attulisse,
1305 697 1349 722 se
1366 682 1420 721 ad
1438 689 1634 723 ornatum

79 741 277 783 ludorum
309 757 455 783 aurum
490 756 689 796 quaerere.
752 740 906 782 sitam
935 739 1154 780 familiaris
1191 745 1282 779 erat
1302 737 1482 789 Clodiae,
1505 738 1636 792 quam

80 803 127 838 tu
150 812 244 838 esse
265 798 343 847 vis,
364 797 461 838 cum
479 798 531 837 de
551 796 728 838 libidine
750 796 841 851 ejus
863 802 950 836 tam
981 796 1114 835 multa
1134 794 1267 844 dieis;
1300 793 1409 834 dixit
1429 794 1636 850 profecto,

82 852 169 908 quo
198 851 329 894 velle't
348 867 521 893 aurum:
553 852 588 893 si
611 860 698 893 tam
722 851 942 892 familiaris
962 865 1049 892 non
1070 857 1173 901 erat,
1195 864 1281 891 non
1303 849 1438 892 dedit.
1499 849 1579 901 Ita,
1600 851 1636 892 si

80 922 227 949 verum
258 908 337 949 tibi
359 907 524 949 Coelius
553 908 677 959 dixit,
700 922 724 948 o
745 907 1024 948 immoderata
1056 907 1221 957 mulier,
1243 905 1384 947 sciens
1411 913 1458 947 tu
1489 921 1635 948 aurum
1654 911 1711 951 25

81 964 136 1004 ad
153 964 318 1004 facinus
333 964 516 1005 dedisti:
549 964 585 1005 si
602 978 688 1005 non
705 970 771 1005 est
783 977 912 1004 ausus
930 963 1087 1013 dicere,
1101 977 1187 1003 non
1204 962 1377 1003 dedisti.
1427 963 1542 1010 Quid
1557 977 1636 1018 ego

81 1034 195 1061 nunc
215 1021 474 1076 argumentis
493 1020 595 1061 huic
616 1019 795 1068 crimini,
817 1034 912 1075 quae
934 1026 1033 1060 sunt
1052 1018 1390 1069 innumerabilia,
1413 1019 1637 1060 resistam?

83 1074 269 1117 Possum
292 1076 447 1125 dicere,
467 1090 604 1117 mores
623 1076 687 1116 M.
703 1075 829 1116 Coelii
851 1074 1101 1131 longissime
1123 1074 1149 1115 a
1168 1074 1275 1114 tanti
1297 1074 1469 1115 sceleris
1488 1076 1641 1116 atroci-

83 1138 172 1172 tate
194 1146 288 1173 esse
311 1131 576 1187 disjunctos:
608 1130 783 1172 minime
807 1147 901 1172 esse
935 1131 1210 1184 credendum,
1232 1130 1392 1170 homini
1414 1137 1501 1172 tam
1521 1130 1644 1187 inge·

84 1187 210 1228 nioso
231 1195 403 1242 tamque
435 1188 632 1243 prudenti
668 1202 755 1228 non
789 1188 955 1228 venisse
983 1188 1026 1227 in
1047 1194 1248 1237 mentem,
1269 1201 1354 1227 rem
1378 1187 1486 1227 tanti
1510 1189 1644 1228 scele-
1658 1192 1713 1232 30

84 1243 142 1284 ris
164 1243 324 1299 ignotis
345 1244 581 1298 alienisque
603 1244 734 1284 servis
756 1258 842 1284 non
861 1257 955 1284 esse
977 1243 1246 1284 credendam.
1307 1241 1491 1283 Possum
1513 1243 1643 1284 etiam

84 1298 171 1350 illa,
186 1305 230 1340 et
245 1305 492 1340 caeterorum
512 1305 788 1354 patronorum
809 1306 852 1340 et
872 1299 969 1339 mea
983 1298 1309 1347 consuetudine,
1323 1299 1376 1338 ab
1391 1305 1642 1340 accusatore

84 1354 342 1410 perquirere,
363 1355 437 1395 ubi
459 1355 516 1396 sit
543 1369 798 1410 congressus
819 1370 916 1396 cum
937 1355 1068 1396 servis
1092 1354 1262 1395 Lucceii
1285 1353 1475 1406 Coelius3
1508 1355 1580 1410 qui
1602 1355 1642 1395 ei

86 1409 215 1452 fuerit
233 1411 398 1451 aditus:
433 1410 469 1451 si
490 1425 564 1466 per
584 1425 645 1462 se,
667 1411 754 1466 qua
775 1410 1045 1452 temeritate?
1077 1410 1113 1450 si
1136 1424 1209 1464 per
1225 1409 1368 1460 alium,
1392 1424 1467 1464 per
1487 1410 1643 1465 quem?

87 1466 272 1508 Possum
287 1481 434 1508 omnes
448 1467 633 1508 latebras
643 1467 932 1522 suspicionum
946 1480 1167 1522 peragrare
1180 1465 1385 1507 dicendo:
1402 1479 1488 1506 non
1498 1480 1642 1518 causa,
1658 1471 1714 1512 35

86 1537 175 1564 non
209 1523 344 1571 locus,
364 1537 450 1562 non
483 1522 674 1572 facultas,
696 1536 782 1563 non
814 1523 1030 1570 conscius,
1048 1536 1135 1562 non
1164 1521 1433 1577 perficiendi,
1453 1536 1539 1563 non
1571 1536 1644 1564 oc-

88 1578 282 1619 cultandi
313 1578 514 1619 maleficii
535 1593 648 1633 spes,
669 1593 755 1619 non
786 1578 893 1619 ratio
912 1579 1011 1629 ulla,
1032 1592 1117 1619 non
1139 1576 1369 1633 vestigium
1390 1578 1562 1618 maximi
1583 1578 1644 1619 fa-

88 1633 246 1675 cinoris
263 1634 506 1690 reperietur.
537 1634 625 1674 Sed
641 1635 748 1685 haec,
765 1649 859 1689 quae
876 1642 976 1675 sunt
992 1633 1169 1675 oratoris
1186 1633 1369 1689 propria,
1392 1636 1507 1688 (quae
1523 1633 1642 1685 mihi,

90 1705 178 1731 non
197 1697 370 1746 propter
408 1690 627 1745 ingenium
661 1705 816 1739 meum,
839 1691 915 1730 sed
949 1696 1119 1745 propter
1150 1689 1262 1730 hanc
1296 1691 1644 1731 exercitationem

87 1761 297 1802 usumque
317 1745 505 1796 dicendi,
526 1746 711 1787 fructum
732 1746 916 1801 aliquem
937 1746 1042 1787 ferre
1063 1745 1317 1801 potuissent,
1338 1744 1435 1786 cum
1453 1747 1477 1785 ἐι
1494 1760 1560 1787 me
1580 1746 1644 1801 ip·
1660 1752 1718 1793 40

91 1816 140 1842 so
160 1802 352 1843 laborata
371 1802 545 1858 proferri
576 1802 837 1854 viderentur)
863 1802 1078 1843 brevitatis
1113 1800 1246 1841 causa
1273 1801 1464 1856 relinquo
1487 1802 1645 1843 omnia.

91 1858 244 1899 Habeo
266 1858 394 1909 enim,
408 1857 594 1914 judiceS,
615 1874 744 1914 quem
763 1872 839 1899 vos
861 1858 1028 1899 socium
1048 1864 1199 1898 vestrae
1218 1856 1434 1913 religionis
1449 1857 1646 1914 jurisque

85 1914 258 1969 jurandi
292 1913 417 1955 facile
439 1929 533 1955 esse
564 1914 801 1971 patiemini,
825 1914 871 1955 L.
894 1913 1138 1963 Lucceium,
1163 1912 1482 1954 sanctissimum
1512 1913 1646 1955 homi-

92 1984 206 2020 nem,
226 1977 269 2011 et
300 1970 598 2026 gravissimum
628 1978 808 2021 testem,
840 1971 912 2026 qui
942 1977 1108 2012 tantum
1143 1969 1308 2010 facinus
1327 1969 1371 2009 in
1393 1969 1550 2010 famam
1583 1976 1648 2010 at-

95 2040 178 2081 que
211 2025 402 2067 fortunas
438 2041 536 2067 suas
571 2041 711 2082 neque
745 2041 832 2067 non
868 2026 1058 2067 audisset
1088 2025 1254 2065 illatum
1284 2024 1310 2064 a
1332 2024 1484 2075 Coelio,
1507 2040 1646 2080 neque
1664 2031 1722 2073 45

93 2082 372 2137 neglexisset,
403 2096 542 2137 neque
577 2083 760 2124 tulisset.
820 2082 890 2122 An
925 2083 994 2122 ille
1026 2081 1103 2132 vir,
1137 2080 1213 2121 illa
1243 2080 1505 2121 humanitate
1543 2096 1649 2136 pree-

95 2138 226 2187 ditus‚
242 2137 326 2179 illis
347 2138 516 2190 studiis,
533 2138 708 2189 artibus,
731 2144 859 2194 atque
881 2136 1092 2188 doctrina,
1114 2136 1226 2178 illius
1246 2135 1379 2192 ipsius
1396 2135 1647 2192 periculum,

138 2310 190 2339 14.
216 2306 346 2338 Venerem
370 2307 479 2348 illam]
525 2306 639 2339 Clodia
658 2307 852 2339 simulacrum
941 2309 993 2338 90.
1020 2305 1097 2336 Vidit
1113 2306 1163 2336 hoe
1179 2305 1314 2346 Balbus]
1359 2306 1452 2336 Balbi
1477 2306 1649 2337 testimoni-

95 2350 228 2381 Veneris
245 2360 369 2381 aureum
386 2351 498 2381 habere
514 2351 684 2386 dicebatur,
700 2361 803 2391 quam,
819 2355 854 2387 ut
896 2360 960 2385 um,
976 2348 1101 2379 allatum
1118 2350 1156 2378 ab
1173 2348 1411 2385 accusatoribus,
1426 2349 1541 2379 irritum
1564 2350 1650 2380 facit.

97 2393 239 2423 meretrix
255 2398 287 2422 ct
301 2393 458 2433 impudica
473 2393 592 2429 mulier,
608 2393 740 2423 colebat.
939 2394 991 2422 24.
1017 2391 1080 2426 Qu&
1094 2391 1203 2431 vellet]
1249 2391 1287 2421 In
1312 2401 1406 2431 quem
1433 2402 1517 2421 usum
1543 2402 1650 2421 aurum

140 2435 190 2465 lb.
209 2435 431 2475 Spolwcricem]
475 2435 688 2476 Spoliatricem
703 2435 852 2476 appellat,
895 2434 971 2464 illud
988 2435 1139 2464 insumere
1156 2435 1261 2470 vellet,
1275 2433 1389 2464 Coelius
1405 2433 1525 2464 Clodiae
1539 2434 1626 2463 dixit.

98 2477 172 2518 quia
196 2477 328 2508 Veneris
355 2478 469 2508 auxilio
500 2479 613 2508 multos
641 2478 853 2509 adolescentes
939 2479 992 2508 33.
1021 2476 1076 2506 Ubi
1097 2479 1134 2506 sit
1159 2475 1346 2518 cngressus.]
1394 2476 1519 2506 Excutit
1543 2485 1649 2506 omncs

99 2519 284 2559 patrimonio
300 2520 412 2551 Clodia
427 2520 623 2561 spoliaverat.
897 2519 1152 2555 circumstantias,
1166 2525 1230 2549 tum
1246 2519 1264 2548 ὁ.
1278 2519 1347 2549 loco
1371 2519 1527 2559 praecipue
1552 2523 1584 2547 et
1603 2518 1650 2546 fa-

146 2561 196 2594 19.
238 2562 420 2603 Popularia]
476 2563 632 2603 Populare
668 2563 782 2593 dicitur
804 2562 853 2593 vel
897 2562 1031 2599 cultate3
1055 2567 1087 2592 et
1098 2562 1252 2592 salsaesse
1262 2562 1461 2597 demonstrat,
1471 2570 1540 2601 quae
1550 2559 1650 2590 Coelio

100 2604 183 2643 quod
193 2614 355 2635 commune
371 2611 419 2635 est
428 2605 616 2646 populo,vel
632 2607 717 2648 quod
729 2605 775 2636 illi
788 2616 856 2646 gra·
899 2603 1020 2644 objecta
1036 2610 1115 2635 sunt.

102 2651 167 2675 tum
184 2652 232 2676 est
245 2652 278 2677 et
291 2647 480 2687 jucundum.
941 2648 996 2678 42.
1021 2643 1251 2687 Jurisjurandifj
1296 2645 1424 2676 Judices
1440 2649 1472 2674 et
1487 2648 1579 2675 testes
1595 2643 1650 2683 ju-

143 2687 192 2717 Ib.
239 2688 422 2731 Hospitalis]
481 2690 610 2732 Propter
651 2690 858 2726 simulacrum,
900 2690 1021 2726 rabant,
1036 2700 1067 2721 se
1081 2690 1156 2721 nihil
1177 2695 1282 2723 contra
1297 2687 1449 2728 justitiam
1463 2691 1583 2719 acturos
1599 2685 1650 2717 vel

101 2731 185 2770 quod
198 2730 230 2760 in
246 2732 308 2762 suis
323 2733 441 2765 aedibus
456 2733 568 2766 Clodia
584 2734 772 2772 asservabat,
785 2734 856 2764 hos-
899 2732 1032 2765 dicturos
1048 2743 1127 2765 esse.

101 2773 206 2813 pitalis
222 2772 344 2808 dicitur.
906 2772 910 2776 ’
