1858 3095
736 142 828 175 PRO
853 141 1064 182 MURENA.

125 220 210 261 ria:
242 234 367 263 omne
387 219 594 262 delictum
615 218 756 260 scelus
775 232 869 260 esse
891 219 1124 261 nefarium:
1157 235 1236 264 nec
1256 221 1395 263 miuus
1429 223 1677 280 delinquere

125 291 237 325 eum,
257 279 330 334 qui
353 277 513 334 gallum
545 275 845 331 gallinaceum,
868 274 966 316 cum
1001 291 1108 330 opus
1138 292 1221 318 non
1256 277 1397 329 fuerit,
1415 279 1547 334 quam
1568 296 1678 332 eum,

125 334 197 389 qui
217 331 699 389 patrem,suffocaverit:
733 333 970 387 sapientem
989 333 1090 373 nihil
1106 334 1286 389 opinari,
1302 335 1458 376 nullius
1472 336 1530 376 rei
1547 338 1682 390 poeni-

127 398 230 441 tere,
252 390 370 432 nulla
395 390 436 429 in
458 403 500 430 re
522 389 627 439 falli,
650 389 908 429 sententiam
932 397 1092 431 mutare
1129 405 1360 446 nunquam.

127 445 512 501 ingeniosissimus,
535 445 599 486 M.
619 446 745 496 Cato,
767 445 1014 486 auctoribus
1036 447 1332 487 eruditissimis
1355 448 1572 499 inductus,
1586 449 1683 490 arri-
1701 449 1757 489 20

1424 392 1525 433 Haec
1555 393 1681 434 homo

127 503 243 558 puit3
275 517 411 558 neque
448 502 695 557 disputandi
731 503 877 552 causa,
898 510 943 542 ut
971 517 1127 558 magna
1162 518 1272 558 pars,
1295 505 1370 544 sed
1404 504 1464 544 ita
1498 505 1682 546 vivendi.

130 559 289 600 Petunt
324 558 488 614 aliquid
522 558 770 614 publicani?
802 573 904 599 cave
933 558 1168 614 quidquam
1187 559 1343 600 habeat
1364 561 1567 601 momenti
1590 576 1684 617 gra-

128 615 198 656 tia.
259 615 484 671 Supplices
516 615 647 670 aliqui
677 614 867 663 veniunt,
901 615 1041 654 miseri
1077 622 1119 655 et
1152 615 1418 656 calamitosi?
1450 618 1683 658 sceleratus

125 677 169 711 et
208 671 392 712 nefarius
427 671 573 721 fueris,
611 671 646 712 si
676 670 910 726 quidquam
944 670 1238 711 misericordia
1266 672 1478 713 adductus
1514 673 1682 714 feceris.

127 726 300 768 Fatetur
334 728 488 783 aliquis
518 743 563 768 se
589 741 813 783 peccasse,
838 734 881 767 et
909 727 1000 781 ejus
1034 727 1181 767 delicti
1204 727 1371 768 veniam
1393 728 1534 784 petit?
1566 731 1684 771 nefa-
1702 730 1756 770 25

126 783 232 824 rium
253 791 320 825 est
340 784 507 824 facinus
530 784 766 839 ignoscere.

827 783 887 823 At
907 783 999 823 leve
1021 783 1226 823 delictum
1248 791 1336 825 est:
1370 786 1512 826 omnia
1533 801 1685 841 pecca-

126 846 170 880 ta
182 847 283 881 sunt
297 840 426 896 paria.
478 839 641 880 Dixisti
655 838 904 901 quidpiam?
937 838 954 861 ¹¹
969 840 1101 880 fixum
1119 847 1161 880 et
1175 847 1379 881 statutum
1396 849 1476 882 est.
1526 843 1625 883 Non
1642 858 1685 884 re

127 896 283 938 ductus
304 911 362 945 es,
386 895 461 937 sed
483 896 715 952 opinione?
747 910 917 951 sapiens
947 895 1052 936 nihil
1085 897 1294 951 opinatur.

126 952 171 993 in
191 967 234 994 re
248 954 264 993 ’ἶ
295 954 404 994 male
437 952 524 993 dici
545 959 682 1008 putat.

1358 897 1519 939 Errasti
1542 899 1687 955 aliqua

743 951 842 993 Hac
864 966 917 992 ex
938 952 1168 1007 disciplina
1188 953 1313 994 nobis
1335 954 1407 994 illa
1423 962 1549 996 sunt:
1583 955 1685 996 Dixi

128 1008 170 1049 in
193 1016 363 1061 senatu,
384 1024 452 1050 me
474 1023 630 1050 nomen
653 1008 892 1050 consularis
910 1009 1128 1049 candidati
1152 1010 1416 1052 delaturum:
1448 1012 1580 1052 iratus
1597 1012 1687 1052 <lix-
1704 1013 1759 1053 30

128 1065 226 1116 isti;
256 1080 489 1122 nunquam,
506 1066 661 1121 inquit,
682 1065 853 1120 sapiens
870 1064 1076 1106 irascitur.
1124 1067 1184 1106 At
1200 1067 1403 1121 temporis
1421 1067 1577 1109 causa:
1610 1068 1687 1109 im-

129 1122 264 1176 probi,
293 1122 448 1178 inquit,
467 1122 650 1163 hominis
687 1131 752 1162 est
773 1121 997 1162 mendacio
1030 1122 1201 1172 fallere3
1235 1131 1396 1164 mutare
1418 1125 1688 1173 sententiam,

130 1186 252 1234 turpe
275 1186 366 1229 est3
397 1178 560 1220 exorari
578 1179 746 1229 scelus3
779 1177 982 1229 misereri,
1005 1178 1230 1233 flagitium.

1293 1179 1438 1221 Nostri
1461 1188 1603 1222 autem
1626 1181 1688 1222 illi

127 1235 314 1285 (fatebor
334 1235 461 1286 enim,
483 1235 609 1285 Cato,
630 1250 697 1276 me
718 1249 889 1290 quoque
911 1234 955 1274 in
977 1235 1287 1285 adolescentia,
1309 1236 1494 1277 diffisum
1515 1237 1689 1293 ingenio

132 1305 240 1341 meo,
260 1291 466 1346 quaesisse
488 1292 736 1346 adjumenta
757 1290 982 1338 doctrinae)
1004 1291 1150 1341 nostri,
1173 1292 1362 1353 inquam,
1384 1294 1443 1333 illi
1461 1292 1486 1333 ὲ
1509 1293 1688 1335 Platone
1706 1296 1762 1336 35

128 1353 171 1388 et
181 1346 646 1398 Aristotele‚moderati
663 1346 858 1388 homines
872 1355 915 1387 et
927 1348 1164 1402 temperati,
1178 1356 1312 1399 aiunt,
1326 1351 1438 1405 apud
1453 1350 1690 1405 sapientem

129 1403 269 1445 valere
290 1403 524 1459 aliquando
547 1404 752 1460 gratiam:
783 1403 859 1443 viri
891 1403 992 1443 boni
1020 1418 1113 1444 esse
1145 1403 1358 1446 misereri:
1391 1405 1597 1447 distincta
1618 1421 1690 1462 ge-

129 1474 231 1501 nera
247 1475 341 1501 esse
358 1460 628 1512 delictorum,
646 1467 688 1501 et
701 1459 894 1515 dispares
909 1475 1058 1515 poenas
1075 1476 1084 1500 ε
1117 1475 1210 1501 esse
1225 1462 1339 1516 apud
1356 1462 1573 1504 hominem
1590 1477 1691 1504 con-

128 1523 313 1557 stantem
334 1516 587 1572 ignoscendi
607 1518 773 1558 locum:
805 1516 945 1571 ipsum
965 1516 1200 1572 sapientem
1223 1518 1336 1573 saepe
1358 1519 1521 1575 aliquid
1543 1519 1690 1575 opina-

127 1573 177 1623 ri,
198 1573 315 1628 quod
336 1573 524 1615 nesciat:
557 1574 682 1615 irasci
704 1587 1036 1628 nonnunquam:
1070 1574 1232 1614 exorari
1251 1576 1462 1626 eumdem,
1484 1583 1527 1617 et
1547 1578 1691 1632 placa-
1707 1577 1762 1619 40

221 1629 339 1685 quod
356 1630 524 1682 dixerit,
540 1629 768 1679 interdum,
787 1630 821 1669 si
844 1629 906 1670 ita
921 1630 1076 1670 rectius
1095 1630 1163 1679 sit,
1180 1637 1342 1673 mutare
1359 1648 1368 1673 :
1400 1633 1454 1674 de
1475 1633 1692 1675 sententia

130 1628 189 1670 ri:

129 1685 338 1728 decedere
352 1686 601 1743 aliquando:
634 1701 782 1728 omnes
795 1684 972 1727 virtutes
989 1686 1281 1728 mediocritate
1295 1689 1483 1743 quadam
1496 1704 1590 1731 esse
1603 1704 1692 1731 mo-

689 1832 708 1857 ¹¹
720 1835 871 1876 stabile
889 1835 1131 1889 etflmnum.

177 2000 228 2031 16.
253 2001 342 2033 Omne
354 2003 520 2044 delictum]
544 2002 703 2034 Volebant
716 2003 818 2034 Sto'i'ci
834 2004 890 2034 de-

133 2044 239 2074 lictum
277 2056 381 2080 omne,
407 2053 692 2086 quantumcumque
728 2046 889 2076 minimum

133 2087 201 2116 aliis
215 2087 368 2123 videatur,
383 2090 499 2118 crimen
516 2100 582 2119 esse
600 2089 775 2118 niaximum.

179 2133 229 2160 18.
254 2130 337 2161 Nihil
351 2132 492 2172 opinari]
540 2131 671 2172 Opinati
687 2136 733 2161 cst
753 2132 891 2167 incertae,

134 2178 188 2202 aut
207 2172 315 2213 parum
342 2174 484 2214 cognitae,
507 2174 556 2204 vel
576 2174 668 2204 ctiam
695 2173 739 2204 rei
769 2184 890 2213 prorsus

133 2215 218 2245 salsae
233 2216 392 2247 assentiri:
416 2216 486 2247 esim
514 2222 630 2252 autem,
653 2227 691 2246 ex
712 2217 888 2246 Stoicorum

133 2259 299 2294 sententia,
316 2270 417 2300 neque
433 2261 505 2300 capi
528 2270 630 2300 neque
646 2259 709 2289 salli
727 2259 823 2300 possit
840 2270 887 2290 sa-

135 2301 238 2342 piens,
255 2303 374 2342 opinari
393 2303 486 2332 ctiam
503 2314 564 2332 non
582 2308 695 2343 potest.

179 2347 230 2374 21.
256 2344 304 2374 Ιια
319 2346 461 2386 vivendi]
508 2345 583 2376 Non
611 2346 749 2385 disputat
773 2346 812 2375 de
831 2345 889 2375 illis

133 2386 286 2427 dogmatis
313 2388 488 2420 Stoicorum
513 2389 604 2424 Cato,
620 2389 674 2419 scd
690 2399 727 2418 ex
742 2388 779 2418 iis
795 2388 888 2418 vitam

133 2440 219 2460 suam
233 2431 374 2461 instituit.

179 2474 230 2503 22.
266 2473 450 2514 Publicuni.]
497 2473 528 2503 Si
554 2472 610 2511 illi,
640 2473 694 2512 qui
724 2472 888 2511 vectigalia

134 2516 323 2554 conducunt,
339 2523 450 2558 petunt
473 2522 508 2546 ut
528 2515 647 2556 aliquid
673 2515 732 2546 sibi
752 2515 890 2546 remitta-

136 2561 184 2586 tur
197 2558 243 2588 vel
260 2565 386 2600 propter
402 2558 528 2594 bellum,
543 2559 591 2588 vel
610 2564 736 2599 propter
759 2559 829 2589 coeli
844 2560 890 2589 in-

131 2598 240 2638 jurias,
252 2611 314 2631 non
329 2602 459 2632 audiunt
472 2602 581 2632 Stoici.

180 2645 232 2673 ⁴27.
258 2642 325 2674 Non
343 2645 402 2686 να]
449 2644 488 2676 Id
503 2650 561 2681 cst,
574 2644 641 2685 ipsa
656 2645 700 2675 rei
716 2644 842 2674 veritate
860 2649 890 2674 et

134 2684 272 2716 scientia.

179 2729 234 2759 31.
269 2728 387 2768 Sapiens
415 2731 581 2772 irascitur]
641 2730 823 2761 Plutarchus
858 2729 890 2759 in

137 2770 258 2802 Catone
275 2771 329 2807 ait,
343 2782 412 2802 eum
436 2773 550 2804 temere
576 2784 639 2804 non
664 2773 766 2810 irasci,
782 2773 849 2808 sed.
865 2772 890 2803 si

934 2004 1060 2044 quando
1074 2001 1274 2042 irascebatur,
1284 2005 1513 2046 implacabilem
1530 2016 1608 2045 esse,
1621 2007 1694 2037 soli-

934 2052 998 2076 tum
1014 2046 1122 2077 fuisse,

977 2091 1030 2121 35
1076 2087 1213 2119 Quaesisse
1242 2091 1412 2129 adjumenta
1427 2091 1591 2132 doctrinm]
1637 2092 1692 2123 Ci-

934 2129 1176 2166 cer0,licetnulli
1186 2133 1439 2174 philosophorum
1451 2139 1542 2164 sectae
1550 2135 1691 2166 addictus

935 2174 1039 2210 fucrit,
1052 2174 1130 2203 visus
1149 2181 1196 2204 cst
1212 2181 1315 2206 tamen
1331 2176 1536 2207 Academicos
1548 2178 1646 2218 sequi.

978 2217 1026 2247 Il».
1052 2216 1115 2252 Illi,
1130 2216 1148 2245 ὰ
1161 2217 1285 2249 Platone
1299 2225 1327 2249 et
1341 2219 1520 2260 Aristotele-J
1551 2219 1691 2250 Platonis

934 2265 966 2289 ct
980 2259 1155 2290 Aristotelis
1185 2268 1341 2303 praecepta
1358 2262 1538 2292 Academici
1556 2268 1588 2293 et
1605 2263 1691 2294 Peri-

932 2302 1062 2342 patetici
1086 2303 1184 2333 secuti
1208 2310 1291 2341 sunt,
1317 2316 1387 2345 quae
1417 2305 1568 2335 contraria
1595 2306 1690 2336 fuisse

934 2345 1049 2375 Stoi'cis
1072 2346 1221 2376 ostendit.

975 2390 1028 2419 35.
1046 2388 1192 2418 Moderati
1205 2389 1326 2419 homiues
1339 2395 1366 2420 et
1382 2390 1559 2431 temperati]
1604 2389 1691 2421 Doc-

932 2431 1012 2460 trina
1027 2430 1201 2461 Stoicorum
1219 2433 1323 2462 durior
1339 2433 1407 2468 fuit,
1423 2438 1456 2463 ut
1470 2434 1563 2463 antea
1579 2433 1690 2464 Cicero

932 2473 1020 2510 dixit,
1034 2480 1066 2504 et
1077 2474 1449 2506 mitiorAcadcmicorum
1463 2483 1495 2506 et
1505 2475 1692 2516 Peripateti—

934 2526 1050 2546 corum.

978 2561 1031 2589 40.
1087 2559 1181 2590 Irasci
1208 2561 1443 2601 nonnunquam]
1492 2560 1688 2601 Aristoteles,

936 2601 989 2631 lib.
1011 2604 1041 2632 3.
1072 2603 1174 2633 Etliie.
1199 2603 1274 2633 iram
1297 2612 1397 2634 cotem
1422 2603 1611 2634 fortitudinis
1634 2613 1690 2633 no-

936 2645 1042 2676 minat.

978 2690 1030 2719 42.
1055 2687 1254 2718 Mediocritate
1277 2699 1329 2719 esse
1353 2688 1537 2728 moderatas]
1583 2688 1690 2719 Virtus

934 2730 977 2761 ita
993 2731 1025 2760 in
1042 2731 1253 2761 mediocritate
1269 2731 1327 2761 sita
1342 2736 1400 2768 cst,
1413 2736 1458 2768 ul,
1470 2731 1496 2761 si
1511 2731 1586 2772 quid
1600 2732 1690 2763 nimis

937 2774 1081 2810 excedat,
1097 2773 1192 2805 virtus
1207 2784 1269 2804 non
1285 2774 1334 2807 sit.

1669 148 1748 196 177
