1858 3095
688 148 739 183 IN
763 148 1022 183 CATILINAM
1046 150 1092 182 11.
1661 154 1739 197 111

109 232 209 268 sunt
221 225 351 283 quam
364 240 461 283 pars
474 224 991 283 patriciorum,potestate
1004 233 1148 269 tamen
1161 225 1310 270 nostra
1322 227 1668 271 continebuntur.

111 283 164 332 Q.
187 283 406 334 Metellus,
447 297 576 338 quem
608 297 704 339 ego,
726 283 992 340 prospiciens
1027 284 1124 332 hoc,
1155 284 1198 325 in
1228 299 1376 341 agrum
1398 284 1669 326 Gallicanum

109 339 405 396 Picenumque
438 339 637 394 praemisi,
669 347 745 381 aut
782 341 992 396 opprimet
1021 340 1251 391 hominem,
1288 348 1364 382 aut
1395 355 1543 382 omnes
1577 343 1668 396 ejus
1691 343 1742 384 10

107 404 249 438 motus
271 403 535 451 conatusque
564 396 823 451 prohibebit.
884 396 1080 452 Reliquis
1104 404 1247 439 autem
1278 398 1330 438 de
1363 397 1489 439 rebus
1510 398 1671 439 consti-

110 453 297 503 tuendis,
349 451 661 505 bmaturandis,
711 452 908 508 agendis,
939 454 1030 509 jam
1079 455 1132 494 ad
1182 461 1379 495 senatum
1424 453 1669 503 referemus,

110 524 237 566 quem
255 507 399 550 vocari
431 508 603 550 videtis.
664 508 791 550 Nunc
821 510 919 550 illos
955 510 1027 565 qui
1057 509 1100 550 in
1126 509 1241 551 Urbe
1280 516 1587 560 remanserunt,
1610 516 1671 550 at-

143 580 192 606 ue
231 563 338 605 adeo
375 563 448 620 qui
485 573 634 606 contra
670 565 799 607 Urbis
841 567 1036 616 salutern,
1074 566 1350 622 omniumque
1391 566 1593 617 vestrum,
1628 566 1671 606 in

110 582 223 662 ffirbe
245 620 271 662 ἐι
295 620 485 662 Catilina
506 621 646 663 relicti
667 629 779 672 sunt,
802 636 1060 677 quamquam
1083 628 1184 662 sunt
1204 622 1366 671 hostes,
1390 629 1547 671 tamen,
1569 622 1671 678 quia
1694 625 1743 666 15

109 677 198 719 nati
239 683 339 718 sunt
377 676 509 729 cives,
532 678 719 719 monitos
760 678 889 719 etiam
929 685 1058 734 atque
1098 677 1226 718 etiam
1251 678 1361 720 volo.
1423 679 1527 719 Mea
1565 679 1672 720 leni-

104 740 170 775 tas
191 733 332 775 adhuc
352 733 389 774 si
410 734 479 775 cui
503 734 710 775 csolutior
742 734 834 775 visa
867 734 1054 788 est,¹'1hoc
1086 735 1372 790 exspectavit,
1394 741 1442 776 ut
1471 735 1530 786 id,
1553 736 1671 791 quod

107 790 284 839 latebat,
305 796 558 846 erumperet.
619 790 747 838 Quod
780 790 993 847 reliquum
1025 790 1213 842 est‚jam
1244 804 1332 831 non
1364 805 1540 847 possum
1563 792 1672 832 obli-

106 845 229 896 visci,
250 860 391 887 meam
410 847 523 888 hanc
543 861 636 887 esse
657 846 855 902 patriam,
876 861 944 887 me
980 846 1133 887 horum
1161 861 1254 888 esse
1289 848 1534 899 consulem3
1566 847 1670 889 mihi

111 910 188 944 aut
208 917 308 944 cum
328 902 395 943 his
415 902 662 955 vivendum,
684 909 759 944 aut
778 917 854 959 pro
882 902 950 944 his
969 917 1063 944 esse
1084 903 1366 945 moriendum.
1427 904 1584 945 Nullus
1606 910 1673 946 est
1689 907 1746 948 20

109 965 242 1016 portae
264 966 426 1010 custos,
439 959 580 1001 nullus
602 959 826 1001 insidiator
844 959 944 1001 viae:
977 958 1014 1000 si
1036 959 1109 1015 qui
1127 959 1242 1001 exire
1262 962 1428 1012 volunt,
1446 962 1672 1003 consulere

110 1015 193 1057 sibi
255 1022 430 1057 ossunt:
463 1016 536 1072 qui
566 1015 665 1057 verb
696 1016 740 1057 in
774 1016 877 1058 urbe
910 1031 955 1057 se
988 1017 1278 1068 commoverit,
1311 1018 1432 1074 cujus
1469 1031 1550 1073 ego
1586 1032 1674 1058 non

116 1072 246 1113 modo
275 1073 452 1124 factum,
481 1072 557 1114 sed
589 1073 808 1129 inceptum
847 1073 976 1114 ullum
1011 1079 1280 1124 conatumve,
1316 1081 1466 1115 contra
1493 1074 1675 1129 patriam

114 1128 450 1185 deprehendero,
474 1128 631 1170 sentiet
650 1129 695 1170 in
716 1129 802 1170 hirc
835 1130 938 1170 urbe
968 1144 1062 1170 esse
1092 1131 1292 1171 consules
1313 1131 1556 1186 vigilantes,
1578 1145 1673 1172 esse

114 1185 312 1242 egregios
344 1185 636 1241 magistratus,
657 1200 752 1227 esse
782 1185 936 1227 fortem
968 1192 1177 1237 senatum,
1199 1201 1292 1228 esse
1315 1201 1444 1237 arma,
1467 1202 1561 1229 esse
1583 1201 1670 1228 car·
1691 1191 1746 1231 25

114 1256 269 1292 cerem,
305 1256 435 1297 quem
475 1241 691 1283 vindicem
731 1242 986 1283 nefariorum
1016 1257 1067 1284 ac
1096 1243 1421 1284 manifestorum
1463 1245 1675 1285 scelerum

114 1298 298 1352 majores
333 1297 469 1338 nostri
497 1312 591 1338 esse
623 1299 861 1339 voluerunt.
921 1299 1065 1353 Atque
1101 1299 1195 1339 haec
1229 1300 1371 1340 omnia
1394 1299 1459 1341 sic
1479 1307 1674 1356 agentur,

115 1353 319 1404 Quirites,
340 1359 389 1394 ut
422 1368 488 1394 res
523 1354 718 1395 maximae
751 1353 928 1395 minimo
961 1361 1096 1405 motu,
1125 1354 1316 1409 pericula
1355 1370 1520 1397 summa
1558 1357 1674 1397 nullo

113 1411 316 1461 tumultu,
336 1410 497 1451 bellum
526 1409 779 1452 intestinum
811 1425 862 1451 ac
896 1410 1195 1459 domesticum,
1215 1418 1317 1467 post
1346 1411 1569 1453 hominum
1590 1427 1677 1454 me-

113 1466 293 1508 moriam
342 1466 686 1508 crudelissimum
716 1482 767 1508 ac
798 1466 1043 1518 maximum,
1074 1481 1142 1508 me
1172 1482 1258 1509 uno
1297 1474 1446 1524 togato
1492 1469 1602 1510 duce
1633 1475 1677 1510 et
1693 1473 1749 1516 30

114 1523 383 1579 imperatore,
418 1523 614 1574 sedetur3
645 1524 760 1580 quod
793 1538 874 1580 ego
914 1523 978 1564 sic
1014 1523 1339 1576 administrabo,
1376 1524 1582 1577 Quirites,
1615 1534 1676 1576 ut,

117 1580 153 1621 si
174 1579 262 1620 ullo
290 1579 420 1620 modo
448 1579 539 1620 fieri
573 1580 744 1635 poterit,
765 1594 818 1620 ne
848 1580 1067 1635 improbus
1088 1580 1262 1635 quidem
1283 1581 1510 1637 quisquam
1528 1582 1572 1622 in
1592 1581 1678 1623 hac

117 1636 221 1677 urbe
238 1649 412 1692 poenam
428 1635 494 1676 sui
516 1636 689 1677 sceleris
713 1635 900 1678 sufferat.
963 1636 1064 1687 Sed,
1082 1637 1118 1677 si
1138 1636 1201 1676 vis
1217 1637 1454 1678 manifestae
1470 1637 1677 1690 audaciae,

116 1692 151 1734 si
168 1692 421 1749 impendens
443 1692 591 1747 patriae
613 1693 867 1749 periculum,
884 1708 953 1734 me
977 1692 1220 1734 necessario
1243 1693 1297 1734 de
1318 1694 1403 1735 hac
1423 1694 1554 1735 animi
1573 1695 1680 1737 leni-

117 1756 206 1790 tate
247 1748 516 1797 deduxerint,
556 1749 663 1791 illud
707 1749 903 1806 profecto
954 1749 1188 1806 perficiam,
1227 1750 1343 1806 quod
1381 1751 1426 1791 in
1475 1758 1594 1793 tanto
1635 1759 1679 1793 et
1695 1759 1750 1799 25

117 1814 206 1847 tam
242 1804 453 1848 insidioso
493 1805 608 1847 bello
645 1805 718 1848 vix
757 1806 993 1862 optandum
1036 1806 1218 1856 videtur,
1250 1813 1299 1848 ut
1327 1821 1381 1848 ne
1412 1807 1508 1864 quis
1539 1809 1678 1850 bonus

117 1862 313 1914 intereat,
333 1876 654 1920 paucorumque
686 1863 819 1919 poena
849 1877 925 1904 vos
947 1877 1095 1904 omnes
1118 1863 1210 1918 jam
1231 1863 1335 1904 salvi
1357 1879 1451 1905 esse
1486 1864 1679 1921 possitis.

119 1919 228 1966 Quae
247 1918 421 1975 quidem
452 1933 549 1975 egO,
569 1934 710 1976 neque
731 1918 828 1960 mea
844 1919 1071 1975 prudentia
1090 1934 1229 1975 neque
1256 1919 1453 1962 humanis
1485 1921 1678 1963 consiliis

121 1975 272 2027 fretus,
313 1975 523 2032 polliceor
566 1976 706 2029 vobis,
742 1975 949 2029 Quirites,
995 1976 1072 2018 sed
1115 1975 1263 2018 multis
1313 1984 1356 2019 et
1402 1991 1489 2019 non
1537 1977 1679 2021 dubiis

465 2144 481 2168 ¹³
496 2136 795 2188 accelerandi&
1156 2152 1171 2169 Ε
1185 2147 1338 2199 major.

165 2317 185 2345 8
209 2314 305 2346 Quam
317 2314 415 2356 pars.]
458 2314 487 2345 E
516 2312 646 2356 patricio
673 2326 787 2356 genere
813 2316 882 2357 qui·
927 2315 1006 2351 illos,
1037 2315 1089 2357 qui
1117 2316 1157 2346 ad
1188 2315 1353 2348 Catilinam
1375 2317 1618 2359 proficiscentur,
1643 2319 1684 2350 ad

122 2359 195 2389 dam
216 2359 317 2389 seculi
345 2363 417 2388 sunt
436 2358 616 2389 Catilinam.
658 2359 750 2390 Certe
773 2361 884 2390 multos
926 2364 1056 2390 mortem
1070 2359 1180 2399 rapiat.

122 2401 140 2432 ὲ
153 2402 346 2432 senatoribus
361 2401 524 2432 Sallustius
537 2401 686 2439 nominat,
699 2402 754 2444 qui
767 2402 798 2433 in
810 2413 884 2433 con·
971 2403 1023 2432 25.
1047 2401 1222 2443 carcerem]
1274 2402 1429 2443 Ulpianus
1453 2403 1507 2440 ait,
1530 2415 1683 2436 carcerem

117 2443 275 2484 juratione
291 2445 425 2475 fuerunt.
928 2445 1113 2475 aedificatum
1135 2444 1241 2481 fuisse,
1261 2455 1323 2475 non
1339 2447 1379 2476 ad
1399 2446 1580 2487 plectendos
1600 2448 1684 2478 cives

167 2489 197 2518 9.
224 2487 252 2522 Q
275 2487 437 2528 Metellus]
484 2486 516 2518 Is
536 2486 687 2518 Metellus
706 2487 798 2519 Celer
812 2487 883 2523 fuit,
926 2486 1096 2528 improbos,
1128 2488 1183 2517 sed
1226 2488 1462 2528 reprimendos3
1497 2495 1601 2520 tamen
1634 2489 1685 2521 hic

124 2529 175 2560 cui
188 2540 221 2560 se
235 2530 310 2560 dare
323 2530 424 2560 -voluit
437 2530 469 2561 in
485 2530 658 2562 custodiam
670 2531 816 2567 Catilina,
829 2532 885 2561 sed
928 2529 1038 2560 Cicero
1054 2530 1218 2561 manifeste
1241 2530 1371 2567 indicat,
1386 2532 1425 2562 ad
1450 2542 1503 2562 eos
1518 2532 1609 2562 etiam
1627 2543 1685 2572 pu-

126 2572 263 2613 quicum
281 2573 472 2612 repudiavit.
929 2573 1065 2602 niendos
1099 2573 1193 2603 fuisse
1224 2573 1413 2604 institutum:
1451 2575 1544 2604 refert
1581 2580 1685 2604 autem

170 2617 222 2646 16.
261 2614 337 2646 Nau·
364 2622 433 2646 sunt
460 2616 559 2657 cives]
604 2615 691 2647 Inter
711 2615 886 2657 conjuratos
930 2615 1047 2651 Livius,
1067 2614 1120 2645 lib.
1137 2615 1156 2646 i.
1175 2616 1277 2647 media
1291 2616 1322 2647 in
1337 2616 1412 2647 urbe
1436 2616 1501 2647 foro
1524 2616 1688 2647 imminen-

127 2657 180 2688 alii
195 2662 282 2688 erant
296 2658 360 2688 nati
375 2660 472 2694 cives,
489 2659 540 2689 alii
555 2658 680 2689 civitate
696 2659 815 2690 donati.
932 2662 995 2688 tem
1011 2658 1114 2689 suisse-

171 2702 223 2730 18.
248 2700 394 2742 Latebat]
453 2701 634 2743 Conjuratio
656 2702 785 2740 latebat,
799 2701 853 2733 scd
870 2700 889 2730 ’ὲ
973 2702 1026 2731 30.
1051 2700 1185 2742 Togata]
1229 2701 1318 2742 Toga
1342 2700 1479 2731 Romani
1492 2700 1524 2731 in
1549 2711 1640 2742 pace,
1656 2702 1688 2733 in

131 2743 283 2774 Cicerone
299 2749 406 2784 aperta
420 2750 477 2776 est.
930 2741 1012 2773 bello
1029 2744 1124 2786 sagis,
1139 2744 1194 2776 sed
1210 2744 1283 2786 toga
1307 2754 1430 2786 semper
1452 2743 1606 2783 consules,
1622 2751 1689 2777 ute-

173 2788 224 2818 21.
248 2785 436 2830 homiaem]
481 2787 596 2820 Nullus
622 2792 681 2826 est,
706 2786 762 2830 qui
786 2786 820 2821 'm
840 2785 890 2818 via
931 2786 1055 2820 bantur.
