1838 3017
685 143 945 179 PHILIPPICA
968 143 1016 176 Π.

78 233 196 273 mum
224 220 439 265 nominem
468 230 520 261 ex
551 217 664 267 illius
694 219 895 276 temporis
917 215 1229 268 consularibus,
1249 214 1323 272 qui
1344 213 1539 286 proxime
1562 220 1632 256 est

79 281 290 332 mortuus)
308 277 471 335 placuit
486 276 722 324 Q.Lutatio
741 277 911 327 Catulo,
929 276 1051 330 cujus
1072 288 1238 330 semper
1251 273 1294 314 in
1314 272 1400 314 hac
1411 270 1634 328 republicz'i

79 334 196 381 Vivet
225 334 481 384 auctorita33
518 333 681 389 placuit
714 333 882 376 duobus
915 331 1116 382 Lucullis,
1150 330 1212 372 M.
1242 329 1414 380 CraSSO,
1436 328 1490 377 Q.
1523 327 1636 368 Hor-

81 392 238 443 tensio,
261 391 311 432 C.
334 390 524 439 Curioni,
559 390 622 431 M.
646 390 822 447 Lepido,
845 390 895 431 C.
918 389 1083 439 Pisoni,
1115 387 1178 428 M.
1201 385 1440 436 Glabrioni,
1463 385 1510 426 L.
1529 383 1637 425 Vol-

82 448 213 499 catio,
229 448 278 488 C.
299 447 465 504 Figulo,
484 447 543 489 D.
564 447 728 499 Silano,
746 454 789 489 et
810 447 855 488 L.
876 447 1085 496 Murenae,
1100 444 1172 500 qui
1194 450 1285 485 tum
1304 449 1424 484 erant
1439 441 1636 483 consules
1653 440 1710 482 25

82 504 313 561 designati:
345 504 506 560 placuit
535 503 663 554 idem,
687 504 805 560 quod
835 511 878 546 et
908 502 1221 551 consularibus,
1254 498 1315 539 M.
1350 498 1532 550 Catoni3
1563 497 1639 554 qui

82 560 183 607 cum
225 561 374 613 multa,
414 560 504 603 vit-22
544 560 771 612 excedens,
802 559 1025 617 cprovidit,
1057 564 1148 599 tum
1182 554 1297 612 quod
1337 561 1380 596 te
1415 554 1640 596 consulem

82 631 170 660 non
189 616 312 660 vidit.

386 615 578 659 Maxime
599 616 698 658 verb
719 617 991 659 consulatum
1017 627 1160 655 meum
1181 613 1259 654 Cn.
1279 610 1514 667 Pompeius
1544 625 1642 666 pro·-

81 673 227 725 bavit;
257 673 346 730 qui,
376 681 423 716 ut
448 689 515 716 me
544 673 726 730 primum
756 672 971 715 decedens
1003 684 1056 711 ex
1087 667 1214 725 Syria
1243 667 1365 717 vidit,
1391 667 1640 723 complexus

83 736 129 779 et
147 732 381 788 gratulans,
402 745 497 773 meo
519 730 728 772 beneficio
759 728 940 785 patriam
970 741 1016 768 se
1036 725 1226 768 visurum
1248 738 1344 766 esse
1372 723 1493 766 dixit.
1553 722 1641 765 Sed
1658 724 1714 766 30

85 787 191 844 quid
220 786 415 844 singulos
446 786 765 829 commemoro?
797 782 1144 841 frequentissimo
1172 780 1340 824 senatui
1371 780 1433 822 sic
1463 780 1643 837 placuit,

84 850 135 889 ut
163 850 280 886 esset
315 857 458 894 nemo,
495 842 568 899 qui
613 856 699 884 non
739 841 846 884 mihi
887 847 934 883 ut
972 839 1138 897 parenti
1177 838 1336 895 gratias
1375 843 1536 893 ageret,
1567 837 1644 893 qui

85 913 173 949 non
206 899 311 942 mihi
339 899 473 942 vitam
511 913 646 951 suam,
690 898 862 949 liberos,
904 896 1112 949 fortunas,
1160 894 1470 951 rempublicam
1512 894 1643 936 refer-

83 963 150 1005 ret
181 962 419 1012 acceptam.
479 955 580 1006 Sed,
613 957 817 1012 quoniam
861 954 961 1003 illis,
993 967 1100 1010 quos
1137 950 1370 1000 nominavi,
1397 957 1464 993 tot
1497 956 1541 992 et
1579 958 1644 992 ta-

84 1012 196 1055 libus
225 1012 341 1065 viris,
371 1012 612 1070 respublica
650 1013 799 1055 orbata
829 1017 909 1061 est,
939 1024 1160 1052 vemamus
1200 1008 1256 1050 ad
1284 1007 1420 1059 vivos,
1452 1007 1526 1063 qui
1556 1007 1642 1049 duo
1661 1008 1717 1050 35

88 1067 114 1112 ὲ
144 1069 432 1113 consularium
460 1083 636 1111 numero
667 1069 818 1126 reliqui
854 1073 966 1110 sunt.

1028 1067 1071 1107 L.
1104 1066 1248 1116 Cotta,
1283 1064 1347 1106 vir
1381 1078 1545 1107 summo
1580 1064 1645 1105 in—

89 1126 232 1184 genio,
273 1126 521 1183 summaque
570 1126 810 1183 prudentia,
861 1125 988 1167 rebus
1036 1123 1090 1166 iis
1141 1123 1289 1179 gestis,
1329 1136 1436 1179 quas
1484 1128 1533 1164 tu
1581 1135 1646 1163 re-

743 1309 993 1364 ‘pi-ospeoeit.

136 1499 191 1530 22.
215 1495 252 1532 Q.
269 1495 341 1529 Lut.
358 1496 489 1539 Catulo]
520 1495 651 1530 Catulus
666 1495 719 1528 ille
731 1495 790 1527 suit
803 1494 849 1527 vir

94 1551 217 1582 magnae
238 1541 429 1572 auctoritatis
452 1542 484 1572 in
508 1541 637 1582 Repub.
653 1541 706 1582 qui
722 1540 850 1572 Cicero·

93 1593 167 1618 uem
182 1588 302 1625 patrem
317 1584 425 1625 pntriae
438 1584 622 1614 nominavit.

136 1628 190 1658 23.
216 1625 338 1657 Duobus
352 1625 515 1668 Lucullis]
546 1626 660 1657 Lucius
675 1631 709 1657 et
723 1626 850 1656 Marcus

94 1668 218 1700 Luculli
239 1670 330 1700 ambo
351 1669 528 1701 consulares
543 1670 677 1700 fuerunt.
723 1668 848 1705 Lucius,

95 1716 187 1743 aetate.
208 1711 361 1753 Pompeio
376 1713 532 1754 grandior,
551 1717 658 1743 contra
680 1711 849 1742 Mithrida·

94 1761 160 1787 tem
172 1765 236 1786 rem
248 1755 327 1788 bene
342 1755 447 1796 gessit.
471 1755 651 1794 Ditissimus
662 1755 739 1785 fuit:
763 1753 852 1795 cujus

95 1797 244 1871 ibmprimis
257 1798 338 1828 horti
350 1803 476 1840 propter
493 1798 755 1839 magnificentiam
770 1797 855 1829 celc-

120 1846 178 1871 rati
193 1846 275 1873 sunt.

139 1883 190 1914 Ib.
206 1882 253 1915 M.
272 1882 398 1925 Crasso]
438 1883 489 1915 M.
504 1882 645 1914 Licinius
661 1883 788 1915 Crassus
806 1883 855 1914 di-

96 1925 181 1956 vitiis
203 1927 266 1957 suis
287 1927 435 1963 samosnS‚
450 1926 506 1968 qui
527 1926 678 1968 quantum
693 1926 852 1958 Ciceronis

99 1968 294 2000 consulatum
326 1969 514 2009 probaverit,
537 1969 692 2009 intelliges
721 1979 758 1999 ex
782 1969 852 2009 ipso

102 2011 254 2045 Cicerone
269 2011 309 2041 ad
325 2011 392 2041 Att.
407 2011 473 2051 qui,
489 2012 529 2042 dc
552 2011 606 2041 illo
621 2022 676 2041 suo
691 2012 854 2042 consulatu

101 2053 246 2094 loquens,
268 2064 313 2090 se.
330 2053 407 2094 qubd
433 2059 500 2085 esset
522 2060 646 2090 senator,
675 2053 750 2093 qubd
774 2055 855 2089 civis,

99 2097 174 2138 quud
198 2097 280 2133 liber,
303 2096 376 2137 quiid
400 2097 515 2133 viveret,
544 2097 616 2127 mihi
641 2103 786 2136 acceptum
810 2107 857 2127 re-

92 2140 178 2182 ferre
200 2139 345 2176 dicebat;
368 2140 475 2179 quoties
499 2141 658 2181 conjugem,
677 2141 784 2179 quoties
809 2140 859 2169 do-

101 2194 192 2219 mum,
207 2184 316 2224 quoties
325 2183 451 2222 patriam
461 2183 578 2219 videret,
590 2182 753 2222 berwficium
763 2193 857 2213 meum

102 2227 208 2258 videre.

147 2269 198 2302 Ib.
225 2268 262 2304 Q.
278 2267 459 2309 Hortensia]
491 2267 568 2298 Post
582 2267 779 2306 Ciceronem,
794 2267 858 2298 elo-

103 2312 323 2355 quentissimus
344 2317 498 2342 oratorum
518 2311 642 2342 habitus
656 2316 704 2342 est
724 2311 860 2341 Horten-

105 2357 180 2392 sius,
194 2356 239 2386 vir
251 2355 432 2393 consularis,
446 2353 532 2396 cujus
553 2353 662 2385 laudes
675 2353 789 2396 ubique
805 2353 860 2384 Ci-

105 2409 177 2430 cero
192 2399 354 2440 praedicat.

150 2444 204 2474 24.
221 2441 255 2472 C.
269 2441 419 2482 Curioni]
440 2441 492 2472 De
503 2441 562 2472 hoc
571 2439 707 2471 Curione
717 2444 805 2481 patre
816 2439 862 2470 lo·-

108 2485 213 2526 quitur
227 2484 338 2516 Cicero
353 2485 386 2515 in
401 2484 456 2515 lib.
472 2484 524 2514 De
541 2483 642 2515 Claris
659 2483 859 2519 Oratoribus;

110 2527 261 2569 tredecim
277 2528 364 2558 annis
387 2533 460 2558 ante
476 2527 660 2558 Ciceronem
674 2526 779 2558 consul
793 2525 863 2557 suit.

153 2569 205 2600 Ib.
228 2569 274 2601 M.
290 2569 425 2612 lepida]
462 2570 601 2611 Lepidus
616 2571 762 2610 magister
776 2569 864 2610 equi-

112 2618 178 2644 tum
193 2612 323 2644 Caesaris
336 2614 409 2653 suit,
425 2619 457 2645 et
478 2614 587 2655 postea
602 2623 680 2643 nnus
692 2613 709 2644 ἐ
725 2612 862 2643 triumvi-

112 2656 164 2688 ris.
213 2655 286 2697 [De
300 2656 360 2691 alio
375 2662 478 2688 tamen
494 2655 616 2697 Lepido
630 2654 681 2687 liic
695 2654 860 2696 loquitur]

156 2697 207 2729 Ib.
231 2697 265 2729 C.
282 2698 411 2741 Pisoni]
446 2699 520 2731 Piso
529 2699 588 2730 fuit
599 2699 693 2731 frater
707 2698 796 2730 Lucii
811 2697 864 2728 Pi-

114 2741 209 2777 sonis,
223 2742 321 2771 soceri
337 2741 477 2773 Caesaris.

158 2783 207 2818 Ib.
224 2783 406 2827 Glabrioni]
439 2785 580 2823 Quatuor
592 2785 680 2818 aunis
689 2789 760 2817 ante
774 2782 864 2830 Cicef

891 1505 1000 1528 ronem
1015 1494 1123 1528 consul
1137 1494 1208 1532 suit,
1223 1504 1328 1536 quem,
1340 1492 1372 1525 in
1384 1491 1521 1536 epistolis
1537 1491 1576 1524 ad
1589 1491 1649 1524 At-

893 1540 1002 1576 ticum,
1017 1540 1096 1569 inter
1113 1549 1166 1569 eos
1181 1538 1335 1577 nominat,
1352 1537 1405 1579 qui
1419 1536 1601 1570 sententiam
1617 1537 1650 1568 in

895 1583 1062 1614 Catilinam
1078 1581 1194 1612 dixere.

937 1624 987 1655 Ib.
1010 1624 1046 1656 L.
1066 1623 1219 1664 Volcatio]
1265 1622 1382 1655 Consul
1404 1622 1465 1654 suit
1485 1621 1650 1654 Volcatius

894 1667 988 1698 tribus
1004 1673 1076 1699 ante
1093 1667 1275 1699 Ciceronem
1291 1667 1391 1697 annis.

935 1712 988 1742 25.
1014 1709 1040 1740 F
1039 1710 1143 1752 igulo.]
1188 1709 1241 1740 Ad
1264 1709 1347 1739 hunc
1374 1707 1517 1749 Figulum
1544 1707 1651 1739 scribit

896 1753 963 1785 Cic.
986 1753 1040 1784 lib.
1063 1756 1115 1785 14.
1138 1752 1240 1793 Epist.
1281 1751 1339 1782 Vir
1352 1751 1411 1782 fuit
1427 1761 1553 1782 summae
1575 1760 1652 1782 con-

895 1796 1024 1827 ditionis
1040 1800 1071 1827 et
1094 1795 1267 1837 probitatis,
1283 1794 1348 1835 qui,
1363 1804 1425 1835 quo
1440 1793 1550 1824 Cicero
1567 1804 1649 1824 anno

897 1839 1004 1871 consul
1020 1839 1199 1881 designatus
1213 1843 1272 1874 est,
1287 1838 1357 1878 ipse
1371 1836 1564 1868 consulatum
1581 1846 1651 1877 ges-

898 1883 947 1913 sit.

937 1925 988 1956 Ib.
1012 1924 1053 1955 D.
1067 1923 1194 1964 Silana]
1218 1923 1262 1955 D.
1273 1922 1385 1954 Junius
1397 1922 1519 1953 Silanus
1532 1925 1565 1953 et
1575 1921 1652 1952 Mu-

896 1978 972 1999 rena
987 1968 1142 2008 designati
1157 1972 1229 1997 sunt
1250 1966 1392 1997 consules
1409 1966 1560 1996 Cicerone
1575 1975 1652 1996 con-

898 2010 974 2045 sule,
989 2021 1118 2051 quorum
1134 2009 1262 2039 alterum
1277 2008 1420 2038 defendit
1433 2007 1607 2048 injudicio-

941 2053 993 2082 26.
1018 2052 1063 2083 M.
1082 2051 1212 2091 Catoni]
1237 2050 1286 2082 M.
1303 2049 1382 2081 Cato
1397 2061 1459 2080 non
1472 2050 1567 2090 gessit
1576 2059 1653 2080 con-

900 2095 1044 2131 sulatum,
1071 2095 1124 2125 sed
1150 2099 1313 2136 praeturam
1337 2091 1478 2123 tantum:
1502 2092 1548 2122 vir
1569 2103 1653 2124 sum.

902 2139 951 2168 rna
960 2137 1137 2169 innocentia
1147 2142 1180 2167 et
1188 2136 1368 2167 auctoritate
1381 2136 1463 2177 apud
1477 2135 1650 2175 Romanos,

900 2181 1016 2212 Sto'i'cae
1029 2180 1176 2211 doctrinae
1189 2177 1426 2215 addictissimus,
1434 2178 1499 2220 qui,
1510 2188 1550 2209 ne
1563 2178 1653 2209 vide.

899 2229 947 2255 ret
968 2224 1152 2254 servientem
1175 2221 1290 2253 Caesari
1311 2221 1455 2263 patriam,
1471 2221 1572 2252 Uticae
1594 2220 1655 2252 sibi

900 2267 1054 2298 violentas
1066 2276 1174 2297 manus
1182 2264 1307 2302 intulit;
1322 2264 1406 2295 unde
1419 2264 1576 2296 Uticensis
1586 2264 1652 2296 dic-

900 2315 949 2341 tus
964 2315 1023 2342 est.

945 2356 998 2384 27.
1022 2351 1060 2383 Te
1081 2352 1223 2383 consulem
1247 2361 1304 2381 nnn
1327 2349 1430 2391 vidit]
1482 2348 1578 2380 Ponit
1599 2348 1655 2380 Ci-

901 2406 972 2428 cero
982 2395 1112 2426 Antonii
1121 2394 1313 2427 consulatum
1320 2393 1400 2425 inter
1411 2392 1551 2435 Reipub.
1558 2391 1655 2424 Rom.

903 2439 1106 2470 calamitates.

947 2485 1000 2514 28.
1039 2481 1093 2512 Cn.
1124 2480 1303 2522 Pompeius]
1362 2479 1473 2511 Statim
1500 2484 1593 2520 atque
1617 2488 1655 2509 ex

903 2525 983 2556 Asia
997 2525 1090 2556 rediit
1104 2524 1285 2565 Pompeius,
1301 2524 1412 2564 gratias
1425 2523 1489 2564 egit
1501 2521 1656 2557 Ciceroni,

906 2569 1058 2599 affirmans
1071 2568 1183 2599 frustra
1204 2577 1237 2597 se
1252 2567 1440 2606 triumphum
1464 2570 1581 2605 petere,
1595 2564 1656 2594 nisi

905 2611 987 2642 Urbs
1002 2617 1122 2642 servata
1133 2610 1242 2641 fuisset
1255 2610 1274 2641 a
1290 2610 1450 2645 Cicerone,
1464 2608 1497 2638 in
1510 2606 1573 2649 qua
1584 2617 1657 2649 pos-

905 2658 952 2686 set
966 2655 1165 2696 triumphare.

950 2698 1004 2729 36.
1026 2696 1064 2727 L.
1084 2696 1196 2738 Cotta]
1256 2695 1292 2726 L.
1316 2692 1459 2725 Aurelius
1483 2692 1589 2730 Cotta,
1611 2691 1659 2722 vir

905 2750 1030 2771 summae
1052 2740 1224 2782 prudentias
1247 2743 1280 2768 et
1294 2737 1427 2773 virtutis,
1440 2737 1561 2768 duobus
1583 2740 1657 2768 ante

907 2783 1090 2818 Ciceronem
1104 2783 1191 2816 aunis
1205 2780 1398 2816 consulatum
1413 2778 1525 2822 gessit.

1619 138 1708 185 413
