1790 3090
81 151 165 192 284
811 149 863 180 IN
887 147 1102 180 PISONEM.

157 230 287 280 atque
321 223 484 265 audivit
509 223 535 263 a
570 221 830 277 philosopho
864 223 1130 278 voluptatem
1159 221 1381 278 tantopere
1411 223 1591 276 laudari,
1620 225 1728 267 nihil

158 280 424 337 fexpiscatus
448 286 537 321 est:
571 278 633 319 sic
654 292 757 319 suos
779 294 929 320 sensus
957 277 1219 333 voluptarios
1250 293 1397 321 omnes
1428 279 1638 333 incitavit,
1667 282 1730 324 sic

85 337 140 378 60
159 338 213 378 ad
233 337 349 378 illius
371 337 482 377 hanc
504 335 742 377 orationem
764 336 992 387 adhinniit,
1015 342 1163 375 utnon
1180 336 1432 391 magistrum
1454 336 1636 389 virtutis,
1657 339 1735 380 sed

159 402 379 435 auctorem
413 392 620 444 libidinis,
657 391 684 432 a
714 407 758 433 se
793 392 914 433 illum
946 393 1166 432 inventum
1197 392 1482 436 arbitraretur.
1555 394 1735 436 Graecus

156 451 291 506 primo
312 449 576 506 distinguere
598 455 727 505 atque
750 448 940 490 dividere
962 448 1050 499 illa,
1083 449 1446 503 quemadmodum
1468 450 1738 503 dicerentur3

156 508 254 558 iste,
287 506 465 548 claudus
498 504 736 562 (quomodo
769 505 906 556 aiunt)
937 505 1067 560 pilam
1098 505 1279 547 retinere
1297 523 1308 558 3
1351 507 1468 563 quod
1499 514 1740 563 acceperat,

159 563 418 612 &testificarh
448 564 616 604 tabulas
637 563 866 619 obsignare
891 562 1027 612 velle;
1064 560 1298 617 Epicurum
1328 563 1563 606 hdisertum
1596 565 1740 606 decer-

83 621 137 663 65
156 634 282 673 nere3
312 626 358 662 et
387 627 530 661 tamen
566 619 730 661 dictum
765 626 813 660 ut
843 618 1007 675 opinor,
1041 633 1087 660 se
1121 619 1287 660 nullum
1318 620 1479 662 bonurn
1499 621 1738 676 intelligere

158 692 302 733 posse,
323 677 509 733 demptis
527 676 718 732 corporis
741 675 1053 731 voluptatibus.
1105 675 1222 723 Quid
1243 676 1404 718 inulta?
1437 677 1614 719 Graecus
1636 678 1740 720 faci·

156 733 225 785 lis,
259 741 304 775 et
332 733 458 775 valde
489 740 708 782 venustus,
754 733 881 774 nimis
923 747 1097 788 pugnax
1130 740 1280 774 contra
1314 740 1556 775 senatorem
1593 735 1740 791 populi

156 789 342 832 Romani
376 805 470 832 esse
503 790 654 832 noluit.
713 789 794 831 Est
816 796 960 830 autem
980 789 1066 838 hic,
1099 790 1152 830 de
1175 804 1259 846 quo
1288 791 1457 846 loquor,
1488 805 1575 832 non
1603 791 1740 847 philo-

156 847 312 903 sophia
327 847 482 899 solum,
500 847 576 888 sed
593 847 722 888 etiam
737 846 886 898 literis,
900 846 1036 902 (quod
1051 845 1138 886 fere
1157 853 1335 888 caeteros
1350 847 1585 903 Epicureos
1603 849 1741 904 negli-

83 906 138 946 70
157 918 256 960 gere
277 904 445 955 dicunt)
467 904 715 959 perpolitus.
775 903 936 944 Po'e'ma
956 902 1081 957 poer
1103 902 1207 944 facit
1228 903 1288 944 ita
1310 904 1526 956 festivum,
1556 904 1617 945 ita
1637 919 1738 946 con-

157 960 346 1012 cinnum,
377 961 439 1001 ita
459 961 647 1015 elegans,
681 958 788 1000 nihil
819 965 868 1000 ut
898 958 988 999 fieri
1008 959 1146 1014 possit
1167 960 1380 1015 argutius:
1412 961 1473 1001 iin
1494 976 1581 1017 quo
1602 976 1739 1018 repre-

155 1017 317 1058 hendat
347 1031 444 1058 euin
476 1016 593 1067 licet,
624 1016 660 1056 si
692 1015 767 1071 qui
797 1016 927 1064 volet,
958 1015 1086 1056 modo
1118 1015 1280 1066 leviter,
1312 1031 1400 1058 non
1429 1024 1479 1058 ut
1507 1019 1737 1074 impurum,

156 1087 242 1114 non
262 1080 311 1114 ut
331 1073 589 1129 improbum,
610 1087 694 1113 non
718 1079 765 1113 ut
785 1072 1008 1123 audacem,
1031 1071 1108 1112 sed
1130 1077 1180 1112 ut
1195 1071 1456 1124 Graeculum,
1477 1079 1526 1114 ut
1546 1082 1738 1116 assenta-

155 1139 306 1182 torem,
326 1138 374 1171 ut
392 1129 580 1186 poetam.
621 1129 823 1181 Devenit,
845 1135 918 1170 aut
938 1127 1081 1184 potius
1102 1127 1257 1170 incidit
1272 1128 1317 1169 in
1339 1129 1484 1182 istum,
1499 1130 1652 1172 eodem
1668 1132 1740 1173 de-

83 1192 137 1232 75
157 1194 307 1243 ceptus
320 1187 747 1244 supercilio,Graecus
764 1193 895 1242 atque
911 1185 1092 1237 advena,
1102 1199 1188 1241 quo
1202 1192 1292 1227 tam
1308 1186 1478 1242 sapiens
1492 1194 1536 1228 et
1548 1194 1668 1229 tanta
1680 1188 1740 1229 ci-

154 1244 280 1286 vitas.
331 1244 551 1286 Revocare
567 1259 611 1285 se
632 1258 720 1285 non
741 1249 925 1299 poterat,
946 1242 1234 1284 familiaritate
1251 1243 1518 1299 implicatus:
1549 1251 1594 1286 et
1613 1243 1740 1286 simul

153 1300 455 1343 inconstantiae
476 1301 634 1342 famam
654 1301 893 1343 verebatur.
952 1299 1165 1356 Rogatus,
1196 1299 1417 1352 invitatUS,
1450 1307 1645 1354 coactus,
1675 1301 1737 1342 ita

154 1358 291 1400 multa
310 1359 364 1400 ad
386 1358 530 1410 istum,
563 1359 616 1399 de
637 1358 733 1414 ipso
755 1371 944 1414 quoque,
975 1356 1163 1412 scripsit,
1194 1362 1242 1397 ut
1263 1371 1410 1398 omnes
1432 1357 1619 1400 hominis
1640 1357 1736 1399 libi-

156 1415 293 1466 dines,
340 1415 484 1457 omnia
519 1421 680 1471 stupra,
714 1414 859 1456 omnia
898 1428 1117 1455 coenarum
1153 1413 1532 1471 conviviorumque
1564 1430 1737 1471 genera,

83 1475 137 1517 80
155 1472 556 1529 adulteriadenique
566 1470 1001 1528 ejuS,delicatissimis
1014 1470 1205 1511 versibus
1215 1471 1492 1526 expresserit3
1512 1471 1736 1528 inquibus,

158 1529 193 1570 si
215 1529 311 1584 quis
333 1529 450 1577 velit,
478 1530 617 1586 possit
634 1529 772 1580 istius,
800 1535 1019 1583 tamquam
1039 1527 1082 1567 in
1105 1527 1293 1583 speculo,
1325 1529 1458 1569 vitam
1476 1527 1651 1570 intueri:
1684 1543 1737 1569 ex

157 1586 313 1642 quibus
334 1587 468 1627 multa
486 1585 510 1627 a
531 1585 676 1631 multis
693 1585 807 1627 lecta
826 1591 869 1626 et
887 1584 1034 1625 audita
1050 1585 1289 1635 recitarem,
1309 1582 1394 1637 nisi
1411 1599 1577 1626 vererer
1588 1600 1641 1626 ne
1654 1585 1738 1627 hoc

155 1643 298 1699 ipsum
318 1658 454 1700 genus
473 1643 693 1694 orationis,
710 1657 797 1699 quo
814 1656 930 1683 nunc
943 1647 1054 1693 utor,
1072 1641 1126 1682 ab
1147 1640 1275 1696 hujus
1296 1640 1384 1682 loci
1402 1655 1518 1683 more
1535 1641 1737 1683 abhorre-

155 1707 240 1740 ret:
273 1707 316 1741 et
336 1700 477 1752 simul,
492 1700 544 1740 de
566 1700 661 1756 ipso
679 1699 752 1754 qui
767 1698 954 1755 scripsit,
976 1697 1143 1738 detrahi
1159 1696 1267 1737 nihil
1280 1697 1399 1739 volo:
1432 1698 1506 1754 qui
1526 1698 1563 1739 si
1583 1698 1741 1740 suisset

85 1762 138 1804 85
157 1755 202 1797 in
217 1755 430 1814 discipulo
448 1758 734 1813 comparando
751 1755 927 1797 meliore
945 1754 1132 1807 fortun-21,
1154 1753 1337 1796 fortasse
1359 1755 1568 1796 austerior
1585 1762 1629 1797 et
1645 1770 1740 1812 gra-

157 1813 248 1854 vior
261 1828 354 1855 esse
364 1813 598 1870 potuisset3
616 1813 693 1855 sed
706 1828 803 1854 eum
817 1813 833 1836 '³
843 1811 1020 1854 casusin
1029 1811 1141 1853 hanc
1155 1810 1513 1853 consuetudinem
1523 1812 1739 1853 scribendi

157 1870 342 1922 induxit,
363 1871 622 1928 philosopho
643 1870 769 1912 valde
786 1869 1028 1925 indignam:
1061 1868 1277 1925 siquidem
1292 1868 1566 1925 philosophia
1577 1872 1646 1922 (ut
1657 1869 1738 1911 fer-

242 2006 535 2049 seoeaminavit.
667 2014 682 2038 g
691 2006 925 2063 producere
940 2011 1076 2047 testes.
1210 2005 1229 2028 ¹¹
1237 2006 1437 2047 distincte}
1451 2008 1653 2048 locutum.

159 2063 211 2105 ³32⁸
227 2067 302 2119 qui
317 2067 425 2106 volet
439 2066 744 2119 reprehendere
757 2079 869 2115 eum,
886 2063 1172 2118 reprehendat
1188 2064 1351 2105 leviter.
1472 2063 1740 2106 kneoessitas.

205 2238 257 2267 60.
273 2236 460 2277 Adhinniit]
508 2235 666 2268 Remanet
679 2236 712 2267 in
723 2235 835 2267 eadem
849 2235 924 2267 alle·
968 2235 1067 2266 ruisse
1084 2234 1162 2265 alios
1177 2233 1195 2264 ὲ
1211 2234 1336 2267 studiis·

161 2279 260 2320 gotia.
1011 2280 1065 2309 73.
1091 2277 1289 2319 Gamalam]
1351 2277 1453 2309 Graeci
1469 2277 1548 2309 male
1565 2278 1732 2310 audiebant

205 2325 258 2354 63.
281 2322 347 2358 Iste,
361 2322 512 2363 claudus.]
550 2322 766 2360 Proverbium,
783 2322 866 2363 quod
885 2322 925 2352 de
970 2322 1055 2362 apud
1071 2321 1234 2352 Romanos
1250 2326 1378 2363 propter
1393 2321 1616 2353 adulationem.

161 2365 222 2396 illis
239 2366 364 2401 dicitur,
379 2367 445 2406 qui,
461 2366 545 2407 quod
559 2371 747 2405 acceperunt
759 2366 776 2394 a
789 2376 926 2406 praecep-
1014 2367 1067 2395 74.
1090 2364 1240 2405 Po'c'tam.]
1274 2364 1383 2396 Posstae
1400 2364 1658 2396 assentationibus
1676 2365 1738 2395 suis

162 2409 291 2444 toribus,
306 2409 369 2438 sive
387 2409 462 2439 illud
479 2411 607 2439 doctum
624 2408 663 2439 sit
677 2408 742 2438 sive
754 2407 926 2444 indoctum,
970 2407 1097 2448 placere
1113 2407 1232 2444 volunt,
1258 2407 1395 2450 idebque
1415 2408 1570 2450 figmentis
1583 2408 1667 2450 saepe
1683 2419 1737 2439 ve-

161 2450 317 2483 mordicus
333 2457 450 2482 tenent.
971 2451 1095 2481 ritatem
1112 2450 1319 2481 dissimulant.
1580 2466 1585 2469 s

205 2494 256 2525 Ib.
301 2494 461 2535 Retinere]
508 2495 629 2536 Supple
645 2495 761 2534 incepit.
1014 2495 1066 2524 78.
1091 2494 1141 2524 Ad
1163 2494 1264 2530 istam,
1287 2495 1322 2524 de
1347 2495 1407 2533 ipso
1433 2493 1569 2535 quoque]
1614 2493 1653 2524 Id
1679 2499 1740 2530 est,

205 2540 257 2569 64.
283 2537 407 2568 Tabulas
432 2539 580 2579 obsignare
608 2537 704 2577 vella]
757 2536 870 2568 Voluit
895 2541 929 2566 ut
973 2536 1069 2567 multa
1084 2536 1220 2567 carmina
1245 2537 1286 2567 de
1310 2535 1424 2567 Pisone
1448 2537 1582 2578 scripsit,
1606 2538 1660 2568 sed
1685 2537 1738 2567 illa

162 2588 334 2622 praeceptor
356 2581 409 2612 ille
431 2581 544 2622 scripto
568 2581 757 2621 obsignaret‚
781 2581 866 2622 quod
886 2580 926 2610 de
969 2580 1140 2621 impudica,
1164 2584 1275 2620 utpote
1295 2579 1407 2620 quibus
1428 2579 1496 2620 ejus
1515 2579 1647 2610 infames
1667 2580 1738 2611 libi-

162 2626 325 2665 voluptate
342 2625 521 2665 protulerat.
972 2623 1060 2654 dines
1078 2622 1345 2654 describebantur.

207 2671 260 2699 69.
285 2669 371 2699 Quod
383 2667 453 2709 fert?
471 2667 609 2708 coeteros]
656 2666 778 2702 Cicero,
799 2666 929 2708 loquens
1018 2669 1071 2697 80.
1093 2665 1130 2695 In
1145 2666 1273 2706 quibus]
1321 2665 1470 2698 Versibus
1487 2665 1617 2697 scilicet.

163 2711 204 2742 de
217 2711 365 2752 Epicuro,
376 2710 428 2742 lib.
440 2712 480 2742 de
490 2711 630 2747 Finibus,
647 2711 702 2746 ait,
716 2720 778 2740 non
790 2709 881 2740 modo
891 2710 927 2740 iis
1016 2712 1071 2742 83.
1094 2710 1138 2739 Ab
1155 2709 1243 2750 hujus
1257 2709 1310 2739 loci
1325 2708 1429 2750 mora]
1465 2708 1505 2739 In
1521 2714 1631 2740 senatu
1646 2720 1739 2752 opor-

163 2754 278 2785 artibus
305 2764 368 2784 non
389 2753 463 2785 satis
487 2754 618 2795 politum
641 2753 750 2788 fuisse,
775 2763 850 2794 quas
875 2753 930 2794 qui
973 2758 1020 2786 tet
1035 2763 1127 2795 agere
1143 2753 1183 2785 de
1195 2753 1289 2784 rebus
1302 2752 1388 2784 seriis
1405 2757 1438 2784 et
1452 2752 1653 2795 gravioribus.

162 2802 285 2835 tenent,
300 2797 415 2829 eruditi
429 2797 638 2840 appellantur,
652 2797 708 2828 sed
721 2796 816 2828 etiam
825 2797 930 2828 deter-
