1838 3017
730 169 992 205 PlePPICA
1015 170 1077 204 rx.
1675 169 1763 216 465

129 246 292 290 tatione
313 244 498 290 obeundi
512 244 578 287 sui
594 244 779 287 muneris
796 244 983 287 excessit
998 244 1022 286 ὲ
1039 242 1138 285 vitii.
1171 241 1233 285 Ut
1248 242 1378 300 igitur
1393 242 1490 295 alia,
1506 241 1571 285 sic
1585 241 1688 295 hoc,

131 304 182 346 C.
206 305 362 356 Pansa,
383 302 596 360 praeclare,
612 302 726 359 quod
748 317 826 344 nos
843 302 899 343 nd
916 301 1152 343 ornandum
1174 299 1261 342 Ser.
1281 300 1519 364 Sulpicium
1539 299 1689 341 cohor-

131 369 248 404 tatus
268 377 328 412 es,
351 368 395 402 et
415 361 507 417 ipse
528 360 660 400 multa
681 358 855 415 copiose
872 359 925 400 de
947 359 1058 400 illius
1077 358 1203 399 laude
1224 357 1399 408 dixist13
1430 356 1588 414 quibus
1605 356 1631 397 ἐι
1647 362 1689 397 te
1711 358 1762 400 15

132 418 276 468 dictis,
292 417 399 459 nihil
415 424 568 473 praeter
584 416 839 458 sententiam
854 415 1056 466 dicerem,
1070 415 1151 455 nisi
1169 414 1217 454 P.
1237 414 1417 455 Servilio
1432 413 1692 470 responden-

133 475 236 517 dum
255 482 463 531 putarem,
485 473 560 530 qui
582 473 693 514 hune
716 473 919 514 honorem
939 480 1090 513 statuae
1120 471 1280 513 nemini
1299 470 1575 512 tribuendum
1595 484 1693 512 cen-

135 532 235 581 suit,
255 531 339 573 nisi
361 530 399 572 ei
421 530 495 586 qui
517 530 627 571 ferro
650 536 765 571 esset
785 529 829 571 in
849 529 1062 586 legatione
1093 528 1359 570 interfectus.
1419 527 1514 583 Ego
1536 532 1694 577 autem,

136 588 188 630 P.
204 588 270 640 C.‚
293 588 357 629 sic
378 587 632 644 interpretor
653 586 839 628 sensisse
861 587 1044 643 majores
1066 591 1252 635 nostros,
1272 590 1519 627 ut-causam
1548 582 1696 625 mortis

135 644 393 697 censuerint,
413 659 499 687 non
521 659 654 701 genus
676 658 770 685 esse
792 643 1080 700 quaerendum.
1713 642 1770 684 20

183 761 233 790 13.
261 759 300 790 Ut
316 761 410 801 igitur
424 759 511 800 alim]
552 759 592 789 ld
609 763 667 794 est,
681 763 715 788 ut
731 757 828 788 multa
845 768 896 788 so-
941 761 1020 794 tum,
1035 759 1069 784 ut
1084 759 1207 786 ornaret
1223 753 1408 797 Sulpicium,
1423 764 1517 797 quem
1540 758 1587 785 tot
1602 752 1700 787 laudi-

135 801 208 832 litus
225 807 272 833 est
288 802 390 833 Pansa
412 803 517 833 dicere
540 800 698 843 generose,
714 806 778 830 tum
802 810 897 840 genc-
941 800 998 830 bus
1014 797 1134 830 extulit.

138 844 294 877 rosissirne
317 845 407 886 dixit,
436 844 507 877 cuin
536 845 714 876 exhortatus
737 847 786 874 est
809 853 898 874 sena·

586 1014 771 1043 DIVISIO
799 1014 859 1043 ET
888 1011 1258 1042 CONFIRMATIO.

198 1116 258 1157 In
275 1115 361 1170 quei
376 1115 544 1170 probat,
569 1115 716 1158 Servio
740 1114 933 1170 Sulpicio
948 1118 998 1157 in
1014 1116 1224 1168 legatione
1236 1115 1318 1156 3αᾶ
1332 1117 1499 1155 nwrtuo
1514 1116 1707 1155 statuam

141 1187 231 1216 esse
251 1174 575 1223 decernendam,
597 1177 702 1227 quia
722 1176 771 1215 in
792 1172 1004 1227 legatione
1023 1174 1139 1213 obiit.

200 1231 463 1283 Digreditur
482 1233 610 1272 etiam
624 1232 681 1272 ad
696 1232 844 1273 laudes
863 1229 1052 1285 Sulpicii
1067 1229 1356 1280 celebrandas,
1373 1228 1426 1270 ab
1440 1229 1577 1271 animi
1589 1228 1708 1271 bonis

146 1286 173 1328 ιὶ
183 1287 306 1340 juris
325 1289 505 1329 scientie
519 1289 778 1341 praesertim.

205 1415 291 1460 III.
321 1415 510 1469 Etenim,
530 1416 603 1460 cui
631 1417 792 1474 legatio
823 1415 919 1474 ipsa
946 1416 1074 1459 morti
1101 1416 1270 1468 fuisset,
1291 1414 1384 1473 ejus
1403 1413 1713 1458 monimentum

149 1480 317 1517 exstare
336 1474 577 1527 voluerunt,
597 1480 661 1526 ut,
681 1476 726 1517 in
746 1475 872 1517 bellis
893 1473 1158 1531 periculosis,
1178 1473 1345 1516 obirent
1372 1471 1569 1514 homines
1597 1472 1715 1527 lega-

149 1530 281 1574 tionis
301 1545 456 1574 munus
476 1530 697 1574 audacius.
756 1531 858 1573 Non
877 1531 1008 1587 igitur
1028 1531 1224 1588 exempla
1242 1529 1452 1587 majorum
1472 1528 1714 1586 quaerenda,

151 1587 230 1630 sed
250 1587 476 1629 consilium
506 1594 573 1630 est
602 1603 762 1638 eorum,
793 1587 821 1629 ἐι
849 1603 935 1645 quo
966 1588 1062 1644 ipsa
1090 1587 1286 1644 exempla
1315 1592 1418 1628 nata
1447 1593 1561 1638 sunt,
1582 1583 1716 1641 expli-

152 1643 353 1687 candum.
413 1643 494 1685 Lar
512 1644 780 1697 Tolumnius,
798 1659 872 1686 rex
893 1644 1156 1696 Veientium,
1178 1650 1361 1700 quatuor
1378 1643 1546 1699 legatos
1567 1640 1716 1698 populi
1760 1638 1788 1680 5

153 1700 342 1743 Romani
372 1699 547 1742 Fidenis
568 1701 803 1753 interemit;
836 1716 1017 1759 quorum
1047 1707 1201 1743 statuae
1231 1700 1277 1741 in
1307 1699 1475 1741 Rostris
1507 1704 1719 1740 steterunt

153 1773 290 1814 usque
304 1757 359 1799 ad
375 1764 567 1799 nostram
581 1758 856 1800 memoriam:
881 1759 1027 1815 justus
1042 1757 1182 1799 honos
1198 1774 1207 1799 :
1229 1756 1281 1798 iis
1294 1756 1409 1798 enim
1421 1755 1604 1812 majores
1620 1768 1720 1797 nos-

154 1814 224 1866 tri,
245 1813 319 1872 qui
340 1813 396 1856 ob
418 1815 725 1871 rempublicam
754 1821 935 1858 mortem
966 1814 1174 1866 obierant,
1196 1827 1272 1870 pro
1301 1812 1419 1855 brevi
1439 1812 1530 1855 vite
1557 1811 1721 1853 diutur-

154 1886 256 1915 nam
283 1870 534 1914 memoriam
562 1871 852 1915 reddiderunt.
913 1871 994 1914 Cn.
1024 1870 1211 1925 Octavii,
1244 1869 1349 1913 clari
1379 1875 1423 1912 et
1451 1868 1598 1928 magni
1627 1867 1722 1921 viri,

202 2043 235 2074 5.
259 2041 323 2073 Lar
348 2041 543 2082 Tolumnius]
587 2041 648 2073 Lar
672 2042 736 2073 sive
758 2041 834 2073 Lars
857 2042 921 2073 To-
963 2041 1115 2073 transivit.
1157 2041 1277 2073 Primus
1294 2041 1332 2073 C.
1349 2039 1497 2072 Octavius
1519 2039 1624 2072 Rufus
1639 2051 1724 2084 quae-

162 2085 298 2116 lumnius
321 2096 419 2126 augur
431 2085 503 2122 suit,
520 2084 574 2125 qui
595 2095 652 2126 pro
666 2085 772 2116 Turno
795 2085 923 2116 bellavit
964 2086 1073 2115 storius
1097 2085 1157 2116 Cn.
1173 2090 1206 2115 et
1229 2084 1341 2115 Caium
1361 2083 1547 2124 procreavit,
1573 2083 1593 2114 ἃ
1612 2084 1724 2125 quibus

162 2129 195 2159 in
211 2130 357 2160 AEneam.
396 2128 480 2158 Vide
496 2128 583 2168 Virg.
605 2128 659 2158 lib.
675 2131 726 2159 12.
744 2127 923 2168 Eapediunt-
966 2128 1082 2168 duplex
1099 2127 1299 2159 Octaviorum
1314 2126 1432 2157 familia
1455 2126 1585 2157 defluxit
1603 2126 1726 2158 diversa.

161 2182 215 2211 que
251 2182 370 2209 manus,
404 2173 569 2210 primusque
607 2170 776 2201 Tolumnius
813 2182 922 2212 augur,
966 2171 1157 2207 conditione,
1173 2170 1326 2211 siquidem
1351 2169 1476 2208 Cnaeus,
1492 2175 1524 2200 et
1549 2169 1603 2210 qui
1625 2170 1665 2200 ab
1687 2180 1726 2200 eo

164 2215 246 2255 [Sed
261 2215 314 2245 ille
330 2215 408 2244 alius
424 2215 462 2244 ab
479 2215 539 2244 hoc
555 2213 677 2254 Larte.]
966 2213 1083 2254 posteri
1106 2212 1261 2249 exstitere,
1282 2212 1408 2243 summis
1431 2212 1598 2243 honoribus
1622 2212 1728 2244 affecti

207 2257 256 2288 Ib.
282 2257 344 2288 Rex
362 2257 548 2297 Veientium]
595 2257 669 2287 Veii
684 2255 838 2288 urbs‘suit
859 2254 924 2296 ejus
969 2262 1058 2287 sunt:
1083 2261 1116 2287 at
1130 2256 1235 2292 Caius,
1251 2255 1353 2296 etqui
1375 2256 1414 2286 ab
1429 2266 1467 2286 eo
1483 2255 1674 2296 prodierunt,
1695 2255 1728 2286 in

165 2301 267 2341 gentis
295 2300 450 2340 primaria,
473 2310 543 2341 quae
568 2298 810 2330 Larthenianum
835 2299 927 2329 antea
970 2299 1108 2340 equestri
1122 2299 1228 2329 ordine
1251 2303 1463 2329 remanserunt
1478 2308 1576 2340 usque
1599 2299 1638 2328 ad
1659 2297 1729 2328 Au-

166 2344 252 2374 dicta
276 2348 334 2380 est,
357 2342 471 2374 deinde
496 2343 514 2372 ῖι
538 2342 690 2373 Romanis
714 2343 787 2373 Veii
809 2352 929 2372 nuncu·
973 2342 1054 2382 gusti
1066 2347 1198 2383 patrem,
1211 2341 1406 2382 qui,functus
1418 2341 1730 2383 praetur31‚Macedo-

165 2391 254 2428 pata.
969 2385 1054 2415 niam
1070 2385 1261 2426 provinciam
1276 2384 1420 2417 obtinuit.
1463 2383 1575 2414 Altera
1592 2388 1696 2414 autern
1711 2384 1730 2414 εἴ

212 2432 242 2460 6.
266 2428 412 2470 Fidenis]
457 2427 584 2458 Fidenae
607 2429 679 2460 urbs
699 2428 759 2458 suit
781 2428 814 2458 in
837 2427 928 2458 Latio
972 2427 1068 2458 Cnaeo
1091 2427 1209 2458 familia
1232 2432 1298 2458 tota
1322 2427 1432 2468 periit:
1455 2436 1528 2457 narn
1553 2426 1672 2457 tantum
1688 2427 1730 2456 ad

166 2472 243 2508 olim
262 2472 381 2513 ampla,
398 2476 431 2502 et
452 2471 665 2502 Romanorum
687 2471 824 2506 colonia,
839 2470 929 2511 cujus
973 2476 1156 2512 perpetuam
1173 2470 1352 2501 memoriam
1361 2469 1426 2502 sola
1437 2469 1521 2500 illius
1531 2469 1619 2501 Cnaei
1627 2474 1731 2500 statua

166 2516 265 2556 (anno
281 2515 375 2546 Urbis
390 2514 524 2546 conditae
539 2514 620 2553 327)
629 2514 737 2556 populi
751 2515 791 2545 ad
805 2514 930 2544 Lartem
973 2519 1128 2554 superstes
1143 2514 1213 2545 fuit.
1256 2512 1337 2545 Cfim
1353 2513 1438 2543 enim
1453 2511 1505 2543 ille
1521 2513 1561 2542 ad
1578 2512 1732 2548 Sidetem,

169 2558 368 2589 Tolumnium
392 2556 548 2589 defecere.
595 2557 675 2588 Cum
699 2563 802 2589 autem
819 2558 859 2588 ad
875 2566 929 2588 eos
973 2556 1129 2587 Demetrii
1145 2556 1254 2592 filiurn,
1268 2555 1420 2587 Antiochi
1444 2555 1548 2596 magni
1570 2559 1731 2596 nepotem,

172 2601 191 2632 ὲ
213 2600 364 2632 Romanis
386 2605 519 2642 quatuor
538 2600 634 2640 legati
654 2600 739 2632 missi
760 2604 877 2638 essent,
896 2604 931 2629 ut
975 2599 1083 2631 missus
1107 2605 1202 2636 esset,
1226 2609 1263 2630 ac
1287 2609 1357 2630 eum
1377 2597 1496 2639 virgula}
1522 2596 1732 2637 circumscrip-

173 2645 213 2674 ab
244 2644 289 2674 eis
317 2643 504 2675 defectionis
532 2653 657 2674 causatu
691 2643 931 2679 sciscitarentur,
973 2643 1075 2679 sisset,
1098 2653 1201 2684 neque
1224 2653 1295 2673 eum
1322 2641 1473 2673 exiturum
1496 2639 1513 2670 ὲ
1536 2639 1651 2671 circulo
1673 2639 1733 2670 nisi

173 2686 330 2717 Tolumnii
344 2686 475 2728 imperio
491 2686 646 2718 interfecti
662 2691 744 2717 sunt.
974 2695 1121 2726 responso
1137 2685 1377 2726 datojurilsset3
1399 2683 1479 2723 regis
1494 2682 1623 2723 imperio
1638 2682 1733 2714 inter-

218 2731 249 2760 9.
273 2728 330 2760 Gn.
346 2729 483 2771 Octavii]
507 2729 709 2760 Octaviorum
724 2728 843 2760 familia
858 2727 933 2758 olim
976 2728 1077 2760 fectus
1091 2733 1150 2766 est,
1164 2729 1257 2769 eique
1273 2727 1293 2758 εἰ
1307 2731 1415 2758 senatu
1430 2726 1464 2760 iu
1477 2725 1613 2764 Rostris,
1627 2725 1660 2759 id
1675 2730 1734 2763 est,

175 2772 256 2803 inter
271 2771 414 2812 patricias
437 2772 456 2803 ὲ
478 2772 585 2803 Servio
602 2772 706 2804 Tullio
726 2771 855 2814 quidem
876 2771 934 2802 ad·
975 2771 1010 2804 in
1022 2772 1104 2813 foro,
1118 2776 1222 2804 statua
1236 2770 1339 2813 posita
1352 2773 1413 2804 est.

169 2815 258 2858 jecta
272 2819 331 2854 est,
346 2815 401 2846 sed
415 2819 486 2857 post
500 2816 620 2858 aliquot
641 2826 737 2848 annos
752 2815 792 2846 ad
807 2814 931 2857 plebem
