1790 3090
70 150 151 197 110
717 150 770 186 ΙΝ
793 152 1052 186 CATILINAM
1076 153 1122 186 11.

146 238 236 273 tam
273 242 460 279 manum,
490 229 638 272 florem
672 231 806 273 totius
844 231 980 274 Italiae
1002 247 1053 274 ac
1084 230 1214 272 robur
1246 228 1432 273 educite.
1490 228 1586 273 Jam
1607 228 1705 274 vero

74 284 129 324 55
146 287 286 330 urbes
313 288 574 330 coloniarum
613 302 664 329 ac
694 288 1024 345 municipiorum
1054 288 1375 345 respondebunt
1406 286 1605 330 Catilinae
1638 297 1706 330 tu-

146 345 272 387 mulis
309 344 598 396 silvestribus;
631 359 770 401 neque
797 345 895 387 vero
916 353 1092 388 caeteras
1114 345 1278 401 copias,
1310 351 1571 396 ornamenta,
1600 360 1704 400 prae-

147 402 255 443 sidia
283 408 435 452 vestra,
467 416 565 442 cum
594 401 706 442 illius
739 402 916 443 latronis
946 403 1095 458 inopia
1127 409 1255 458 atque
1289 409 1480 458 egestate
1513 402 1704 443 conferre

146 459 299 500 debeo.
360 457 446 498 Sed
487 457 536 508 si,
560 457 730 499 omissis
751 458 818 499 his
834 459 961 499 rebus
983 458 1197 509 omnibus,
1230 459 1386 514 quibus
1407 474 1484 500 nos
1506 458 1704 514 suppedi-

145 521 301 566 tamus,
324 521 422 570 eget
451 514 537 563 ille,
561 521 725 565 senatu,
758 514 973 570 equitibus
1004 514 1225 562 Romanis,
1245 516 1422 570 populo,
1453 516 1584 566 Urbe,
1605 529 1706 556 aera-

73 568 129 609 60
145 571 222 623 rio,
253 571 551 627 vectigalibus,
583 570 742 612 cuncta
765 570 905 619 Italia,
935 570 1167 627 provinciis
1189 571 1399 622 omnibus,
1433 571 1589 613 exteris
1629 586 1705 611 na-

143 628 361 679 tionibus3
394 628 444 679 si,
463 628 674 684 (inquam)
694 628 761 668 his
782 628 907 668 rebus
929 627 1115 677 omissis,
1146 627 1262 683 ipsas
1283 643 1450 679 causaS,
1483 643 1578 685 quae
1594 627 1705 668 inter

145 700 190 726 se
213 685 485 740 confligunt,g
515 685 772 726 contendere
801 685 996 736 velimus,
1034 698 1087 725 ex
1117 698 1167 725 eo
1191 683 1301 740 ipso,
1332 683 1463 740 quam
1496 684 1619 725 valde
1641 684 1704 725 illi

136 742 327 796 jaceant,
346 741 582 797 intelligere
602 755 847 797 possumus.
907 741 973 782 Ex
994 740 1078 782 hac
1100 740 1214 781 enim
1234 748 1353 797 parte
1370 742 1507 796 pudor
1525 747 1704 797 pugnat,

142 798 265 839 illinc
295 799 553 854 petulantia3
584 798 686 839 hinc
716 797 938 854 pudicitia,
970 797 1090 838 illinc
1111 804 1332 853 stuprum3
1363 797 1465 838 hinc
1497 797 1621 848 fides,
1653 797 1704 837 il-

72 851 481 905 651in0f1·audati0;
512 855 614 895 hinc
645 855 798 911 pietas,
830 854 949 895 illinc
977 855 1141 905 scelus3
1174 854 1275 895 hinc
1295 853 1554 905 constantia,
1585 853 1705 895 illinc

141 911 280 961 suror;
312 911 413 951 hinc
451 911 671 962 honestas,
701 911 821 952 illinc
855 910 1098 967 turpitudo3
1139 911 1241 952 hinc
1272 911 1554 960 continentia,
1585 909 1704 951 illinc

141 967 295 1017 libido;
326 967 428 1008 hinc
456 967 639 1023 denique
663 967 858 1023 aequitaS,
890 966 1184 1023 temperantia,
1216 967 1440 1019 fortitudo,
1463 967 1703 1024 prudentia,

139 1022 319 1064 virtutes
351 1037 513 1074 omnes,
545 1030 711 1064 certant
730 1038 828 1064 cum
852 1023 1092 1079 iniquitate,
1125 1038 1222 1064 cum
1246 1023 1430 1072 luxuria,
1463 1039 1561 1065 cum
1582 1024 1704 1079 igna-

139 1079 227 1131 via,
259 1094 356 1120 cum
391 1080 646 1131 temeritate,
678 1094 777 1120 cum
808 1080 922 1120 vitiis
953 1079 1172 1121 omnibus:
1203 1079 1420 1135 postremo
1449 1080 1574 1135 copia
1605 1095 1703 1121 cum

68 1134 123 1175 70
141 1142 346 1192 egestate,
379 1136 492 1177 bona
511 1136 618 1177 ratio
648 1151 746 1177 cum
766 1135 947 1191 perdita,
978 1151 1099 1177 mens
1116 1150 1220 1176 sana
1238 1151 1336 1176 cum
1356 1136 1556 1187 amentia,
1587 1137 1703 1177 bona

140 1192 325 1247 denique
367 1207 465 1248 spes
500 1208 597 1234 cum
630 1192 820 1233 omnium
856 1206 994 1233 rerum
1026 1192 1335 1248 desperatione,
1369 1193 1580 1249 confligit.
1651 1193 1702 1233 In

138 1249 387 1305 hujusmodi
410 1249 640 1291 certamine
663 1264 713 1290 ac
735 1249 900 1305 proelio,
931 1263 1087 1299 nonne,
1121 1249 1288 1290 etiamsi
1310 1249 1533 1290 hominum
1557 1249 1702 1290 studia

138 1305 357 1356 deficiant,
381 1306 440 1346 dii
457 1306 539 1362 ipsi
560 1307 821 1348 immortales
844 1313 1001 1363 cogent
1018 1306 1071 1348 ab
1089 1305 1156 1348 his
1176 1306 1514 1363 praeclarissimis
1535 1306 1702 1349 virtuti-

137 1362 217 1403 bus
239 1369 306 1404 tot
325 1370 369 1405 et
385 1369 506 1405 tanta
525 1363 631 1405 vitia
650 1362 868 1420 superari?

769 1539 785 1565 g
799 1548 1058 1589 comparare.

133 1705 329 1747 naufragium
365 1705 524 1743 fecissent,
559 1710 592 1736 et
624 1705 722 1737 eversi
751 1705 891 1738 funditus
933 1705 1042 1748 copias
1077 1709 1110 1736 et
1142 1710 1335 1746 ornamenta,
1360 1702 1510 1747 intelligit
1540 1710 1696 1743 senatum,

135 1754 248 1783 essent,
286 1750 326 1779 ad
377 1750 490 1779 Manlii
526 1754 625 1780 castra
671 1749 890 1790 confugerunt.
935 1750 1055 1791 equites
1070 1748 1451 1791 Rom.ae1·arium,eaque
1466 1750 1692 1791 omniaquibus

132 1792 609 1832 Translatioauaufragantibus.
937 1793 1085 1833 munitur,
1109 1798 1244 1829 ornatur,
1268 1798 1300 1823 et
1327 1794 1541 1824 corroboratur
1565 1793 1696 1834 respub·

177 1834 230 1866 55.
279 1834 368 1865 Urbes
385 1836 574 1871 coloniarum,
590 1834 666 1875 δια]
711 1835 750 1865 Id
769 1840 826 1871 est,
842 1846 894 1866 co·
937 1835 1008 1866 lica.

133 1877 197 1908 loni
214 1884 246 1908 et
260 1879 431 1919 municipes
446 1879 587 1909 resistent
600 1878 792 1908 multitudini
804 1879 893 1909 rusti·
981 1881 1035 1909 58.
1082 1878 1335 1920 Suppeditamus]
1382 1878 1601 1910 Abundamus.
1626 1877 1697 1908 M'a-

134 1931 240 1951 corum
269 1926 301 1951 et
327 1922 508 1952 silvestrium
536 1921 708 1958 hominum,
731 1922 750 1951 ᾗ,
779 1922 890 1963 quibus
934 1928 1001 1952 ‘nut-

133 1965 209 1994 ordo
226 1963 328 1994 nullus
340 1964 372 1994 in
385 1965 491 2005 pugna
507 1969 655 1996 servatur.
977 1966 1032 1996 73.
1055 1965 1110 1996 Dii
1121 1967 1201 2008 ipsi]
1238 1965 1398 2008 Diijustis
1413 1965 1514 1997 causis
1527 1965 1630 1996 favere
1647 1976 1698 1996 so-

175 2009 227 2038 56.
274 2006 396 2038 Caeteras
438 2009 542 2047 copias,
585 2007 783 2050 ornamenta]
828 2007 891 2039 Per
933 2007 1012 2039 lunt.

777 2175 1055 2209 PERORATIO.

188 2275 266 2317 VI.
302 2275 410 2324 Quae
432 2275 529 2317 cum
549 2276 609 2317 ita
629 2274 730 2328 sint,
762 2276 967 2328 Quirites,
997 2291 1073 2319 vos
1093 2275 1475 2334 (quemadmodum
1499 2276 1591 2332 jam
1619 2290 1693 2317 an-

131 2332 222 2382 tea)
239 2340 407 2374 avestra
426 2340 542 2374 tecta
575 2333 785 2374 custodiis
805 2333 1051 2389 vigiliisque
1087 2335 1329 2376 defendite:
1360 2333 1481 2384 mihi,
1512 2340 1560 2373 ut
1581 2333 1689 2383 urbi,

131 2388 226 2429 sine
244 2396 385 2430 vestro
412 2397 532 2431 motu
561 2404 612 2430 ac:
632 2388 725 2430 sine
746 2390 833 2430 ullo
853 2392 1054 2442 tumultu,
1088 2392 1192 2433 satis
1225 2398 1339 2433 esset
1357 2389 1558 2446 praesidii,
1590 2404 1691 2430 con-

131 2446 289 2486 sultum
305 2461 356 2487 ac
376 2446 594 2502 provisum
614 2453 695 2488 est.
754 2446 909 2487 Coloni
926 2461 1073 2488 omnes
1089 2448 1416 2504 municipesque
1435 2445 1580 2496 vestri,
1601 2461 1688 2487 cer-

56 2504 83 2544 5
130 2501 260 2543 tiores
283 2501 308 2542 a
330 2517 396 2543 me
424 2503 528 2544 facti
550 2503 602 2544 de
622 2503 708 2544 hac
728 2504 941 2544 nocturna
961 2504 1213 2546 excursione
1237 2505 1448 2554 Catilinae,
1479 2502 1606 2543 facile
1623 2517 1690 2544 ur-

129 2558 205 2600 bes
219 2573 318 2600 suas
334 2559 527 2615 finesque
542 2559 795 2601 defendent:
829 2559 1102 2616 gladiatores,
1119 2576 1248 2617 quam
1264 2561 1345 2602 sibi
1366 2561 1437 2601 ille
1457 2559 1689 2600 maximam

128 2630 302 2658 manum
336 2623 379 2657 et
409 2616 692 2659 certissimam
722 2617 812 2659 fore
847 2614 1028 2673 putavit,
1059 2633 1317 2675 quamquam
1333 2617 1507 2660 meliore
1543 2616 1686 2658 animo

645 2828 648 2829 a
695 2795 710 2815 ¹*
722 2794 885 2834 vestras
906 2790 1059 2834 domos.
