1858 3095
690 167 947 203 PHILIPPICA
973 168 1004 203 1.

59 254 197 304 pauca
215 255 367 298 querar
395 242 450 284 de
478 241 679 285 hesternai
709 244 775 286 M.
796 242 976 285 Antonii
998 244 1178 300 injurist;
1209 245 1278 286 cui
1307 258 1400 286 sum
1432 246 1622 297 amicus3

60 297 191 355 idque
212 313 279 341 me
299 300 502 341 nonnullo
525 301 616 356 ejus
639 300 781 344 officio
803 301 956 342 debere
978 317 1085 352 esse,
1121 317 1205 358 prae
1235 317 1303 344 me
1332 316 1500 358 semper
1530 302 1622 343 tuli.

59 354 176 403 Quid
198 356 370 398 tandem
391 365 481 398 erat
501 371 654 408 causae,
679 373 753 400 cur
772 358 815 399 in
836 367 1032 400 senatum
1049 359 1248 400 hesterno
1269 359 1339 400 die·
1359 365 1446 400 tam
1467 357 1620 399 acerbe
1638 361 1664 399 5

59 413 258 468 cogerer?
289 413 490 455 Solus-ne
503 414 697 456 aberam?
718 429 771 456 an
793 429 875 456 non
899 414 1011 471 saep&
1028 415 1166 456 minsis
1189 416 1433 472 frequentes
1453 414 1619 456 fuistis?

58 481 113 509 an
133 483 184 510 ea
204 483 270 511 res
289 469 510 525 agebatur,
540 478 588 512 ut
607 472 735 513 etiam
762 478 947 528 aegrotos
977 472 1126 514 deferri
1161 472 1398 528 oporteret?
1459 470 1622 513 Hanni-

56 523 129 566 bal
159 526 325 577 (credo)
369 534 459 568 erat
499 528 553 568 ad

591 536 749 584 portas,
787 537 859 570 aut
889 529 943 570 de
976 529 1126 585 Pyrrhi
1157 544 1263 585 pace
1293 529 1522 584 agebatur3
1564 528 1622 569 ad

56 595 186 637 quam
217 596 394 624 causam
423 583 552 625 etiam
574 586 761 641 Appium
791 586 908 626 illum
933 591 976 626 et
1004 600 1167 626 caecum
1198 591 1241 626 et
1266 599 1412 626 senem
1432 584 1621 625 delatum

57 651 167 689 esee,
197 640 410 681 memoriae
438 642 654 698 proditum
681 649 762 684 est.

823 642 890 683 De
923 641 1310 697 supplicationibus
1340 641 1694 692 referebatur-310

56 694 206 750 quoin
233 711 387 752 genere
410 706 626 740 senatores
647 698 798 740 deesse
825 713 910 738 non
936 698 1097 738 solent:
1130 705 1344 753 coguntur
1374 696 1502 747 enim,
1533 711 1622 738 non

55 750 324 807 pignoribus,
374 756 451 796 sed
493 769 652 805 eorum,
703 768 885 810 quorum
925 754 977 795 de
1027 754 1186 795 honore
1231 755 1385 810 agitur,
1435 753 1620 809 '’gratia:

56 809 174 863 quod
196 809 311 851 idem
331 811 394 862 fit,
426 811 521 852 cum
543 811 595 852 de
616 811 831 866 triumpho
853 810 1048 852 refertur:
1080 810 1142 851 ita
1173 809 1265 852 sine
1294 811 1398 852 cur-21
1419 811 1620 851 consules

56 873 168 914 sunt,
189 873 237 907 ut
256 866 377 922 paene
397 868 577 908 liberum
597 868 655 909 sit
673 867 856 909 senatori
878 881 963 908 non
980 868 1147 909 adesse.
1198 867 1284 916 Qui
1298 867 1395 910 cum
1409 867 1509 907 mihi
1526 881 1621 908 mos

56 927 184 963 notus
205 931 333 975 esset,
354 923 538 980 cumque
560 924 614 966 de
635 924 706 965 via
736 925 1019 980 clanguerem,
1051 931 1094 965 et
1120 924 1315 966 mihimet
1334 923 1623 980 displicerem,
1645 926 1698 967 15

57 977 170 1030 misi,
199 993 276 1036 pro
301 981 507 1033 amicitia,
539 981 613 1037 q'ui
640 981 725 1023 hoc
747 981 785 1022 ei
807 982 983 1022 diceret.
1042 981 1104 1022 At
1129 982 1216 1032 ille,
1247 981 1370 1023 vobis
1406 980 1620 1022 audienti-

58 1033 154 1084 bus,
176 1050 274 1078 cum
294 1037 423 1079 fabris
443 1052 490 1079 se
512 1038 686 1079 domum
707 1053 846 1079 meam
865 1044 1089 1079 venturum
1109 1053 1203 1079 esse
1225 1037 1356 1088 dixit3
1387 1037 1513 1078 nimis
1544 1037 1624 1078 ira-

61 1091 201 1154 cunde
212 1092 298 1135 hoc
314 1095 504 1150 quidem,
528 1102 571 1136 et
586 1094 709 1136 valde
727 1095 1072 1151 intemperanter.

59 1156 144 1190 ista
174 1164 302 1206 poena
330 1158 410 1202 est,
449 1159 496 1193 ut
533 1151 676 1193 dicere
724 1152 766 1193 in
811 1152 896 1193 hoc
937 1152 1084 1193 ordine
1123 1154 1311 1202 auderet,
1354 1166 1398 1192 se

1133 1094 1268 1150 Cujus
1287 1095 1400 1136 enim
1422 1094 1625 1135 maleficii

1440 1150 1624 1207 publicis

59 1204 228 1262 doperis
244 1207 579 1249 disturbaturum
598 1208 770 1265 publice
793 1222 845 1249 ex
862 1208 1034 1249 senatus
1048 1208 1264 1250 sententia
1276 1208 1533 1249 aedificatam
1549 1207 1606 1248 do
1644 1210 1702 1251 20

60 1263 202 1304 mum?
231 1264 329 1320 quis
356 1272 499 1307 autem
528 1279 716 1321 unquam
742 1272 863 1306 tanto
888 1265 1045 1306 damno
1073 1271 1315 1307 senatorem
1348 1264 1522 1321 coegit?
1553 1270 1628 1305 aut

61 1319 167 1376 quid
182 1328 250 1362 est.
260 1321 371 1364 ultra
383 1322 542 1379 pignus
553 1329 628 1364 aut
639 1321 842 1364 multam?
864 1321 994 1370 Quod
1004 1321 1040 1364 si
1049 1322 1215 1375 scisset,
1229 1336 1358 1378 quam
1371 1320 1628 1364 sententiam

290 1493 458 1537 '‘cau-sci.

111 1703 143 1734 3.
174 1701 314 1733 Hesternti
342 1703 461 1734 Antonii
485 1702 626 1744 injurid]
672 1702 752 1734 Cfxm
780 1714 827 1735 re-

65 1746 203 1777 scivisset
217 1746 373 1777 Antonius
394 1745 529 1777 Romam
552 1746 715 1777 advenisse
737 1746 828 1777 Cice-

65 1799 184 1825 ronem,
214 1799 316 1830 neque
348 1789 457 1820 adesse
485 1790 516 1820 in
546 1795 667 1825 senatu,
697 1790 829 1820 minatus

66 1838 127 1870 est,
142 1842 175 1862 se
191 1831 305 1868 fabros,
320 1833 359 1863 ad
375 1832 596 1864 exturbandam
613 1832 679 1873 ejus
691 1833 829 1869 domum,

69 1880 102 1905 et
129 1875 239 1918 milites
268 1875 323 1917 qui
348 1886 420 1906 eum
442 1877 472 1906 vi
495 1877 698 1913 adducerent,
724 1876 832 1907 missu-

69 1928 146 1949 rum.

114 1962 147 1991 4.
170 1960 322 1992 Nonnulla
333 1963 394 2001 ejus
407 1960 526 2003 officia]
571 1962 716 1993 Officium
728 1966 832 1998 vocat,

71 2002 155 2046 quod
172 2004 212 2034 ab
227 2004 370 2035 Antonio
383 2004 542 2036 Brundisii
562 2016 626 2036 non
642 2005 681 2035 sit
701 2005 833 2040 occisus,

73 2048 127 2078 nbi
143 2046 326 2078 Ciceronem
342 2047 487 2085 offendit,
502 2048 563 2088 quo
577 2047 684 2078 missus
699 2047 800 2077 fuerat
815 2047 835 2077 a

73 2090 196 2122 Caesare
210 2095 282 2130 post
298 2100 434 2131 pugnam
447 2089 668 2127 Pharsalicam,
690 2095 725 2120 ut
740 2089 833 2120 Pom-

75 2133 204 2176 peianos
219 2132 306 2163 aditu
319 2132 417 2163 Italiae
432 2133 618 2173 prohiberet.

118 2178 150 2207 7.
187 2175 340 2206 Hannibal
371 2176 480 2217 creda]
538 2175 660 2207 Ironice
691 2175 837 2217 deprimit

76 2218 207 2250 Antonii
222 2219 347 2254 factum,
369 2219 556 2260 proferendo
570 2218 738 2260 periculum
751 2219 835 2260 quod

76 2263 117 2293 ab
128 2262 306 2293 Hannibale
318 2261 430 2292 Romae
445 2266 582 2294 creatum
598 2267 655 2298 est,
667 2260 750 2298 cum,
765 2266 838 2303 post

75 2305 271 2336 Cannensem
295 2315 444 2346 pugnarn,
468 2308 508 2336 ad
531 2304 688 2335 Anienem
709 2305 837 2335 fluvium

76 2354 178 2380 castra
197 2347 312 2389 posuit,
336 2349 375 2379 ad
399 2348 522 2379 tertium
537 2349 577 2378 ab
592 2349 666 2379 urbe
680 2348 818 2389 lapidem
829 2363 838 2386 ;

79 2397 112 2422 et
134 2392 240 2422 urbem
263 2391 487 2432 obequitando,
506 2391 586 2421 intra
606 2402 706 2422 muros
721 2392 840 2421 hastam

80 2434 203 2476 injecit:
228 2444 290 2476 quo
313 2441 453 2476 tempore
476 2445 596 2465 summa
613 2433 724 2466 Romae
748 2434 842 2475 trepi-

83 2477 170 2509 datio
184 2478 255 2508 suit.

126 2522 157 2551 8.
185 2519 299 2562 Pyrrhi
323 2521 421 2562 paca]
481 2520 618 2563 Pyrrhus
633 2531 685 2552 rex
700 2519 844 2562 Epirota-

84 2573 149 2601 rum
164 2564 234 2600 fuit,
248 2565 312 2606 qui.
329 2564 347 2594 ἒ,
358 2564 534 2595 Tarentinis
547 2565 727 2601 advocatus,
739 2569 845 2594 contra

84 2604 244 2637 Romanos
261 2607 342 2638 bella
357 2607 461 2648 gessit.
504 2607 536 2638 Is
553 2608 590 2638 ad
607 2607 788 2648 vigesimum
804 2607 844 2637 ab

85 2649 172 2680 Urbe
186 2649 320 2691 lapidem
335 2658 436 2681 castra
459 2651 573 2691 posuit.
617 2649 697 2682 cum
713 2653 752 2680 de
769 2660 847 2691 pace

87 2702 157 2724 cum
173 2702 212 2722 eo
234 2699 387 2734 ageretur,
409 2693 546 2735 Appius,
569 2703 662 2725 senex
683 2699 716 2724 et
737 2703 849 2730 caecus,

87 2734 200 2766 lectica
224 2735 256 2765 in
283 2743 424 2768 senatum
450 2737 585 2774 delatus,
605 2742 710 2778 turpes
740 2736 850 2767 condi-

87 2779 194 2810 tiones
205 2778 363 2810 dissuasit.
404 2779 523 2816 Florus,
535 2780 589 2812 lib.
601 2782 654 2811 13.
665 2778 754 2820 Epit.

688 1496 851 1553 cfessus
870 1509 1015 1538 essem.

1232 1493 1250 1518 ‘¹
1243 1494 1400 1550 fabris.

871 1703 1044 1739 Romanos,
1069 1707 1103 1733 ut
1127 1702 1146 1732 ἃ
1176 1707 1285 1733 senatu
1315 1706 1443 1744 propter
1465 1712 1529 1733 rem
1554 1702 1636 1732 ben&

873 1753 1004 1787 gestam,
1028 1746 1154 1776 nomine
1169 1745 1374 1786 imperatoris,
1390 1745 1636 1786 supplicationes

873 1793 909 1821 ad
927 1789 1055 1830 templa,
1079 1788 1291 1830 gratulationis
1305 1788 1410 1825 causa,
1438 1799 1493 1829 per
1517 1789 1636 1829 aliquot

873 1834 940 1863 dies
964 1844 1035 1863 cum
1057 1832 1241 1873 conjugibus
1266 1837 1298 1862 et
1313 1831 1416 1862 liberis
1433 1832 1639 1862 celebrarent.

875 1876 1008 1912 Quoties
1042 1881 1145 1906 autem
1176 1876 1215 1905 de
1251 1875 1528 1917 supplicationibus
1559 1874 1640 1904 refe-

875 1919 1005 1949 rendum
1028 1924 1105 1956 erat,
1131 1924 1289 1949 senatores
1315 1919 1563 1948 convocabantur
1585 1927 1642 1957 per

876 1961 990 1993 amicos
1026 1962 1120 1998 illius,
1158 1961 1244 2001 cujus
1277 1961 1376 2003 gratia
1408 1960 1470 1991 illa:
1499 1961 1642 1991 institue-

876 2005 997 2035 bantur.

922 2051 973 2078 11.
997 2046 1270 2088 Nonpignwibns]
1310 2045 1577 2087 Quotiescumque
1593 2056 1644 2077 se-

877 2094 969 2120 natus
983 2090 1167 2129 habebatur,
1183 2091 1292 2120 adesse
1304 2093 1460 2119 senatores
1472 2089 1643 2125 debebant,

879 2138 932 2162 aut
953 2132 1051 2163 multa
1072 2135 1274 2173 cogebantur,
1296 2131 1359 2161 nisi
1379 2130 1466 2172 justa
1491 2132 1644 2162 absentia:

879 2186 972 2206 causa
982 2176 1138 2213 subesset3
1154 2173 1342 2217 quamquam
1356 2184 1417 2204 non
1428 2174 1539 2205 eadem
1550 2173 1645 2216 poenz'z

879 2218 1074 2254 tenebantur,
1096 2217 1167 2249 cum
1180 2220 1220 2249 de
1234 2217 1513 2259 supplicationibus
1523 2223 1577 2248 aut
1591 2218 1645 2248 tri-

881 2263 997 2302 umpho
1014 2261 1174 2302 agebatur.

925 2307 977 2335 13.
1025 2304 1097 2334 cnm
1112 2306 1147 2335 de
1163 2301 1336 2344 triumpho]
1379 2302 1471 2335 Idem
1491 2303 1586 2335 fiebat
1608 2312 1646 2334 ac

883 2347 923 2378 de
937 2347 1230 2389 supplicationibus,
1241 2346 1311 2379 cuin
1322 2347 1361 2376 de
1375 2346 1529 2388 triumpho
1539 2348 1648 2378 decer-

882 2392 987 2421 nendo
1001 2391 1159 2432 agebatur.

927 2432 978 2465 Ib.
1015 2434 1083 2464 Sine*
1096 2433 1195 2475 card]
1242 2431 1280 2463 Id
1295 2437 1354 2470 est,
1371 2443 1435 2463 non
1450 2438 1559 2464 curant
1573 2443 1649 2464 con-

887 2477 981 2509 sules.

932 2522 985 2553 16.
1032 2519 1113 2556 Misi,
1138 2530 1191 2559 pro
1214 2519 1371 2563 amicitiai]
1415 2519 1504 2550 Tune
1534 2518 1651 2550 amicus

889 2570 955 2594 erat
969 2563 1108 2594 Antonio
1125 2562 1248 2595 Cicero.

933 2608 986 2637 20.
1009 2605 1054 2636 Ex
1066 2606 1182 2637 senatus
1194 2606 1334 2638 sententiat
1347 2605 1545 2646 aedzficatam]
1569 2603 1652 2636 Cum

891 2649 1030 2686 Clodius,
1052 2650 1211 2680 exsulante
1240 2650 1403 2685 Cicerone,
1434 2650 1559 2677 domum
1583 2647 1653 2688 ejus

890 2692 1093 2729 incendisset,
1115 2703 1151 2723 ex
1168 2693 1291 2724 senatus
1307 2694 1433 2723 decreto
1450 2690 1575 2732 publica
1597 2701 1655 2732 pe-

893 2733 986 2766 cunia
1003 2736 1145 2766 restituta
1161 2741 1217 2767 est.

937 2781 990 2810 21.
1011 2779 1075 2809 Aut
1094 2780 1166 2820 quid
1189 2784 1230 2809 est
1251 2778 1335 2809 ultra
1358 2779 1479 2820 pignus,
1505 2782 1557 2808 ant
1581 2777 1660 2807 mul-

132 2824 186 2854 10.
223 2820 270 2854 De
282 2822 561 2864 supplicationibus.]
606 2823 680 2855 Mos
692 2822 751 2855 fuit
764 2822 853 2865 apud
894 2827 952 2854 tam
959 2823 993 2865 ?]
1007 2821 1126 2865 Pignus
1136 2826 1183 2854 est
1193 2826 1402 2864 compactum,
1415 2832 1478 2863 quo
1493 2831 1541 2853 res
1556 2820 1667 2863 aliqua

1621 171 1704 213 393
