1790 3090
127 194 214 239 436
815 199 1078 234 PHILIPPICA
1101 198 1149 231 11

130 273 189 315 25
207 280 309 317 test.
341 275 481 317 Hasta
497 273 677 330 positab
686 287 761 337 pro
779 275 870 316 aede
883 274 1004 318 Jovis
1020 273 1218 326 Statoris,
1233 274 1350 317 bona
1367 274 1449 316 Cn
1462 272 1763 338 Pompe11(mi-

208 347 350 374 serum
371 334 457 373 me!
491 331 757 386 consumptis
785 332 900 372 enim
928 332 1144 394 laeiymis,
1175 338 1319 373 tamen
1338 332 1495 373 infixus
1519 346 1660 373 animo
1680 332 1764 373 hae-

208 397 272 431 ret
306 389 442 438 dolor)
474 389 601 435 bona,
634 403 823 458 mquam,
856 387 1331 445 Cn.P0mpe11M<÷<rn1,
1363 388 1459 429 voci
1478 388 1764 430 acerbissimae

208 446 402 500 subjecta
416 444 649 500 piaeconis3
671 460 757 485 una
772 445 904 486 milla
918 461 959 487 re
978 445 1194 486 servitutis
1210 446 1356 496 oblita,
1371 445 1520 486 civitas
1535 445 1762 500 1noemu1t

207 501 421 542 seivientil
426 516 576 557 msque
593 501 760 552 animis,
792 516 890 542 cum
910 502 1050 543 omnia
1072 509 1186 543 metu
1207 509 1465 553 tenerentur,
1497 501 1681 564 gemitus
1702 507 1765 542 ta-

131 558 187 599 30
207 573 305 600 men
322 558 468 614 populi
485 557 670 599 Romani
693 558 800 599 liber
817 558 913 600 fuit.
945 558 1311 615 Exspectantibus
1333 559 1546 610 omnibus,
1569 571 1767 621 qulsnam

205 623 321 658 esset
336 622 422 656 tarn
438 615 609 671 impius,
632 622 719 656 tam
741 615 931 666 demens,
952 622 1041 656 tam
1063 616 1143 656 diis
1166 615 1497 671 hominibusque
1516 614 1668 666 hostis,
1690 626 1765 670 qul

88 664 200 707 ιΤ-Ἠῑᾶ
192 674 260 714 ¹ad
282 672 386 713 illud
404 673 543 713 scelus
562 671 764 713 sectionis
783 673 959 713 auderet
974 673 1194 723 accedere,
1212 672 1408 713 inventus
1426 682 1491 713 est
1504 686 1645 723 nemo,
1662 685 1768 726 pree·-

205 736 270 771 ter
291 729 547 780 Antoniu1n3
580 729 812 785 praesertim
846 730 945 770 cum
979 735 1045 770 tot
1077 735 1221 770 essent
1248 729 1410 770 circum
1436 729 1606 770 hastam
1635 728 1765 779 illam,

204 786 276 843 qui
297 786 381 827 alia
404 786 545 826 onmia
565 786 785 828 auderent.
825 785 947 836 Unus
964 785 1162 827 inventus
1179 793 1257 835 est,
1281 785 1353 841 qui
1375 785 1418 826 id
1439 785 1629 835 auderet,
1651 783 1768 841 quod

129 842 185 884 35
206 843 393 884 omnium
412 843 596 898 fugisset
612 849 654 883 et
671 828 992 884 reformidasset
1004 843 1196 884 audacia.
1227 842 1390 882 Tantus
1408 842 1538 898 igitur
1558 848 1601 883 te
1617 848 1767 897 stupor

204 899 431 979 oppressit,
448 877 514 939 veel
535 903 601 953 (ut
621 898 759 939 verius
774 899 933 950 dicam)
950 907 1094 940 tantus
1109 900 1237 948 fur’,01
1258 905 1320 950 ut,
1342 898 1536 955 primum,
1560 898 1658 939 oum
1672 912 1764 939 sec-

0 968 31 994 *κ
52 956 57 969 ”·
124 965 157 995 ι’
158 959 271 1003 21th
287 970 346 996 Sis
367 955 475 995 cisto
496 955 593 996 loco
615 961 755 1003 natus,
788 955 943 995 deinde
961 970 1058 996 eum
1076 955 1272 1010 Pompeii
1294 963 1449 1007 sector,
1481 970 1567 996 non
1584 962 1626 997 te
1647 969 1767 1004 exse,-

205 1012 412 1054 crandum
428 1013 596 1074 populo
604 988 816 1059 Romaim,
838 1025 924 1051 non
945 1011 1260 1074 detestabilem,
1287 1026 1373 1052 non
1389 1026 1536 1053 omnes
1553 1012 1631 1052 tibi
1646 1012 1765 1061 deos,

204 1084 290 1110 non
314 1083 461 1110 omnes
483 1067 694 1119 homines,
727 1074 770 1108 et
789 1082 882 1109 esse
905 1067 1119 1118 inimicos,
1143 1076 1186 1108 et
1202 1068 1367 1108 futuros
1386 1068 1522 1109 scias?
1568 1070 1627 1109 At
1639 1067 1769 1124 quam

81 1121 187 1168 240
203 1126 439 1167 insolenter
458 1125 603 1166 statim
624 1125 764 1165 helluo
786 1123 942 1165 invasit
962 1124 1006 1164 in
1027 1125 1119 1180 ejus
1141 1124 1217 1165 viii
1234 1124 1440 1172 fortunas,
1464 1124 1586 1194 cujus
1612 1125 1768 1166 virtute

25 1215 31 1221 ι
64 1213 73 1216 «.
105 1212 112 1214 -
205 1182 433 1225 tenibilior
453 1189 542 1223 erat
561 1182 747 1245 populus
770 1180 992 1222 Romanus
1014 1181 1169 1222 exteris
1193 1181 1404 1261 oentibus,
1421 1181 1593 1244 justitia
1610 1180 1767 1222 carior!

0 1213 157 1345 Μ
206 1239 256 1280 In
280 1241 372 1296 ejus
398 1238 530 1295 igitur
549 1253 627 1279 v1r1
648 1252 795 1293 copias
829 1253 923 1279 cum
950 1253 994 1279 se
1029 1237 1597 1294 subito‘¹i1iourgitavisset‚
1629 1234 1772 1279 exsul-

205 1297 328 1337 tabat
367 1275 539 1352 gaudio,
571 1310 755 1359 persona
793 1295 870 1336 ede
907 1294 1054 1346 mimo,
1085 1293 1213 1336 modo
1248 1309 1395 1351 egens,
1426 1294 1602 1350 repente
1635 1294 1771 1336 dives.

207 1352 309 1405 Sed,
327 1360 375 1394 ut
367 1333 451 1394 ³³est
467 1352 579 1408 apud
593 1351 766 1408 po'etam
779 1351 927 1393 nescio
942 1367 1083 1407 quem,
1097 1350 1216 1392 Mal&
1226 1357 1359 1406 parta
1375 1353 1484 1392 male?
1496 1353 1769 1393 dilabuntur:

131 1411 187 1452 45
206 1409 459 1452 inoledibile
481 1424 532 1450 ac
553 1409 689 1450 simile
722 1408 911 1464 portenti
943 1416 1022 1460 est,
1055 1423 1241 1471 quonam
1262 1408 1392 1449 modo
1413 1407 1488 1449 illa
1509 1415 1598 1449 tam
1617 1409 1768 1461 multa,

207 1482 337 1530 quam
358 1466 521 1522 paucis,
544 1480 630 1506 non
648 1465 745 1506 dico
766 1466 1000 1517 mensibus,
1022 1466 1097 1506 sed
1119 1465 1288 1528 diebus,
1308 1464 1514 1506 effuderit.
1549 1464 1769 1506 Maximus

206 1539 294 1564 v1n1
316 1538 519 1564 numerus
548 1523 640 1572 fuit,
673 1537 955 1578 permagnum
987 1522 1139 1579 optimi
1171 1523 1359 1577 pondus
1370 1521 1551 1577 argenti,
1581 1521 1771 1584 pretiosa

0 1581 175 1680 m
207 1580 340 1621 vestis
375 1581 524 1631 multa,
558 1587 600 1621 et
629 1553 747 1620 lauta
778 1580 969 1635 supellex
1016 1586 1059 1621 et
1088 1579 1319 1635 magnifica
1347 1579 1494 1619 multis
1525 1578 1649 1628 locis,
1682 1592 1770 1620 non

205 1636 281 1678 illa
312 1636 488 1700 quidem
520 1636 726 1677 luxuriosi
749 1635 950 1687 hominis,
983 1637 1059 1677 sed
1081 1643 1225 1677 tamen
1256 1635 1528 1677 abundantis.
1589 1634 1770 1687 Horum,

130 1699 187 1740 50
205 1709 357 1751 paueis
390 1693 559 1747 diebus,
596 1693 702 1736 nihil
733 1699 836 1735 erat.
899 1693 1008 1742 Quae
1040 1692 1284 1750 Charybdis
1315 1696 1403 1734 tam
1433 1690 1594 1734 vorax?
1654 1692 1769 1734 Cha-

260 1865 390 1908 hante
409 1867 555 1909 aedem.
648 1865 955 1920 ‘istd-familia.
1030 1864 1327 1906 ·‘¹immisisset.
1409 1865 1706 1954 ‘lzffzsttzomea

1405 1940 1445 1969 *t
1498 1938 1522 1964 s,

1490 1965 1501 1990 Ι

247 2082 298 2112 25.
324 2079 420 2111 Hasta
431 2078 550 2120 positci]
597 2078 768 2120 Postquam
785 2083 883 2109 toturn
896 2078 962 2108 bel·
1005 2079 1152 2109 inventus
1168 2082 1226 2114 est,
1242 2077 1295 2118 qui
1311 2076 1350 2107 ea
1363 2076 1459 2108 valuit
1468 2077 1612 2115 audacia,
1625 2082 1659 2108 ut
1669 2077 1763 2109 Pom-

202 2122 266 2154 lum
281 2123 527 2154 Alexandrinum
544 2123 719 2153 confectum
735 2128 782 2152 est
795 2122 812 2151 ῑι
829 2122 961 2158 Caesare,
1006 2122 1068 2163 peii
1085 2124 1165 2151 bona
1181 2126 1309 2152 emeret.

200 2167 284 2196 bona
316 2166 459 2207 Pompeii
489 2165 669 2207 proscripsit
694 2165 862 2201 Antonius,
892 2175 960 2205 quae
1049 2167 1102 2195 40.
1127 2164 1262 2204 Henna]
1307 2163 1495 2195 Helluonern
1510 2168 1630 2195 veteres
1645 2163 1763 2201 dixere,

200 2209 296 2239 hastae
319 2210 458 2250 subjecta
481 2209 575 2239 fuisse
600 2208 752 2244 dicuntur,
774 2208 846 2249 quia
867 2207 899 2237 in
923 2218 960 2238 eo
1005 2207 1059 2248 qui
1076 2209 1157 2238 bona
1172 2219 1227 2238 sua
1242 2207 1444 2239 immoderate
1457 2207 1619 2244 consumit,
1635 2212 1668 2238 et
1681 2207 1762 2249 gulae

200 2251 282 2289 loco,
307 2253 358 2282 ubi
372 2252 598 2288 vendebantur,
621 2252 709 2281 hasta
726 2252 887 2292 figebatur.
1002 2249 1155 2292 indulget.

243 2295 295 2327 Ib.
318 2295 397 2326 Jovis
410 2295 559 2337 Statoris.]
605 2294 759 2334 Jupiter
745 2306 761 2324 a
774 2295 877 2325 stando
889 2293 958 2324 Sta-
1045 2262 1112 2325 43.g
1144 2293 1232 2324 Mod&
1268 2304 1362 2335 egens,
1393 2293 1507 2333 repente
1540 2293 1645 2334 dives]
1689 2292 1763 2324 His-

200 2342 247 2367 tor
258 2340 359 2369 dictus
376 2345 433 2371 est.
469 2338 548 2369 Cum
565 2338 645 2368 enirn
663 2337 743 2367 bello
759 2337 874 2367 Sabino
891 2337 958 2367 Ro-
1003 2336 1115 2368 triones
1131 2336 1223 2367 modo
1240 2337 1369 2367 (ὶίιίωιῐι
1396 2336 1487 2367 modo
1510 2337 1667 2376 egentium
1690 2345 1761 2376 per-

199 2381 299 2412 mulus
329 2393 399 2412 suos
425 2381 579 2421 fugientes
604 2381 733 2416 videret,
757 2380 830 2411 Jovi
856 2381 956 2410 aedem
1001 2391 1091 2411 sonas
1121 2381 1283 2411 sustinent.
1329 2380 1412 2411 Talis
1443 2385 1549 2410 autem
1577 2379 1635 2409 fuit
1656 2378 1759 2410 Anto-

199 2424 294 2460 vovit‚
318 2425 341 2454 si
357 2430 483 2454 starent.
529 2424 612 2455 Vide
629 2424 762 2454 Livnlib.
782 2427 810 2453 1.
999 2423 1080 2455 nius

240 2469 294 2498 32.
318 2467 399 2497 Illud
421 2469 511 2497 scelus
537 2468 692 2507 sectionis]
739 2465 776 2495 Id
801 2471 859 2501 est,
884 2476 955 2496 auc·
1042 2470 1096 2497 44.
1122 2466 1327 2507 Maleparta]
1365 2457 1444 2502 Res,
1460 2475 1535 2507 quae
1544 2453 1758 2505 voluptatibus

196 2509 301 2540 tionis.
347 2510 488 2540 sectores
505 2515 608 2539 autem
621 2509 696 2540 dicti
711 2513 792 2544 sunt,
816 2509 869 2548 qui
885 2519 955 2549 pro·
999 2513 1031 2539 et
1047 2509 1132 2540 malis
1148 2511 1262 2539 artibus
1271 2516 1456 2550 comparatae
1469 2510 1552 2544 sunt,
1565 2509 1756 2548 pere'asdem

196 2553 377 2592 scriptorum
404 2553 482 2582 bona
495 2553 595 2592 posita
611 2553 667 2582 sub
684 2550 773 2580 hasta
787 2551 952 2582 redimunt.
998 2552 1173 2593 voluptates
1189 2558 1221 2582 et
1238 2552 1331 2582 malas
1347 2558 1426 2582 artes
1442 2551 1652 2582 effunduntur.
1698 2550 1756 2582 Vi-

237 2598 290 2627 33.
336 2595 460 2625 Hastam
483 2595 592 2635 illam]
650 2594 800 2634 Intelligit
830 2594 949 2624 hastam
993 2595 1085 2625 detur
1099 2601 1202 2625 autem
1216 2595 1269 2625 illa
1285 2595 1387 2625 Naevii
1403 2595 1503 2636 poe'tae
1519 2593 1683 2624 sententia.

193 2639 326 2679 positam
341 2639 359 2669 εὶ
375 2639 506 2674 Caesare,
530 2639 586 2668 sub
610 2637 671 2678 qua
687 2637 949 2678 Pompeianorum
1037 2640 1088 2668 47.
1113 2638 1233 2668 Pondus
1248 2639 1373 2679 argenti.
1377 2638 1391 2678 ]
1437 2636 1611 2679 Argentum
1627 2641 1754 2679 usurpat

193 2682 276 2713 bona
293 2681 519 2712 vendebantur.
993 2691 1050 2721 pro
1065 2681 1145 2711 vasis
1160 2682 1323 2721 argenteis.

234 2727 287 2755 34.
333 2725 403 2755 Alia
423 2725 519 2754 omnia
532 2723 699 2762 auderent]
745 2722 784 2753 Id
812 2728 869 2759 est,
892 2723 947 2764 qui
1031 2726 1085 2754 50.
1133 2724 1203 2759 Quae
1217 2723 1403 2764 Charybdis]
1449 2722 1636 2765 Hyperbole
1660 2729 1749 2762 egre-

191 2768 342 2798 auderent
357 2778 458 2799 emere
473 2768 609 2797 omnium
624 2766 753 2796 aliorum
778 2767 868 2804 bona,
892 2777 945 2797 ex-
988 2767 1051 2808 gia.
1083 2766 1259 2808 Charybdis
1274 2772 1377 2797 autem
1393 2777 1505 2807 vorago
1519 2765 1662 2807 quaedam
1673 2764 1745 2803 fuit,

187 2812 287 2851 ceptis
302 2811 398 2841 solius
410 2810 553 2851 Pompeii
567 2809 664 2840 bonis.
988 2821 1043 2840 seu
1058 2809 1160 2851 potius
1176 2820 1258 2840 mare
1273 2810 1440 2841 vorticibus
1454 2810 1516 2840 suis
1540 2809 1667 2846 infame,
1689 2811 1749 2839 'na-

233 2853 284 2888 Ib.
333 2853 640 2896 Unasinvencusest]
686 2852 776 2886 Solus
788 2851 944 2886 Antonius
986 2865 1039 2886 ves
1064 2855 1284 2896 submergens:
1316 2858 1349 2888 at
1374 2853 1478 2896 poetae.
1503 2850 1673 2886 monstruni
1694 2851 1749 2894 'suf
