1858 3095
733 172 824 205 PRO
851 172 1043 206 MILONE.

100 266 254 296 munus
289 257 419 309 atque
459 249 788 292 instrumentum
827 250 1067 292 tribunatus
1110 250 1164 291 ad
1204 250 1404 309 aliquem,
1437 251 1473 292 si
1513 257 1666 294 nactus

102 325 234 362 esses,
262 310 335 367 qui
366 316 441 350 tuo
468 307 642 349 arbitrio
678 307 941 348 tribunatum
978 315 1155 363 gereret,
1191 308 1353 350 deferre
1386 323 1551 365 posses.
1611 309 1671 350 Et

106 367 304 424 adspexit
339 380 406 407 me
436 364 611 422 quidem
643 365 727 406 illis
757 364 908 415 oculis,
933 365 1089 421 quibus
1123 372 1213 406 tum
1248 367 1429 416 solebat,
1451 364 1548 406 cum
1582 380 1671 407 om-
1687 367 1743 406 25

105 425 232 466 nibus
281 422 426 464 onmia
485 421 756 472 minabatur;
803 429 946 463 movet
996 425 1062 463 ine
1113 421 1273 478 quipp&¹
1333 424 1476 464 lumen
1528 422 1671 464 curiae.

108 480 255 528 Quid?
287 486 332 520 tu
371 493 439 520 me
476 478 644 529 iratum,
686 479 829 527 Sexte,
870 485 994 534 putas
1035 478 1127 528 tibi,
1168 479 1290 534 cujus
1331 486 1375 520 tu
1428 478 1674 520 inimicissi-

106 551 223 578 mum
254 537 388 578 multo
417 535 632 577 crudelius
661 535 791 576 etiam
826 535 1000 598 punitus
1032 550 1092 586 es,
1114 534 1246 591 quirin
1276 542 1365 576 erat
1394 535 1673 576 humanitatis

106 608 211 635 meoe
240 592 489 650 postulare?
547 592 611 633 Tu
645 592 691 633 P.
716 592 858 633 Clod1i
881 599 1103 633 cruentum
1126 591 1307 632 cadaver
1328 591 1495 647 ejecisti
1517 592 1672 633 domo:

110 657 158 692 tu
189 649 232 690 in
263 649 481 706 publicum
514 648 735 705 abjecisti:
770 655 832 699 tu,
866 649 1093 704 spoliatum
1130 647 1405 702 imaginibus,
1443 649 1674 704 exsequiis,
1693 647 1749 689 30

111 706 282 764 pompa,
305 706 567 756 laudatione,
598 704 901 746 infelicissimis
934 704 1062 759 lignis
1083 704 1469 754 “semiustulatum,
1506 712 1677 746 noctur-

110 763 175 805 nis
211 763 391 805 canibus
427 761 722 804 dilaniandum
754 760 988 816 reliquisti3
1025 775 1153 816 quam
1192 775 1280 801 rem
1318 761 1398 802 etsi
1433 761 1677 803 necessario

112 820 268 871 fecisti,
299 827 456 868 tamen,
482 818 685 874 quoniam
718 816 761 857 iu
796 832 891 859 meo
926 817 1101 859 inimico
1134 817 1433 859 crudelitatem
1461 824 1678 874 eexprom-

115 875 238 934 psisti
285 882 417 926 tuam,
459 874 633 917 laudare
682 888 770 916 non
820 889 1006 931 possum,
1049 874 1176 916 irasci
1225 873 1340 916 certe
1390 890 1477 918 non
1526 875 1678 919 debeo.

422 1056 710 1099 dsemiustzmz.

160 1311 213 1341 23.
236 1308 497 1351 Iriserumentum]
554 1308 798 1340 Instrumentum
827 1308 879 1339 hic

119 1353 248 1384 sumitur
262 1362 318 1394 pro
332 1351 370 1382 iis
387 1362 464 1393 quas
481 1352 594 1383 Cicero
610 1352 715 1383 literas
739 1352 881 1394 publicas

122 1395 283 1437 appellat:
308 1395 367 1426 hoc
383 1396 538 1437 est‚quod
555 1395 605 1426 vel
627 1395 646 1425 ὀ,
669 1395 801 1436 persona
824 1406 884 1436 pu-

123 1438 218 1475 blica,
244 1437 341 1469 veluti
365 1438 466 1469 scriba
488 1438 697 1480 magistratus,
713 1439 763 1470 vel
787 1437 885 1470 tabel-

123 1482 218 1518 lione,
233 1480 382 1522 scriptum
398 1487 457 1512 est.

169 1526 223 1556 25.
248 1524 385 1555 Omnibus
409 1526 507 1555 omnia
532 1523 728 1565 minabatur]
774 1525 886 1555 Sextus

125 1566 180 1598 ille
198 1567 330 1598 Clodius
346 1566 446 1598 scriba
462 1567 522 1598 fuit
536 1568 615 1598 Pub.
630 1567 735 1598 Clodii
753 1567 812 1608 (de
825 1578 886 1609 quo

125 1610 159 1641 in
177 1609 330 1640 Oratione
352 1619 408 1650 pro
423 1610 528 1640 Domo
544 1610 629 1652 suit),
646 1610 713 1651 qui,
730 1621 790 1652 quo
805 1621 887 1641 anno

128 1653 262 1684 Publius
290 1653 386 1693 gessit
420 1653 624 1691 tribunatum,
655 1654 890 1694 potentissimus

129 1696 203 1732 fuit,
217 1701 250 1727 et
264 1696 332 1735 ejus
346 1696 457 1726 furoris
468 1696 660 1729 administer.

173 1739 226 1771 26.
260 1738 357 1770 Movet
369 1749 413 1769 me
425 1741 528 1780 quippe
542 1740 639 1770 lumen
659 1740 774 1780 carita]
835 1739 892 1771 Jo-

129 1787 217 1813 catur
241 1781 292 1812 hle
316 1782 462 1822 ambigue
489 1782 623 1814 Cicero:
658 1783 780 1814 videtur
806 1783 890 1814 enirn

129 1825 270 1856 indicare
293 1824 473 1856 incendium
500 1826 604 1862 curiae,
627 1830 659 1856 ct
685 1836 739 1866 per
762 1827 891 1857 ironiam

134 1868 260 1900 Sextum
276 1867 422 1899 Clodium
434 1874 608 1899 senatorem
625 1869 858 1911 amplissimum.

175 1914 228 1942 27.
253 1910 354 1946 Quid?
376 1916 411 1940 tu.
434 1922 478 1942 me
503 1913 614 1942 iratum
626 1912 652 1953 .⁷]
709 1912 893 1953 Digreditur

133 1954 152 1984 z}
174 1953 322 1985 continui
344 1954 482 1985 oratione
514 1957 554 1985 ad
588 1956 683 1985 Sextu
715 1955 802 1986 illum
818 1955 894 1986 Clo·

133 1996 242 2027 dium:
266 1997 317 2027 cui
341 1996 453 2026 iratum
478 2008 542 2028 non
569 2009 638 2030 esse
664 2008 698 2028 se
722 1999 896 2039 profitetur,

134 2038 207 2070 eum
245 2038 337 2080 longe
367 2039 487 2079 gravius
519 2041 650 2071 saevierit
686 2041 718 2070 in
749 2041 894 2071 Clodium

136 2082 269 2113 amicum
282 2088 315 2112 et
326 2083 590 2123 consanguineum
605 2093 705 2122 suum,
719 2083 813 2124 quam
829 2083 896 2125 ipse

137 2125 251 2157 Cicero
266 2125 298 2154 in
314 2125 432 2154 hostem
448 2136 541 2167 agere
552 2125 710 2157 voluisset.

179 2170 234 2200 28.
260 2167 390 2198 Punicus
404 2168 457 2208 esu]
486 2168 528 2199 Ut
544 2170 675 2208 impertio
691 2173 723 2199 et
736 2169 897 2208 impertior,

135 2212 179 2243 ita
192 2211 284 2251 punio
297 2217 329 2240 et
344 2212 455 2250 punior
466 2210 497 2241 iu
510 2211 621 2242 eadem
635 2211 863 2252 significatione
880 2212 898 2242 εἶ

138 2254 292 2286 Cicerone
304 2253 390 2284 dicta
404 2259 484 2285 sunt.

182 2299 234 2328 29.
261 2299 424 2329 mentum
437 2296 586 2337 cadaver]
636 2297 773 2339 Exponit
785 2298 898 2339 sigilla-

140 2340 197 2371 tim
210 2339 285 2381 quid
300 2339 318 2369 a
332 2338 427 2370 Sexto
442 2340 555 2371 Clodio
571 2344 674 2371 actum
687 2347 733 2371 est
747 2342 777 2371 in
796 2341 898 2371 Publii

139 2383 286 2418 cadaver,
300 2383 385 2424 quod
401 2382 472 2413 cum
487 2389 648 2415 cruentum
661 2390 743 2415 esset
755 2384 773 2414 εἴ
784 2384 899 2414 recenti
928 2383 932 2386 ”

140 2426 294 2462 caede,ne
319 2425 448 2466 quidem
471 2427 547 2457 illud
570 2427 739 2457 lavandum
762 2427 897 2464 curavit3

142 2469 235 2501 moris
248 2468 330 2499 enini
343 2468 403 2499 fuit
416 2470 501 2510 apud
518 2470 587 2500 illos
597 2475 729 2506 veteres,
740 2476 775 2500 ut
792 2469 901 2500 mortui

143 2512 333 2547 lavarentur,
348 2517 381 2542 et
396 2519 606 2553 ungerentur-3
631 2513 715 2543 unde
729 2513 858 2545 Ennius.

189 2554 343 2596 Tarquinii
355 2565 456 2594 corpus
470 2555 666 2597 bonasemina
681 2557 752 2586 lavit
766 2562 794 2587 et
808 2557 904 2586 unxit.

188 2597 238 2628 Ib.
263 2596 499 2640 Ejocislidom0]
524 2599 560 2629 In
574 2599 678 2629 odium
691 2599 775 2629 Sexti
788 2599 906 2634 Clodii,

147 2641 203 2679 ait,
225 2641 349 2680 ejoeu'sti:
372 2640 446 2681 quia
464 2642 521 2673 viri
542 2642 812 2682 consanguinitate
835 2653 906 2683 pro-

147 2682 326 2726 pinquior-:s
352 2682 495 2716 solebant
517 2685 613 2715 multo
637 2685 752 2716 honore
774 2685 903 2722 effera-3

147 2727 242 2768 ejecit
266 2731 368 2756 autem
394 2725 519 2765 Sextus,
540 2728 630 2770 quasi
653 2738 692 2758 ea
714 2738 784 2770 quae
807 2728 908 2758 invisa

152 2774 234 2801 sunt.

191 2815 246 2846 30.
267 2813 303 2845 In
317 2815 466 2854 publicum
479 2812 632 2855 abiecistid
677 2813 831 2847 Asconius
848 2812 909 2845 Pe.

1113 1063 1127 1080 ⁶
1140 1058 1288 1099 ostend
1292 1060 1362 1099 isti
1367 1088 1377 1099 .

924 1307 1034 1338 dianus
1051 1307 1167 1346 scribit,
1179 1308 1287 1349 vulgus
1301 1308 1486 1350 imperitum,
1501 1319 1613 1351 corpus
1628 1320 1686 1342 nu-

925 1352 1012 1387 dum,
1026 1351 1260 1388 discalceatum,
1276 1351 1356 1382 sicut
1378 1351 1408 1382 in
1425 1352 1540 1383 lectulo
1551 1358 1616 1384 erat
1630 1365 1688 1395 po-

926 1395 1031 1430 situm,
1055 1400 1089 1425 ut
1104 1395 1232 1426 vulnera
1254 1395 1355 1425 videri
1379 1400 1520 1436 possent,
1541 1396 1571 1427 in
1587 1397 1688 1428 forum

928 1437 1090 1473 detulisse,
1102 1443 1135 1468 et
1150 1438 1182 1468 in
1198 1438 1321 1468 Rostris
1336 1438 1489 1478 posuisse.

972 1481 1022 1511 lb.
1045 1481 1208 1520 spoliatum
1233 1481 1438 1522 imaginibus]
1484 1481 1616 1518 Plinius,
1637 1482 1692 1514 lib.

931 1524 985 1560 35,
1006 1534 1076 1564 cap.
1102 1527 1133 1555 2.
1159 1524 1265 1562 refert,
1288 1524 1366 1554 atria
1390 1524 1540 1554 nobilium
1557 1525 1691 1556 virorum

931 1567 1026 1607 plena
1034 1567 1128 1597 fuisse
1139 1567 1459 1607 ceratisimaginibus:
1477 1573 1520 1603 et,
1529 1567 1691 1609 siquando

931 1610 1131 1650 sepelIendus
1145 1616 1227 1640 esset
1239 1610 1351 1651 aliquis
1367 1609 1384 1640 ὲ
1400 1610 1530 1645 familia,
1543 1617 1608 1641 tum
1621 1611 1693 1642 ferri

933 1663 1042 1683 ornnes
1065 1663 1117 1683 eas
1143 1652 1294 1694 imagines
1317 1663 1422 1683 eorum
1443 1653 1497 1694 qui
1520 1653 1551 1683 in
1575 1654 1694 1685 familia

934 1696 1084 1727 vixerant.

978 1738 1026 1770 lb.
1051 1738 1225 1779 Exsequiis]
1251 1738 1384 1775 Servius,
1396 1739 1427 1768 in
1444 1738 1498 1770 lib.
1513 1742 1543 1771 2.
1560 1740 1696 1773 AEne'id.

935 1781 979 1812 sic
1009 1782 1133 1812 scribit:
1168 1781 1281 1818 Funus,
1318 1783 1424 1812 ardens
1458 1783 1601 1814 cadaver.-
1625 1784 1695 1813 dum

933 1826 1119 1865 portabatur,
1135 1826 1294 1865 exsequias3
1317 1825 1382 1855 cam
1403 1831 1562 1856 crematum
1584 1832 1635 1862 est,
1651 1837 1696 1856 re-

937 1869 1041 1908 liquias
1065 1873 1092 1898 et
1117 1868 1228 1899 bustum
1240 1879 1252 1906 ‚·
1273 1867 1338 1898 crim
1361 1869 1508 1899 conditum
1530 1876 1581 1908 est,
1602 1870 1697 1909 sepul-

936 1922 1019 1942 crum
1033 1912 1102 1941 dici.

980 1957 1034 1985 31.
1059 1953 1269 1994 Laudatione]
1307 1953 1354 1984 Ex
1369 1954 1466 1985 nobili
1483 1960 1513 1985 et
1528 1954 1636 1985 illustri
1651 1955 1699 1984 sa-

939 1996 1024 2027 milita
1045 1997 1070 2027 si
1094 1997 1162 2038 quis
1186 1997 1353 2027 excederet
1375 1997 1392 2028 ἐ
1408 1998 1486 2034 vita,
1501 2003 1566 2028 tum
1586 1998 1698 2038 aliquis

939 2040 956 2070 ὲ
970 2040 1153 2080 propinquis
1167 2040 1390 2076 assumebatur,
1401 2041 1454 2082 qui
1466 2046 1618 2070 mortuum
1632 2040 1698 2070 lau·

939 2083 1046 2113 duret:
1071 2083 1143 2112 hinc
1154 2083 1308 2113 orationes
1318 2082 1462 2114 funebres
1477 2083 1614 2113 habendi
1626 2093 1700 2113 cou-

939 2125 1072 2156 suetudo
1087 2125 1229 2155 defluxit.

985 2167 1034 2198 Ib.
1056 2166 1264 2208 Infelicissimis
1288 2167 1400 2209 lignis]
1456 2168 1616 2199 Pedianus
1646 2169 1701 2206 ait,

941 2210 1039 2251 quod,
1052 2210 1132 2241 Sext.)
1147 2211 1246 2240 Clodio
1260 2211 1342 2247 duce,
1356 2211 1480 2252 populus
1497 2222 1599 2252 corpus
1622 2211 1700 2244 Pub.

944 2253 1039 2284 Clodii
1053 2255 1085 2283 in
1099 2255 1213 2284 curiam
1228 2254 1341 2289 intulit,
1356 2256 1544 2294 cremavicque
1553 2256 1703 2292 subselliis,

941 2302 969 2326 et
991 2297 1194 2331 tribunalibus,
1217 2302 1245 2327 et
1266 2298 1378 2333 mensis,
1401 2303 1428 2327 et
1450 2299 1591 2328 codicibus
1612 2299 1702 2329 libra-

943 2341 1074 2370 riorum.-
1096 2351 1149 2380 quo
1169 2341 1237 2380 igne
1261 2346 1287 2369 et
1312 2341 1375 2380 ipsa
1400 2342 1654 2383 curiaflagravit,
1677 2348 1704 2372 et

941 2385 1010 2414 item
1033 2382 1139 2413 Porcia
1161 2383 1290 2419 basilica,
1308 2393 1369 2423 quae
1389 2389 1452 2413 erat
1471 2385 1495 2414 ei
1500 2385 1621 2423 juncta,
1641 2396 1703 2414 am-

943 2426 1026 2456 busta
1040 2432 1090 2456 est.
1123 2425 1342 2456 Infelicissima
1355 2431 1458 2456 autem
1472 2427 1538 2458 haec
1550 2427 1633 2468 ligna
1647 2438 1704 2469 ap-

944 2469 1052 2510 pellat,
1069 2468 1152 2510 quud
1169 2468 1200 2498 in
1215 2469 1372 2500 funeribus
1393 2469 1555 2501 illustrium
1571 2471 1704 2501 virorum

944 2510 1036 2552 vulgo
1052 2522 1185 2546 amomo,
1203 2512 1350 2547 balsamo,
1365 2512 1424 2543 &c-
1442 2518 1610 2544 uterentur.

989 2555 1038 2585 lb.
1063 2554 1222 2585 Nocturnis
1233 2556 1378 2596 canibus]
1425 2556 1526 2586 Canes
1549 2555 1706 2596 intelligit,

948 2598 1002 2639 qui
1015 2604 1108 2628 noctu
1122 2603 1285 2638 vagantur,
1301 2608 1404 2640 neque
1415 2605 1514 2629 certas
1526 2599 1635 2630 domos
1651 2600 1705 2629 ha-

950 2641 1037 2672 bent.

993 2686 1046 2714 39.
1071 2683 1167 2718 Quam
1188 2694 1247 2714 rem
1269 2685 1321 2715 etsi
1343 2683 1525 2727 necessaria]
1570 2683 1706 2716 Coactus

951 2731 998 2758 cst
1013 2728 1124 2757 Sextus
1140 2727 1269 2758 Clodius
1285 2727 1386 2757 statim
1404 2726 1554 2768 effugere,
1568 2732 1601 2758 et
1615 2728 1707 2759 relin-

952 2780 1045 2811 quere
1060 2770 1237 2801 semiustum
1252 2769 1329 2799 illud
1345 2780 1468 2816 corpus,
1484 2775 1611 2813 propter
1627 2771 1709 2813 peri.

952 2813 1055 2846 culum
1070 2813 1204 2845 incensae
1218 2813 1323 2844 curia·-

1654 174 1739 216 319
