1790 3090
54 221 63 250 ,k
76 193 131 236 84
736 187 790 222 IN
813 186 1071 234 cAriimAM
1094 188 1125 221 1.-

150 267 405 312 consularis.
457 264 596 309 Simili
618 266 1036 320 senatus-consulto,
1053 266 1104 309 C.
1118 264 1257 315 Mario
1275 271 1319 308 et
1334 264 1381 308 L.
1395 263 1568 313 Valerio
1585 264 1712 310 Coss.

131 322 363 385 'permissa
393 332 460 366 est
491 323 685 379 Respub.
744 323 860 364 Num
893 339 1021 365 unum
1048 325 1162 366 diem
1191 323 1345 381 postea
1367 322 1413 364 L.
1437 322 1715 370 Saturninum

81 384 136 425 35
156 384 371 426 tribunum
385 380 539 438 plebis,
552 386 596 421 et
609 380 660 421 C.
672 379 896 422 Servilium
907 388 1147 437 praetorem,
1169 389 1184 413 g
1194 396 1306 423 mors
1321 395 1372 422 ac
1387 380 1573 436 Reipub.
1586 394 1716 435 poena

62 435 66 438 μ
135 440 366 484 Δινεῐῐιοιέιω
401 437 491 479 est?
522 438 583 477 At
616 450 695 478 nos
729 437 983 493 vigesimum
1008 440 1099 495 jam
1129 438 1242 479 diem
1273 438 1458 493 patimur
1487 437 1716 478 hebescere

155 498 294 540 aciem
313 497 465 536 horum
485 492 776 544 auctoritatis3
805 493 1012 536 habemus
1029 495 1142 535 enim
1156 494 1404 550 hujusmodi
1419 492 1718 544 senatus-con-

157 556 330 604 sultum,
351 557 643 593 verumtamen
674 550 889 591 inclusum
918 550 964 590 in
993 551 1170 602 tabulis,
1200 557 1421 607 tamquam
1451 550 1642 607 gladium
1672 549 1718 591 in

156 608 311 666 vagina
323 608 613 659 reconditum3
636 621 721 662 quo
734 621 787 648 ex
800 606 1192 649 senatus-consulto
1208 608 1437 650 confestim
1449 607 1719 653 interfectum

82 668 138 708 40
157 674 200 708 te
221 681 332 719 esse,
355 665 558 716 Catilina,
581 663 797 705 convenit.
856 662 1001 717 Vivis3
1033 671 1076 706 et
1087 664 1210 716 vivis,
1227 678 1314 706 non
1326 665 1381 706 ad
1402 664 1718 722 deponendam,

157 724 235 766 sed
257 724 311 764 ad
332 722 683 769 confirmandam,
705 720 946 773 audaciam.

215 780 276 822 II.
308 779 465 836 Cupio,
488 779 539 820 P.
562 778 613 819 C.
649 792 716 819 me
758 792 852 820 esse
893 778 1168 821 clementem:
1201 777 1346 834 cupio,
1381 777 1427 818 in
1465 777 1597 820 tantis
1637 776 1721 819 rei-

156 837 341 894 publicae
355 835 569 892 periculis,
588 849 675 876 non
705 834 988 890 adissolutum
999 835 1153 886 videri:
1176 836 1254 878 sed
1261 836 1354 891 jam
1369 849 1438 876 me
1453 833 1596 891 ipsum
1612 833 1720 876 iner-

156 894 230 935 tiae
251 893 542 950 nequitiaeque
573 892 830 948 condemno.
892 892 1045 935 Castra
1072 893 1236 942 suntin
1260 891 1387 938 Italia
1419 898 1570 944 contra
1589 890 1722 935 Rem·

156 951 276 1007 publ.
309 951 354 991 in
384 949 566 991 Etruriae
594 949 820 991 bfaucibus
859 950 1096 992 collocata:
1139 948 1296 992 crescit
1323 948 1369 991 in
1401 949 1493 992 dies
1525 948 1721 1006 singulos

112 1007 348 1048 5hostium
388 1021 614 1047 numerus:
659 1021 807 1047 eorum
842 1013 986 1049 autem
1025 1007 1324 1064 imperatorem
1359 1012 1609 1057 castrorum,
1644 1005 1721 1047 du-

157 1078 337 1122 cemque
367 1063 574 1114 hostium,
604 1062 718 1104 intra
745 1063 921 1115 moenia,
941 1070 1072 1120 atque
1102 1064 1210 1111 adeo
1240 1064 1286 1104 in
1308 1069 1482 1112 senatu,
1507 1063 1721 1114 videmus,

155 1121 408 1162 intestinam
434 1117 624 1175 aliquam
655 1120 851 1175 quotidie
881 1120 1116 1176 perniciem
1147 1120 1395 1175 reipublicae
1425 1118 1721 1160 cmolientem.

158 1177 205 1218 Si
237 1184 278 1218 te
316 1178 423 1233 jam,
461 1175 664 1226 Catilina,
705 1177 1027 1232 comprehendi,
1058 1177 1095 1217 si
1136 1175 1319 1218 interfici
1356 1176 1542 1232 jussero,
1575 1175 1721 1227 credo,

158 1233 236 1275 erit
273 1233 507 1275 verendum
548 1232 667 1281 mihi,
698 1247 751 1273 ne
782 1247 870 1274 non
900 1233 985 1274 hoc
1014 1233 1159 1290 potius
1202 1247 1351 1274 omnes
1386 1232 1495 1274 'boni
1526 1231 1660 1278 serius
1692 1231 1720 1273 a

86 1290 139 1331 10
158 1305 240 1342 me,
277 1289 411 1347 quam
450 1288 682 1345 quisquam
727 1289 956 1338 crudelius,
997 1289 1160 1332 factum
1201 1305 1296 1331 esse
1340 1288 1501 1331 dicant.
1559 1288 1721 1330 Verum

158 1362 238 1404 ego
261 1346 360 1398 hoc,
382 1347 497 1402 quod
524 1345 785 1402 jampridem
815 1347 979 1388 factum
1010 1362 1105 1389 esse
1137 1346 1341 1403 oportuit,
1363 1345 1482 1388 certa
1511 1347 1565 1387 de
1586 1346 1721 1388 causa

156 1404 350 1445 nondum
391 1403 583 1444 adducor
622 1410 672 1444 ut
715 1402 897 1454 faciam3
943 1410 1037 1445 tum
1078 1404 1263 1460 denique
1304 1403 1578 1454 interficiere,
1621 1402 1719 1444 eum

149 1462 243 1517 jam
277 1475 403 1502 nemo
443 1466 533 1500 tam
571 1460 807 1516 improbus,
845 1467 935 1501 tam
973 1460 1179 1517 perditus,
1209 1466 1299 1502 tam
1327 1460 1390 1501 tui
1420 1459 1574 1502 similis
1604 1459 1720 1501 inve-

156 1518 237 1558 niri
268 1517 439 1574 poterit,
470 1515 545 1579 qui
575 1516 621 1557 id
650 1531 738 1558 non
772 1518 869 1573 jure
915 1517 1077 1559 factum
1122 1532 1217 1559 esse
1251 1517 1444 1559 fateatur.
1504 1516 1720 1568 Quamdiu

87 1574 138 1616 15
157 1574 388 1631 quisquam
430 1580 524 1624 erit,
556 1572 631 1628 qui
673 1581 715 1614 te
763 1574 994 1616 defendere
1039 1574 1210 1626 audeat,
1240 1573 1378 1616 vives:
1420 1578 1466 1616 et
1492 1571 1626 1624 vives,
1658 1573 1721 1615 ita

155 1638 204 1673 ut
244 1645 358 1672 nunc
399 1629 523 1682 vivis,
554 1629 702 1672 multis
746 1630 854 1673 meis
897 1638 941 1673 et
980 1630 1115 1674 firmis
1161 1630 1372 1688 praesidiis
1417 1630 1637 1683 obsessus,
1665 1645 1720 1672 ne

153 1779 170 1804 g
183 1773 397 1827 numquid
407 1785 497 1814 mm
511 1773 728 1828 inteofeeti
743 1779 850 1816 sunt
864 1775 1005 1817 eodem
1016 1776 1084 1818 die
1096 1777 1117 1818 ,9
1175 1781 1191 1799 ³
1203 1777 1498 1830 negligentem.
1558 1773 1719 1816 hadita.

783 1837 797 1854 ⁰
804 1838 1051 1886 parantem.

139 1969 188 1995 ‘et
210 1961 367 2003 particeps
382 1959 542 1992 seditionis
560 1971 631 1992 cum
653 1960 732 1991 Caio
748 1960 891 1993 Graccho
904 1972 913 1999 ;
1001 1965 1032 1994 3.
1081 1963 1183 1995 Castra
1215 1964 1315 2005 surm]
1380 1963 1418 1994 C.
1441 1963 1581 1995 Manlius
1621 1963 1719 1996 habe-

154 2006 260 2049 quare‚
275 2003 399 2035 senatus
414 2004 580 2041 sententia,
602 2005 640 2034 ab
657 2004 830 2045 Opimianis
844 2016 914 2036 curn
957 2007 1012 2037 bat
1037 2011 1101 2036 tum
1126 2008 1292 2038 exercitum
1317 2006 1446 2038 Faesulis
1466 2017 1564 2048 prope
1591 2006 1719 2038 Floren-

155 2050 276 2080 duobus
294 2048 364 2078 filiis
388 2058 483 2078 caesus
500 2053 564 2084 est3
585 2046 650 2088 ejus
674 2048 784 2078 domus
809 2059 915 2078 eversa
959 2050 1045 2086 tiam,
1072 2061 1166 2091 quem
1192 2050 1362 2091 collegerat
1384 2060 1421 2080 ex
1442 2050 1594 2081 veteranis
1620 2049 1717 2092 Syllae

155 2098 187 2124 et
213 2091 374 2133 publicata
397 2096 455 2126 est,
481 2091 514 2120 in
542 2090 605 2131 qua
625 2090 775 2131 porticum
805 2091 916 2132 postea
959 2092 1122 2129 militibus,
1145 2094 1177 2123 in
1208 2094 1296 2134 cujus
1319 2093 1425 2124 castris
1447 2092 1499 2123 ille
1522 2093 1717 2124 militaverat.

157 2135 286 2167 Catulus
302 2133 460 2164 exstruxit.
1002 2136 1034 2167 5.
1061 2135 1170 2168 Eorum
1186 2136 1411 2177 imperatorem]
1458 2136 1595 2167 Catilina
1617 2136 1717 2177 impe-

198 2181 250 2209 33.
275 2177 373 2207 Mario
395 2182 421 2206 et
445 2175 585 2216 Valeria]
633 2175 793 2206 Servilium
818 2175 915 2207 Glau-
958 2183 1041 2209 rator
1063 2185 1128 2210 erat
1154 2179 1236 2210 illius
1269 2178 1432 2218 exercitiis,
1460 2179 1546 2220 cujus
1575 2179 1715 2211 Manlius

141 2222 233 2252 ciam
249 2225 280 2251 et
296 2219 504 2254 Saturninum,
521 2218 557 2249 C.
572 2219 692 2249 Marius
705 2218 824 2250 sextum
840 2230 915 2250 con·
959 2227 1072 2263 praetor
1086 2222 1145 2253 fuit
1160 2223 1190 2252 in
1209 2223 1328 2253 castris.

155 2265 200 2294 sul
225 2265 257 2294 in
279 2262 373 2294 Curia
396 2261 533 2292 Hostilia
556 2262 719 2293 interfecit.
766 2262 849 2293 Vide
865 2263 913 2293 su·
1002 2267 1033 2298 8.
1061 2265 1161 2306 Credo,
1177 2267 1261 2308 erit]
1307 2266 1411 2296 Itonia
1423 2269 1526 2302 est,et
1539 2264 1623 2307 saepe
1638 2264 1716 2296 illud

156 2307 218 2338 >ius
235 2308 266 2337 in
284 2306 433 2336 Oratione
449 2316 504 2345 pro
519 2304 601 2335 Rab.
615 2305 756 2346 perduel.
771 2316 835 2337 reo.
958 2310 1086 2339 verbum
1101 2315 1264 2350 usurpatur
1280 2309 1298 2340 ἒ,
1313 2309 1478 2340 Cicerone.

198 2353 251 2381 36.
280 2349 453 2390 Vigesimum
468 2350 536 2387 jam
562 2349 662 2389 diem]
709 2349 916 2390 Conqueritur
1004 2354 1033 2384 9.
1058 2352 1160 2383 Omnes
1172 2353 1264 2393 boma]
1310 2352 1372 2383 Per
1386 2354 1483 2383 bonos
1494 2351 1649 2392 designat,
1661 2351 1714 2392 qui

156 2393 278 2428 Cicero,
294 2391 378 2433 quod
402 2390 446 2420 illi
469 2391 581 2421 eodem
603 2392 672 2431 ipso
689 2392 740 2422 die
761 2393 916 2423 interfecti
960 2394 1066 2425 salutis
1104 2396 1245 2437 Reipub.
1281 2395 1411 2426 studiosi
1451 2399 1532 2427 sunt.
1600 2394 1714 2436 Itaque

156 2442 237 2472 sunt,
252 2446 314 2476 quo
338 2433 652 2465 senatus-consultum
680 2435 786 2465 datum
811 2440 868 2471 est,
884 2441 916 2466 et
958 2438 1051 2468 totius
1085 2438 1168 2469 illius
1200 2439 1362 2470 sententiae
1392 2449 1498 2470 sensus
1527 2441 1585 2477 est,
1614 2438 1658 2473 Si,
1683 2443 1713 2468 te

150 2477 371 2520 jamaviginti
386 2477 496 2506 diebus
512 2476 611 2507 simile
627 2482 733 2508 contra
750 2478 915 2509 Catilinam
957 2479 1089 2512 interfici
1114 2482 1250 2522 jussero,
1285 2493 1376 2513 nemo
1413 2482 1563 2512 bonorum
1599 2480 1714 2511 civium

156 2523 264 2552 datum
284 2525 341 2556 est,
357 2530 461 2561 neque
485 2525 590 2550 tamen
616 2526 724 2551 contra
748 2521 914 2552 Catilinam
958 2533 1007 2553 me
1031 2524 1063 2554 id
1087 2524 1240 2555 crudelius
1262 2525 1373 2556 fecisse
1396 2525 1497 2563 dicet3
1528 2524 1582 2562 sed
1608 2523 1713 2565 potius

155 2565 201 2595 usi
217 2568 297 2594 sunt.
959 2577 1066 2598 omnes
1100 2568 1218 2605 dicent,
1252 2567 1337 2609 prius
1371 2578 1420 2599 me
1450 2568 1483 2598 id
1517 2567 1621 2599 faeere
1656 2568 1713 2599 de-

197 2607 247 2637 Ib.
304 2605 479 2645 Hebescere]
522 2605 712 2646 Metaphora
749 2605 768 2636 a
804 2607 914 2648 gladiis
956 2609 1070 2640 buisse.

155 2656 290 2690 sumpta,
337 2658 466 2689 quorum
505 2653 539 2677 ut
574 2649 656 2679 acies
695 2650 845 2686 hebescit,
882 2656 914 2681 et
1000 2655 1052 2684 16.
1076 2653 1377 2695 Proesidiisobsessus.]
1420 2653 1459 2684 Id
1472 2653 1715 2690 est,circumda-

153 2694 327 2733 rubiginem
373 2690 535 2727 contrahit,
572 2692 597 2721 si
640 2692 755 2723 diutius
805 2705 913 2724 recon-
956 2700 1022 2734 tus3
1056 2697 1193 2727 habebat
1218 2697 1300 2728 enim
1326 2698 1437 2730 Cicero
1454 2697 1560 2733 multa,
1583 2695 1653 2727 cum
1676 2708 1714 2728 ex

155 2738 278 2772 dantur,
314 2735 358 2765 ita
394 2734 456 2764 vim
501 2734 622 2764 amittet
658 2735 735 2766 illud
773 2736 912 2768 senatus·
956 2738 1056 2770 Italiae
1073 2739 1260 2781 municipiis,
1282 2746 1345 2772 tum
1368 2752 1404 2771 ex
1429 2741 1527 2777 Urbe,
1543 2740 1714 2771 firmissima

154 2780 341 2814 consultum,
378 2778 438 2809 nisi
472 2777 576 2808 statim
613 2782 721 2810 contra
745 2780 911 2813 Catilinam
956 2783 1112 2822 praesidia,
1130 2783 1201 2824 quia
1216 2783 1248 2813 in
1265 2784 1304 2814 ea
1328 2789 1417 2818 erant
1436 2789 1544 2821 contra
1567 2783 1711 2819 Catilinae

154 2827 319 2854 exseratur.
874 2828 877 2829 ’
955 2825 1090 2867 impetus
1107 2826 1269 2859 collocata.
